,Time,Price,Volume_per_trade,Volume
0,2021-10-22 07:45:01,45550.0,300.0,2578300.0
1,2021-10-22 07:45:01,45550.0,200.0,2578000.0
2,2021-10-22 07:45:01,45550.0,100.0,2577800.0
3,2021-10-22 07:45:01,45550.0,100.0,2577700.0
4,2021-10-22 07:45:01,45550.0,4200.0,2577600.0
5,2021-10-22 07:45:01,45550.0,100.0,2573400.0
6,2021-10-22 07:45:01,45550.0,200.0,2573300.0
7,2021-10-22 07:45:01,45550.0,500.0,2573100.0
8,2021-10-22 07:45:01,45550.0,100.0,2572600.0
9,2021-10-22 07:45:01,45550.0,300.0,2572500.0
10,2021-10-22 07:45:01,45550.0,400.0,2572200.0
11,2021-10-22 07:45:01,45550.0,1000.0,2571800.0
12,2021-10-22 07:45:01,45550.0,9500.0,2570800.0
13,2021-10-22 07:45:01,45550.0,10000.0,2561300.0
14,2021-10-22 07:45:01,45550.0,7000.0,2551300.0
15,2021-10-22 07:45:01,45550.0,200.0,2544300.0
16,2021-10-22 07:45:01,45550.0,3000.0,2544100.0
17,2021-10-22 07:45:01,45550.0,200.0,2541100.0
18,2021-10-22 07:45:01,45550.0,2000.0,2540900.0
19,2021-10-22 07:45:01,45550.0,2000.0,2538900.0
20,2021-10-22 07:45:01,45550.0,500.0,2536900.0
21,2021-10-22 07:45:01,45550.0,9500.0,2536400.0
22,2021-10-22 07:45:01,45550.0,500.0,2526900.0
23,2021-10-22 07:45:01,45550.0,2700.0,2526400.0
24,2021-10-22 07:45:01,45550.0,100.0,2523700.0
25,2021-10-22 07:45:01,45550.0,300.0,2523600.0
26,2021-10-22 07:45:01,45550.0,6900.0,2523300.0
27,2021-10-22 07:45:01,45550.0,3100.0,2516400.0
28,2021-10-22 07:45:01,45550.0,200.0,2513300.0
29,2021-10-22 07:45:01,45550.0,500.0,2513100.0
30,2021-10-22 07:45:01,45550.0,100.0,2512600.0
31,2021-10-22 07:45:01,45550.0,6100.0,2512500.0
32,2021-10-22 07:45:01,45550.0,1000.0,2506400.0
33,2021-10-22 07:45:01,45550.0,2000.0,2505400.0
34,2021-10-22 07:45:01,45550.0,100.0,2503400.0
35,2021-10-22 07:45:01,45550.0,100.0,2503300.0
36,2021-10-22 07:45:01,45550.0,600.0,2503200.0
37,2021-10-22 07:45:01,45550.0,400.0,2502600.0
38,2021-10-22 07:45:01,45550.0,700.0,2502200.0
39,2021-10-22 07:45:01,45550.0,200.0,2501500.0
40,2021-10-22 07:45:01,45550.0,500.0,2501300.0
41,2021-10-22 07:45:01,45550.0,500.0,2500800.0
42,2021-10-22 07:45:01,45550.0,300.0,2500300.0
43,2021-10-22 07:45:01,45550.0,100.0,2500000.0
44,2021-10-22 07:45:01,45550.0,1600.0,2499900.0
45,2021-10-22 07:45:01,45550.0,100.0,2498300.0
46,2021-10-22 07:45:01,45550.0,100.0,2498200.0
47,2021-10-22 07:45:01,45550.0,100.0,2498100.0
48,2021-10-22 07:45:01,45550.0,100.0,2498000.0
49,2021-10-22 07:45:01,45550.0,100.0,2497900.0
50,2021-10-22 07:45:01,45550.0,200.0,2497800.0
51,2021-10-22 07:45:01,45550.0,200.0,2497600.0
52,2021-10-22 07:45:01,45550.0,800.0,2497400.0
53,2021-10-22 07:45:01,45550.0,100.0,2496600.0
54,2021-10-22 07:45:01,45550.0,100.0,2496500.0
55,2021-10-22 07:45:01,45550.0,100.0,2496400.0
56,2021-10-22 07:45:01,45550.0,100.0,2496300.0
57,2021-10-22 07:45:01,45550.0,200.0,2496200.0
58,2021-10-22 07:45:01,45550.0,2000.0,2496000.0
59,2021-10-22 07:45:01,45550.0,1600.0,2494000.0
60,2021-10-22 07:45:01,45550.0,200.0,2492400.0
61,2021-10-22 07:45:01,45550.0,100.0,2492200.0
62,2021-10-22 07:45:01,45550.0,500.0,2492100.0
63,2021-10-22 07:45:01,45550.0,5000.0,2491600.0
64,2021-10-22 07:45:01,45550.0,200.0,2486600.0
65,2021-10-22 07:45:01,45550.0,5000.0,2486400.0
66,2021-10-22 07:45:01,45550.0,5000.0,2481400.0
67,2021-10-22 07:45:01,45550.0,100.0,2476400.0
68,2021-10-22 07:45:01,45550.0,300.0,2476300.0
69,2021-10-22 07:29:59,45500.0,100.0,2476000.0
70,2021-10-22 07:29:59,45500.0,100.0,2475900.0
71,2021-10-22 07:29:59,45500.0,1000.0,2475800.0
72,2021-10-22 07:29:39,45500.0,100.0,2474800.0
73,2021-10-22 07:29:39,45500.0,400.0,2474700.0
74,2021-10-22 07:29:33,45450.0,600.0,2474300.0
75,2021-10-22 07:29:31,45500.0,2000.0,2473700.0
76,2021-10-22 07:29:24,45500.0,100.0,2471700.0
77,2021-10-22 07:29:18,45450.0,1000.0,2471600.0
78,2021-10-22 07:29:08,45500.0,1000.0,2470600.0
79,2021-10-22 07:29:07,45500.0,6000.0,2469600.0
80,2021-10-22 07:29:05,45450.0,100.0,2463600.0
81,2021-10-22 07:28:48,45500.0,300.0,2463500.0
82,2021-10-22 07:28:30,45500.0,200.0,2463200.0
83,2021-10-22 07:28:30,45500.0,300.0,2463000.0
84,2021-10-22 07:28:19,45500.0,700.0,2462700.0
85,2021-10-22 07:28:19,45500.0,300.0,2462000.0
86,2021-10-22 07:28:19,45500.0,400.0,2461700.0
87,2021-10-22 07:28:19,45500.0,400.0,2461300.0
88,2021-10-22 07:28:16,45500.0,100.0,2460900.0
89,2021-10-22 07:28:14,45500.0,1000.0,2460800.0
90,2021-10-22 07:28:01,45500.0,2000.0,2459800.0
91,2021-10-22 07:28:01,45500.0,1000.0,2457800.0
92,2021-10-22 07:28:01,45500.0,1000.0,2456800.0
93,2021-10-22 07:28:01,45500.0,1000.0,2455800.0
94,2021-10-22 07:27:46,45500.0,200.0,2454800.0
95,2021-10-22 07:27:46,45500.0,2000.0,2454600.0
96,2021-10-22 07:27:46,45500.0,100.0,2452600.0
97,2021-10-22 07:27:46,45500.0,1000.0,2452500.0
98,2021-10-22 07:27:46,45500.0,500.0,2451500.0
99,2021-10-22 07:27:21,45500.0,100.0,2451000.0
100,2021-10-22 07:27:21,45500.0,100.0,2450900.0
101,2021-10-22 07:27:21,45500.0,600.0,2450800.0
102,2021-10-22 07:27:21,45500.0,500.0,2450200.0
103,2021-10-22 07:27:21,45500.0,100.0,2449700.0
104,2021-10-22 07:27:20,45500.0,100.0,2449600.0
105,2021-10-22 07:27:20,45500.0,400.0,2449500.0
106,2021-10-22 07:27:20,45500.0,200.0,2449100.0
107,2021-10-22 07:27:20,45500.0,1000.0,2448900.0
108,2021-10-22 07:27:20,45500.0,200.0,2447900.0
109,2021-10-22 07:27:20,45500.0,500.0,2447700.0
110,2021-10-22 07:27:20,45500.0,500.0,2447200.0
111,2021-10-22 07:27:20,45500.0,1000.0,2446700.0
112,2021-10-22 07:27:20,45500.0,2000.0,2445700.0
113,2021-10-22 07:27:20,45500.0,500.0,2443700.0
114,2021-10-22 07:27:20,45500.0,100.0,2443200.0
115,2021-10-22 07:26:56,45500.0,100.0,2443100.0
116,2021-10-22 07:26:29,45400.0,300.0,2443000.0
117,2021-10-22 07:26:18,45400.0,100.0,2442700.0
118,2021-10-22 07:26:18,45450.0,500.0,2442600.0
119,2021-10-22 07:26:18,45450.0,400.0,2442100.0
120,2021-10-22 07:26:12,45450.0,300.0,2441700.0
121,2021-10-22 07:26:12,45450.0,2000.0,2441400.0
122,2021-10-22 07:26:12,45450.0,7300.0,2439400.0
123,2021-10-22 07:26:08,45450.0,2700.0,2432100.0
124,2021-10-22 07:26:08,45450.0,300.0,2429400.0
125,2021-10-22 07:26:05,45400.0,100.0,2429100.0
126,2021-10-22 07:26:05,45400.0,100.0,2429000.0
127,2021-10-22 07:26:05,45400.0,100.0,2428900.0
128,2021-10-22 07:25:59,45450.0,200.0,2428800.0
129,2021-10-22 07:25:59,45450.0,400.0,2428600.0
130,2021-10-22 07:25:59,45450.0,1000.0,2428200.0
131,2021-10-22 07:25:59,45450.0,100.0,2427200.0
132,2021-10-22 07:25:59,45450.0,1000.0,2427100.0
133,2021-10-22 07:25:59,45450.0,500.0,2426100.0
134,2021-10-22 07:25:48,45400.0,300.0,2425600.0
135,2021-10-22 07:25:23,45400.0,4000.0,2425300.0
136,2021-10-22 07:25:01,45450.0,200.0,2421300.0
137,2021-10-22 07:25:01,45450.0,100.0,2421100.0
138,2021-10-22 07:24:27,45400.0,100.0,2421000.0
139,2021-10-22 07:24:00,45400.0,400.0,2420900.0
140,2021-10-22 07:23:54,45450.0,500.0,2420500.0
141,2021-10-22 07:23:53,45450.0,100.0,2420000.0
142,2021-10-22 07:23:53,45450.0,400.0,2419900.0
143,2021-10-22 07:23:47,45450.0,100.0,2419500.0
144,2021-10-22 07:23:36,45450.0,100.0,2419400.0
145,2021-10-22 07:23:29,45450.0,1100.0,2419300.0
146,2021-10-22 07:23:22,45450.0,1400.0,2418200.0
147,2021-10-22 07:22:52,45450.0,900.0,2416800.0
148,2021-10-22 07:22:52,45400.0,100.0,2415900.0
149,2021-10-22 07:22:52,45400.0,400.0,2415800.0
150,2021-10-22 07:22:30,45350.0,2000.0,2415400.0
151,2021-10-22 07:22:25,45400.0,100.0,2413400.0
152,2021-10-22 07:22:22,45400.0,700.0,2413300.0
153,2021-10-22 07:22:22,45400.0,700.0,2412600.0
154,2021-10-22 07:22:13,45400.0,300.0,2411900.0
155,2021-10-22 07:22:13,45400.0,200.0,2411600.0
156,2021-10-22 07:22:12,45400.0,200.0,2411400.0
157,2021-10-22 07:21:50,45400.0,2000.0,2411200.0
158,2021-10-22 07:21:44,45400.0,1200.0,2409200.0
159,2021-10-22 07:21:41,45400.0,200.0,2408000.0
160,2021-10-22 07:21:41,45400.0,500.0,2407800.0
161,2021-10-22 07:21:41,45400.0,700.0,2407300.0
162,2021-10-22 07:21:37,45400.0,200.0,2406600.0
163,2021-10-22 07:21:29,45400.0,100.0,2406400.0
164,2021-10-22 07:21:23,45400.0,2000.0,2406300.0
165,2021-10-22 07:21:23,45400.0,200.0,2404300.0
166,2021-10-22 07:21:23,45400.0,2800.0,2404100.0
167,2021-10-22 07:21:18,45450.0,200.0,2401300.0
168,2021-10-22 07:21:04,45450.0,4000.0,2401100.0
169,2021-10-22 07:20:58,45400.0,1000.0,2397100.0
170,2021-10-22 07:20:47,45450.0,200.0,2396100.0
171,2021-10-22 07:20:32,45400.0,300.0,2395900.0
172,2021-10-22 07:20:32,45400.0,100.0,2395600.0
173,2021-10-22 07:20:32,45400.0,500.0,2395500.0
174,2021-10-22 07:20:32,45400.0,300.0,2395000.0
175,2021-10-22 07:20:07,45400.0,100.0,2394700.0
176,2021-10-22 07:20:03,45400.0,1300.0,2394600.0
177,2021-10-22 07:20:02,45400.0,1500.0,2393300.0
178,2021-10-22 07:19:56,45400.0,100.0,2391800.0
179,2021-10-22 07:19:56,45400.0,2700.0,2391700.0
180,2021-10-22 07:19:54,45400.0,2000.0,2389000.0
181,2021-10-22 07:19:43,45400.0,300.0,2387000.0
182,2021-10-22 07:19:23,45450.0,100.0,2386700.0
183,2021-10-22 07:19:12,45450.0,100.0,2386600.0
184,2021-10-22 07:19:10,45400.0,100.0,2386500.0
185,2021-10-22 07:19:05,45350.0,1000.0,2386400.0
186,2021-10-22 07:19:01,45450.0,1000.0,2385400.0
187,2021-10-22 07:19:01,45400.0,1000.0,2384400.0
188,2021-10-22 07:19:01,45400.0,4800.0,2383400.0
189,2021-10-22 07:18:44,45400.0,200.0,2378600.0
190,2021-10-22 07:18:34,45400.0,300.0,2378400.0
191,2021-10-22 07:18:17,45400.0,500.0,2378100.0
192,2021-10-22 07:18:15,45450.0,400.0,2377600.0
193,2021-10-22 07:18:15,45450.0,100.0,2377200.0
194,2021-10-22 07:17:58,45450.0,200.0,2377100.0
195,2021-10-22 07:17:58,45400.0,100.0,2376900.0
196,2021-10-22 07:17:35,45450.0,700.0,2376800.0
197,2021-10-22 07:17:35,45450.0,300.0,2376100.0
198,2021-10-22 07:17:34,45350.0,2000.0,2375800.0
199,2021-10-22 07:17:11,45350.0,1500.0,2373800.0
200,2021-10-22 07:16:45,45450.0,100.0,2372300.0
201,2021-10-22 07:16:39,45350.0,1500.0,2372200.0
202,2021-10-22 07:16:39,45350.0,200.0,2370700.0
203,2021-10-22 07:16:39,45350.0,100.0,2370500.0
204,2021-10-22 07:16:39,45350.0,500.0,2370400.0
205,2021-10-22 07:16:39,45350.0,100.0,2369900.0
206,2021-10-22 07:16:39,45350.0,1000.0,2369800.0
207,2021-10-22 07:16:39,45350.0,1600.0,2368800.0
208,2021-10-22 07:16:33,45450.0,200.0,2367200.0
209,2021-10-22 07:16:11,45350.0,500.0,2367000.0
210,2021-10-22 07:15:54,45400.0,100.0,2366500.0
211,2021-10-22 07:15:48,45400.0,1100.0,2366400.0
212,2021-10-22 07:15:48,45400.0,900.0,2365300.0
213,2021-10-22 07:15:46,45400.0,400.0,2364400.0
214,2021-10-22 07:15:38,45400.0,300.0,2364000.0
215,2021-10-22 07:15:37,45400.0,500.0,2363700.0
216,2021-10-22 07:15:34,45400.0,200.0,2363200.0
217,2021-10-22 07:15:09,45400.0,400.0,2363000.0
218,2021-10-22 07:15:09,45450.0,200.0,2362600.0
219,2021-10-22 07:15:09,45400.0,300.0,2362400.0
220,2021-10-22 07:15:01,45400.0,200.0,2362100.0
221,2021-10-22 07:15:01,45400.0,2000.0,2361900.0
222,2021-10-22 07:15:01,45400.0,1800.0,2359900.0
223,2021-10-22 07:14:37,45400.0,1000.0,2358100.0
224,2021-10-22 07:14:37,45400.0,300.0,2357100.0
225,2021-10-22 07:14:37,45400.0,200.0,2356800.0
226,2021-10-22 07:14:37,45400.0,100.0,2356600.0
227,2021-10-22 07:14:37,45400.0,1400.0,2356500.0
228,2021-10-22 07:14:37,45400.0,200.0,2355100.0
229,2021-10-22 07:14:36,45400.0,1000.0,2354900.0
230,2021-10-22 07:14:36,45400.0,2000.0,2353900.0
231,2021-10-22 07:14:27,45400.0,8800.0,2351900.0
232,2021-10-22 07:14:27,45400.0,200.0,2343100.0
233,2021-10-22 07:14:19,45400.0,1700.0,2342900.0
234,2021-10-22 07:14:19,45400.0,1000.0,2341200.0
235,2021-10-22 07:14:19,45400.0,200.0,2340200.0
236,2021-10-22 07:14:19,45400.0,100.0,2340000.0
237,2021-10-22 07:14:19,45400.0,500.0,2339900.0
238,2021-10-22 07:14:19,45400.0,100.0,2339400.0
239,2021-10-22 07:14:19,45400.0,100.0,2339300.0
240,2021-10-22 07:14:19,45400.0,500.0,2339200.0
241,2021-10-22 07:14:19,45400.0,2800.0,2338700.0
242,2021-10-22 07:14:08,45400.0,2200.0,2335900.0
243,2021-10-22 07:14:08,45400.0,100.0,2333700.0
244,2021-10-22 07:14:08,45400.0,2000.0,2333600.0
245,2021-10-22 07:14:08,45400.0,1000.0,2331600.0
246,2021-10-22 07:14:08,45400.0,300.0,2330600.0
247,2021-10-22 07:14:08,45400.0,500.0,2330300.0
248,2021-10-22 07:14:08,45400.0,1000.0,2329800.0
249,2021-10-22 07:14:08,45400.0,2000.0,2328800.0
250,2021-10-22 07:14:08,45400.0,1200.0,2326800.0
251,2021-10-22 07:14:08,45400.0,2200.0,2325600.0
252,2021-10-22 07:14:08,45400.0,100.0,2323400.0
253,2021-10-22 07:14:08,45400.0,2000.0,2323300.0
254,2021-10-22 07:14:08,45400.0,100.0,2321300.0
255,2021-10-22 07:14:08,45400.0,200.0,2321200.0
256,2021-10-22 07:14:08,45400.0,11100.0,2321000.0
257,2021-10-22 07:14:01,45450.0,200.0,2309900.0
258,2021-10-22 07:13:53,45400.0,1100.0,2309700.0
259,2021-10-22 07:13:45,45450.0,300.0,2308600.0
260,2021-10-22 07:13:44,45400.0,3500.0,2308300.0
261,2021-10-22 07:13:44,45450.0,200.0,2304800.0
262,2021-10-22 07:13:22,45450.0,100.0,2304600.0
263,2021-10-22 07:12:28,45450.0,500.0,2304500.0
264,2021-10-22 07:12:20,45450.0,200.0,2304000.0
265,2021-10-22 07:12:12,45400.0,600.0,2303800.0
266,2021-10-22 07:11:57,45400.0,100.0,2303200.0
267,2021-10-22 07:11:52,45450.0,2700.0,2303100.0
268,2021-10-22 07:11:51,45450.0,1000.0,2300400.0
269,2021-10-22 07:11:51,45450.0,100.0,2299400.0
270,2021-10-22 07:11:51,45450.0,200.0,2299300.0
271,2021-10-22 07:11:51,45450.0,3800.0,2299100.0
272,2021-10-22 07:11:49,45450.0,500.0,2295300.0
273,2021-10-22 07:11:40,45450.0,100.0,2294800.0
274,2021-10-22 07:11:40,45450.0,2600.0,2294700.0
275,2021-10-22 07:11:40,45450.0,500.0,2292100.0
276,2021-10-22 07:11:40,45450.0,200.0,2291600.0
277,2021-10-22 07:11:40,45450.0,500.0,2291400.0
278,2021-10-22 07:11:40,45450.0,100.0,2290900.0
279,2021-10-22 07:11:40,45450.0,5000.0,2290800.0
280,2021-10-22 07:11:40,45450.0,100.0,2285800.0
281,2021-10-22 07:11:40,45450.0,6500.0,2285700.0
282,2021-10-22 07:11:40,45450.0,200.0,2279200.0
283,2021-10-22 07:11:40,45450.0,4300.0,2279000.0
284,2021-10-22 07:11:34,45450.0,5000.0,2274700.0
285,2021-10-22 07:11:20,45450.0,100.0,2269700.0
286,2021-10-22 07:10:57,45500.0,300.0,2269600.0
287,2021-10-22 07:10:55,45500.0,200.0,2269300.0
288,2021-10-22 07:10:51,45450.0,600.0,2269100.0
289,2021-10-22 07:10:51,45450.0,400.0,2268500.0
290,2021-10-22 07:10:13,45500.0,500.0,2268100.0
291,2021-10-22 07:09:31,45500.0,200.0,2267600.0
292,2021-10-22 07:09:30,45450.0,1000.0,2267400.0
293,2021-10-22 07:09:30,45500.0,100.0,2266400.0
294,2021-10-22 07:08:56,45500.0,1200.0,2266300.0
295,2021-10-22 07:08:54,45450.0,2000.0,2265100.0
296,2021-10-22 07:08:37,45450.0,2000.0,2263100.0
297,2021-10-22 07:08:23,45450.0,500.0,2261100.0
298,2021-10-22 07:08:22,45450.0,1500.0,2260600.0
299,2021-10-22 07:08:19,45450.0,2000.0,2259100.0
300,2021-10-22 07:08:09,45500.0,100.0,2257100.0
301,2021-10-22 07:08:09,45500.0,100.0,2257000.0
302,2021-10-22 07:08:06,45500.0,200.0,2256900.0
303,2021-10-22 07:08:02,45450.0,100.0,2256700.0
304,2021-10-22 07:07:45,45500.0,300.0,2256600.0
305,2021-10-22 07:07:34,45500.0,300.0,2256300.0
306,2021-10-22 07:07:33,45500.0,100.0,2256000.0
307,2021-10-22 07:07:25,45500.0,600.0,2255900.0
308,2021-10-22 07:07:22,45500.0,100.0,2255300.0
309,2021-10-22 07:07:01,45500.0,2000.0,2255200.0
310,2021-10-22 07:06:54,45500.0,1500.0,2253200.0
311,2021-10-22 07:06:41,45500.0,200.0,2251700.0
312,2021-10-22 07:06:31,45500.0,1000.0,2251500.0
313,2021-10-22 07:05:56,45500.0,200.0,2250500.0
314,2021-10-22 07:05:56,45500.0,1000.0,2250300.0
315,2021-10-22 07:05:43,45500.0,100.0,2249300.0
316,2021-10-22 07:05:39,45500.0,300.0,2249200.0
317,2021-10-22 07:05:25,45500.0,100.0,2248900.0
318,2021-10-22 07:05:17,45500.0,200.0,2248800.0
319,2021-10-22 07:05:02,45500.0,100.0,2248600.0
320,2021-10-22 07:05:02,45500.0,400.0,2248500.0
321,2021-10-22 07:04:49,45500.0,600.0,2248100.0
322,2021-10-22 07:04:47,45500.0,300.0,2247500.0
323,2021-10-22 07:04:19,45500.0,200.0,2247200.0
324,2021-10-22 07:04:19,45500.0,200.0,2247000.0
325,2021-10-22 07:04:19,45500.0,2500.0,2246800.0
326,2021-10-22 07:04:10,45500.0,500.0,2244300.0
327,2021-10-22 07:03:52,45500.0,200.0,2243800.0
328,2021-10-22 07:03:48,45450.0,500.0,2243600.0
329,2021-10-22 07:02:53,45450.0,100.0,2243100.0
330,2021-10-22 07:02:51,45450.0,100.0,2243000.0
331,2021-10-22 07:02:36,45400.0,400.0,2242900.0
332,2021-10-22 07:02:29,45450.0,200.0,2242500.0
333,2021-10-22 07:02:28,45450.0,200.0,2242300.0
334,2021-10-22 07:02:23,45450.0,500.0,2242100.0
335,2021-10-22 07:02:20,45450.0,100.0,2241600.0
336,2021-10-22 07:02:09,45450.0,100.0,2241500.0
337,2021-10-22 07:02:08,45400.0,500.0,2241400.0
338,2021-10-22 07:01:46,45400.0,700.0,2240900.0
339,2021-10-22 07:01:46,45400.0,300.0,2240200.0
340,2021-10-22 07:01:44,45450.0,100.0,2239900.0
341,2021-10-22 07:01:39,45400.0,100.0,2239800.0
342,2021-10-22 07:01:03,45450.0,100.0,2239700.0
343,2021-10-22 07:00:30,45450.0,100.0,2239600.0
344,2021-10-22 07:00:12,45500.0,300.0,2239500.0
345,2021-10-22 06:59:38,45500.0,200.0,2239200.0
346,2021-10-22 06:59:33,45400.0,300.0,2239000.0
347,2021-10-22 06:59:33,45400.0,200.0,2238700.0
348,2021-10-22 06:59:25,45500.0,500.0,2238500.0
349,2021-10-22 06:59:22,45450.0,2000.0,2238000.0
350,2021-10-22 06:58:47,45450.0,100.0,2236000.0
351,2021-10-22 06:58:45,45450.0,3500.0,2235900.0
352,2021-10-22 06:58:40,45450.0,100.0,2232400.0
353,2021-10-22 06:58:39,45450.0,1300.0,2232300.0
354,2021-10-22 06:58:21,45450.0,100.0,2231000.0
355,2021-10-22 06:58:21,45450.0,100.0,2230900.0
356,2021-10-22 06:58:21,45450.0,1000.0,2230800.0
357,2021-10-22 06:58:21,45450.0,300.0,2229800.0
358,2021-10-22 06:58:21,45450.0,400.0,2229500.0
359,2021-10-22 06:58:21,45450.0,2000.0,2229100.0
360,2021-10-22 06:58:21,45450.0,100.0,2227100.0
361,2021-10-22 06:58:21,45450.0,5000.0,2227000.0
362,2021-10-22 06:58:21,45450.0,100.0,2222000.0
363,2021-10-22 06:58:21,45450.0,1000.0,2221900.0
364,2021-10-22 06:58:21,45450.0,200.0,2220900.0
365,2021-10-22 06:58:21,45450.0,9500.0,2220700.0
366,2021-10-22 06:58:21,45450.0,3000.0,2211200.0
367,2021-10-22 06:58:21,45450.0,500.0,2208200.0
368,2021-10-22 06:58:21,45450.0,200.0,2207700.0
369,2021-10-22 06:58:21,45450.0,1500.0,2207500.0
370,2021-10-22 06:58:18,45500.0,600.0,2206000.0
371,2021-10-22 06:58:18,45500.0,400.0,2205400.0
372,2021-10-22 06:58:17,45500.0,400.0,2205000.0
373,2021-10-22 06:58:17,45500.0,2000.0,2204600.0
374,2021-10-22 06:58:17,45500.0,200.0,2202600.0
375,2021-10-22 06:58:17,45500.0,1000.0,2202400.0
376,2021-10-22 06:58:17,45500.0,500.0,2201400.0
377,2021-10-22 06:58:17,45500.0,100.0,2200900.0
378,2021-10-22 06:58:17,45500.0,500.0,2200800.0
379,2021-10-22 06:58:17,45500.0,300.0,2200300.0
380,2021-10-22 06:58:17,45500.0,300.0,2200000.0
381,2021-10-22 06:58:17,45500.0,100.0,2199700.0
382,2021-10-22 06:58:17,45500.0,600.0,2199600.0
383,2021-10-22 06:58:16,45500.0,200.0,2199000.0
384,2021-10-22 06:58:02,45500.0,1200.0,2198800.0
385,2021-10-22 06:58:02,45500.0,1000.0,2197600.0
386,2021-10-22 06:58:02,45500.0,1000.0,2196600.0
387,2021-10-22 06:58:02,45500.0,1000.0,2195600.0
388,2021-10-22 06:58:02,45500.0,300.0,2194600.0
389,2021-10-22 06:56:49,45500.0,200.0,2194300.0
390,2021-10-22 06:56:39,45500.0,400.0,2194100.0
391,2021-10-22 06:56:02,45500.0,100.0,2193700.0
392,2021-10-22 06:56:02,45500.0,100.0,2193600.0
393,2021-10-22 06:56:02,45500.0,100.0,2193500.0
394,2021-10-22 06:55:55,45500.0,100.0,2193400.0
395,2021-10-22 06:55:40,45500.0,100.0,2193300.0
396,2021-10-22 06:55:40,45450.0,500.0,2193200.0
397,2021-10-22 06:55:40,45450.0,100.0,2192700.0
398,2021-10-22 06:55:40,45450.0,100.0,2192600.0
399,2021-10-22 06:55:40,45450.0,200.0,2192500.0
400,2021-10-22 06:55:40,45450.0,100.0,2192300.0
401,2021-10-22 06:55:25,45500.0,200.0,2192200.0
402,2021-10-22 06:54:11,45450.0,4900.0,2192000.0
403,2021-10-22 06:54:11,45450.0,100.0,2187100.0
404,2021-10-22 06:54:00,45500.0,200.0,2187000.0
405,2021-10-22 06:54:00,45500.0,500.0,2186800.0
406,2021-10-22 06:54:00,45500.0,300.0,2186300.0
407,2021-10-22 06:54:00,45500.0,200.0,2186000.0
408,2021-10-22 06:53:12,45500.0,100.0,2185800.0
409,2021-10-22 06:53:12,45500.0,100.0,2185700.0
410,2021-10-22 06:53:12,45500.0,1200.0,2185600.0
411,2021-10-22 06:53:12,45500.0,200.0,2184400.0
412,2021-10-22 06:53:12,45500.0,2000.0,2184200.0
413,2021-10-22 06:53:12,45500.0,300.0,2182200.0
414,2021-10-22 06:53:12,45500.0,200.0,2181900.0
415,2021-10-22 06:53:12,45500.0,100.0,2181700.0
416,2021-10-22 06:53:12,45500.0,1100.0,2181600.0
417,2021-10-22 06:53:12,45500.0,2200.0,2180500.0
418,2021-10-22 06:53:02,45500.0,1800.0,2178300.0
419,2021-10-22 06:53:02,45500.0,300.0,2176500.0
420,2021-10-22 06:53:02,45500.0,1000.0,2176200.0
421,2021-10-22 06:53:02,45500.0,300.0,2175200.0
422,2021-10-22 06:53:02,45500.0,600.0,2174900.0
423,2021-10-22 06:53:00,45500.0,1000.0,2174300.0
424,2021-10-22 06:52:59,45500.0,400.0,2173300.0
425,2021-10-22 06:52:53,45500.0,700.0,2172900.0
426,2021-10-22 06:52:48,45500.0,300.0,2172200.0
427,2021-10-22 06:52:35,45550.0,200.0,2171900.0
428,2021-10-22 06:52:24,45500.0,9000.0,2171700.0
429,2021-10-22 06:52:24,45500.0,100.0,2162700.0
430,2021-10-22 06:52:24,45500.0,200.0,2162600.0
431,2021-10-22 06:52:24,45500.0,1000.0,2162400.0
432,2021-10-22 06:52:24,45500.0,4700.0,2161400.0
433,2021-10-22 06:52:15,45550.0,600.0,2156700.0
434,2021-10-22 06:51:45,45500.0,500.0,2156100.0
435,2021-10-22 06:51:38,45550.0,100.0,2155600.0
436,2021-10-22 06:51:31,45550.0,1000.0,2155500.0
437,2021-10-22 06:51:19,45500.0,500.0,2154500.0
438,2021-10-22 06:51:11,45550.0,100.0,2154000.0
439,2021-10-22 06:50:56,45500.0,1400.0,2153900.0
440,2021-10-22 06:50:46,45500.0,1000.0,2152500.0
441,2021-10-22 06:50:35,45500.0,1400.0,2151500.0
442,2021-10-22 06:50:23,45500.0,500.0,2150100.0
443,2021-10-22 06:50:23,45500.0,100.0,2149600.0
444,2021-10-22 06:50:23,45500.0,500.0,2149500.0
445,2021-10-22 06:50:23,45500.0,300.0,2149000.0
446,2021-10-22 06:50:22,45550.0,1000.0,2148700.0
447,2021-10-22 06:50:05,45550.0,100.0,2147700.0
448,2021-10-22 06:50:04,45500.0,200.0,2147600.0
449,2021-10-22 06:50:04,45500.0,500.0,2147400.0
450,2021-10-22 06:50:04,45500.0,500.0,2146900.0
451,2021-10-22 06:50:04,45500.0,100.0,2146400.0
452,2021-10-22 06:50:04,45500.0,200.0,2146300.0
453,2021-10-22 06:50:04,45500.0,500.0,2146100.0
454,2021-10-22 06:50:04,45500.0,1000.0,2145600.0
455,2021-10-22 06:49:59,45550.0,100.0,2144600.0
456,2021-10-22 06:49:47,45550.0,200.0,2144500.0
457,2021-10-22 06:49:44,45500.0,100.0,2144300.0
458,2021-10-22 06:49:31,45500.0,800.0,2144200.0
459,2021-10-22 06:49:31,45500.0,100.0,2143400.0
460,2021-10-22 06:49:31,45500.0,1100.0,2143300.0
461,2021-10-22 06:49:02,45550.0,500.0,2142200.0
462,2021-10-22 06:49:01,45550.0,1200.0,2141700.0
463,2021-10-22 06:48:46,45550.0,300.0,2140500.0
464,2021-10-22 06:48:39,45550.0,500.0,2140200.0
465,2021-10-22 06:48:22,45550.0,200.0,2139700.0
466,2021-10-22 06:48:17,45550.0,600.0,2139500.0
467,2021-10-22 06:48:08,45550.0,100.0,2138900.0
468,2021-10-22 06:48:06,45550.0,500.0,2138800.0
469,2021-10-22 06:47:36,45550.0,200.0,2138300.0
470,2021-10-22 06:47:36,45550.0,7000.0,2138100.0
471,2021-10-22 06:47:11,45550.0,13000.0,2131100.0
472,2021-10-22 06:46:57,45550.0,200.0,2118100.0
473,2021-10-22 06:46:29,45500.0,100.0,2117900.0
474,2021-10-22 06:46:29,45500.0,100.0,2117800.0
475,2021-10-22 06:46:29,45500.0,400.0,2117700.0
476,2021-10-22 06:45:49,45550.0,100.0,2117300.0
477,2021-10-22 06:45:32,45550.0,200.0,2117200.0
478,2021-10-22 06:45:17,45550.0,1000.0,2117000.0
479,2021-10-22 06:45:17,45550.0,4000.0,2116000.0
480,2021-10-22 06:45:17,45550.0,1700.0,2112000.0
481,2021-10-22 06:45:17,45550.0,100.0,2110300.0
482,2021-10-22 06:45:17,45550.0,100.0,2110200.0
483,2021-10-22 06:45:17,45550.0,300.0,2110100.0
484,2021-10-22 06:45:17,45550.0,400.0,2109800.0
485,2021-10-22 06:44:23,45550.0,500.0,2109400.0
486,2021-10-22 06:44:19,45550.0,100.0,2108900.0
487,2021-10-22 06:44:16,45600.0,100.0,2108800.0
488,2021-10-22 06:44:08,45600.0,200.0,2108700.0
489,2021-10-22 06:43:20,45550.0,500.0,2108500.0
490,2021-10-22 06:43:20,45550.0,1200.0,2108000.0
491,2021-10-22 06:43:20,45550.0,400.0,2106800.0
492,2021-10-22 06:43:20,45550.0,2000.0,2106400.0
493,2021-10-22 06:43:20,45550.0,900.0,2104400.0
494,2021-10-22 06:42:43,45600.0,100.0,2103500.0
495,2021-10-22 06:42:25,45600.0,400.0,2103400.0
496,2021-10-22 06:42:24,45550.0,1000.0,2103000.0
497,2021-10-22 06:42:06,45550.0,100.0,2102000.0
498,2021-10-22 06:42:00,45550.0,8000.0,2101900.0
499,2021-10-22 06:41:31,45600.0,800.0,2093900.0
500,2021-10-22 06:41:31,45600.0,400.0,2093100.0
501,2021-10-22 06:41:19,45600.0,200.0,2092700.0
502,2021-10-22 06:40:01,45600.0,300.0,2092500.0
503,2021-10-22 06:40:01,45600.0,100.0,2092200.0
504,2021-10-22 06:39:54,45600.0,200.0,2092100.0
505,2021-10-22 06:39:14,45600.0,200.0,2091900.0
506,2021-10-22 06:39:14,45600.0,100.0,2091700.0
507,2021-10-22 06:39:14,45600.0,200.0,2091600.0
508,2021-10-22 06:39:14,45600.0,300.0,2091400.0
509,2021-10-22 06:39:14,45550.0,4200.0,2091100.0
510,2021-10-22 06:39:09,45550.0,100.0,2086900.0
511,2021-10-22 06:39:09,45550.0,700.0,2086800.0
512,2021-10-22 06:39:06,45550.0,2000.0,2086100.0
513,2021-10-22 06:38:33,45600.0,200.0,2084100.0
514,2021-10-22 06:38:29,45600.0,200.0,2083900.0
515,2021-10-22 06:38:29,45550.0,100.0,2083700.0
516,2021-10-22 06:38:27,45600.0,100.0,2083600.0
517,2021-10-22 06:38:23,45550.0,100.0,2083500.0
518,2021-10-22 06:38:21,45550.0,1400.0,2083400.0
519,2021-10-22 06:38:01,45550.0,100.0,2082000.0
520,2021-10-22 06:37:47,45550.0,600.0,2081900.0
521,2021-10-22 06:37:47,45550.0,600.0,2081300.0
522,2021-10-22 06:37:47,45550.0,100.0,2080700.0
523,2021-10-22 06:37:47,45550.0,100.0,2080600.0
524,2021-10-22 06:37:47,45550.0,200.0,2080500.0
525,2021-10-22 06:37:47,45550.0,100.0,2080300.0
526,2021-10-22 06:37:47,45550.0,1300.0,2080200.0
527,2021-10-22 06:37:47,45550.0,200.0,2078900.0
528,2021-10-22 06:37:47,45550.0,500.0,2078700.0
529,2021-10-22 06:37:47,45550.0,300.0,2078200.0
530,2021-10-22 06:37:47,45550.0,900.0,2077900.0
531,2021-10-22 06:37:47,45600.0,700.0,2077000.0
532,2021-10-22 06:37:47,45600.0,300.0,2076300.0
533,2021-10-22 06:37:28,45600.0,100.0,2076000.0
534,2021-10-22 06:37:15,45600.0,700.0,2075900.0
535,2021-10-22 06:37:15,45600.0,200.0,2075200.0
536,2021-10-22 06:37:10,45600.0,3000.0,2075000.0
537,2021-10-22 06:37:05,45600.0,200.0,2072000.0
538,2021-10-22 06:36:45,45600.0,2000.0,2071800.0
539,2021-10-22 06:36:38,45600.0,2900.0,2069800.0
540,2021-10-22 06:36:17,45600.0,700.0,2066900.0
541,2021-10-22 06:35:50,45600.0,500.0,2066200.0
542,2021-10-22 06:35:40,45600.0,200.0,2065700.0
543,2021-10-22 06:35:35,45550.0,100.0,2065500.0
544,2021-10-22 06:35:11,45550.0,4000.0,2065400.0
545,2021-10-22 06:34:50,45600.0,1000.0,2061400.0
546,2021-10-22 06:34:31,45600.0,400.0,2060400.0
547,2021-10-22 06:34:25,45600.0,1000.0,2060000.0
548,2021-10-22 06:34:16,45600.0,100.0,2059000.0
549,2021-10-22 06:33:39,45600.0,1200.0,2058900.0
550,2021-10-22 06:33:39,45600.0,3000.0,2057700.0
551,2021-10-22 06:33:39,45600.0,1000.0,2054700.0
552,2021-10-22 06:33:39,45600.0,100.0,2053700.0
553,2021-10-22 06:33:39,45600.0,600.0,2053600.0
554,2021-10-22 06:33:39,45600.0,800.0,2053000.0
555,2021-10-22 06:33:07,45650.0,800.0,2052200.0
556,2021-10-22 06:33:07,45650.0,1200.0,2051400.0
557,2021-10-22 06:32:57,45650.0,400.0,2050200.0
558,2021-10-22 06:32:51,45650.0,200.0,2049800.0
559,2021-10-22 06:32:40,45600.0,500.0,2049600.0
560,2021-10-22 06:32:37,45650.0,100.0,2049100.0
561,2021-10-22 06:32:30,45600.0,400.0,2049000.0
562,2021-10-22 06:32:30,45600.0,100.0,2048600.0
563,2021-10-22 06:32:30,45600.0,1500.0,2048500.0
564,2021-10-22 06:32:26,45650.0,1000.0,2047000.0
565,2021-10-22 06:32:07,45650.0,10000.0,2046000.0
566,2021-10-22 06:31:50,45600.0,500.0,2036000.0
567,2021-10-22 06:31:50,45600.0,1000.0,2035500.0
568,2021-10-22 06:31:50,45600.0,8500.0,2034500.0
569,2021-10-22 06:31:26,45650.0,200.0,2026000.0
570,2021-10-22 06:31:24,45600.0,400.0,2025800.0
571,2021-10-22 06:31:19,45600.0,1000.0,2025400.0
572,2021-10-22 06:31:15,45650.0,1000.0,2024400.0
573,2021-10-22 06:31:07,45600.0,100.0,2023400.0
574,2021-10-22 06:31:04,45600.0,100.0,2023300.0
575,2021-10-22 06:30:53,45600.0,700.0,2023200.0
576,2021-10-22 06:30:22,45600.0,500.0,2022500.0
577,2021-10-22 06:30:20,45650.0,100.0,2022000.0
578,2021-10-22 06:30:02,45650.0,200.0,2021900.0
579,2021-10-22 06:29:36,45650.0,100.0,2021700.0
580,2021-10-22 06:29:30,45650.0,4100.0,2021600.0
581,2021-10-22 06:29:01,45600.0,300.0,2017500.0
582,2021-10-22 06:29:01,45600.0,700.0,2017200.0
583,2021-10-22 06:28:57,45600.0,500.0,2016500.0
584,2021-10-22 06:28:46,45650.0,100.0,2016000.0
585,2021-10-22 06:28:37,45650.0,200.0,2015900.0
586,2021-10-22 06:27:49,45600.0,500.0,2015700.0
587,2021-10-22 06:27:32,45600.0,1300.0,2015200.0
588,2021-10-22 06:27:32,45600.0,600.0,2013900.0
589,2021-10-22 06:27:32,45600.0,700.0,2013300.0
590,2021-10-22 06:27:32,45600.0,100.0,2012600.0
591,2021-10-22 06:27:32,45600.0,2300.0,2012500.0
592,2021-10-22 06:27:23,45650.0,900.0,2010200.0
593,2021-10-22 06:27:16,45600.0,600.0,2009300.0
594,2021-10-22 06:27:16,45600.0,100.0,2008700.0
595,2021-10-22 06:27:16,45600.0,300.0,2008600.0
596,2021-10-22 06:27:13,45650.0,200.0,2008300.0
597,2021-10-22 06:26:52,45600.0,500.0,2008100.0
598,2021-10-22 06:26:52,45600.0,400.0,2007600.0
599,2021-10-22 06:26:52,45600.0,100.0,2007200.0
600,2021-10-22 06:26:48,45600.0,100.0,2007100.0
601,2021-10-22 06:26:27,45600.0,200.0,2007000.0
602,2021-10-22 06:26:26,45600.0,400.0,2006800.0
603,2021-10-22 06:26:26,45600.0,4400.0,2006400.0
604,2021-10-22 06:26:24,45600.0,600.0,2002000.0
605,2021-10-22 06:26:24,45600.0,400.0,2001400.0
606,2021-10-22 06:26:23,45600.0,400.0,2001000.0
607,2021-10-22 06:26:23,45600.0,400.0,2000600.0
608,2021-10-22 06:26:23,45600.0,1700.0,2000200.0
609,2021-10-22 06:26:13,45600.0,100.0,1998500.0
610,2021-10-22 06:26:06,45600.0,100.0,1998400.0
611,2021-10-22 06:25:48,45600.0,200.0,1998300.0
612,2021-10-22 06:25:43,45600.0,2900.0,1998100.0
613,2021-10-22 06:25:41,45600.0,300.0,1995200.0
614,2021-10-22 06:25:40,45600.0,300.0,1994900.0
615,2021-10-22 06:25:33,45600.0,200.0,1994600.0
616,2021-10-22 06:25:27,45600.0,100.0,1994400.0
617,2021-10-22 06:25:26,45600.0,1000.0,1994300.0
618,2021-10-22 06:25:26,45600.0,300.0,1993300.0
619,2021-10-22 06:25:26,45600.0,900.0,1993000.0
620,2021-10-22 06:25:16,45600.0,500.0,1992100.0
621,2021-10-22 06:25:16,45600.0,500.0,1991600.0
622,2021-10-22 06:25:16,45600.0,100.0,1991100.0
623,2021-10-22 06:25:16,45600.0,100.0,1991000.0
624,2021-10-22 06:25:05,45600.0,900.0,1990900.0
625,2021-10-22 06:25:05,45600.0,300.0,1990000.0
626,2021-10-22 06:24:54,45600.0,2700.0,1989700.0
627,2021-10-22 06:24:54,45600.0,5500.0,1987000.0
628,2021-10-22 06:24:54,45600.0,300.0,1981500.0
629,2021-10-22 06:24:54,45600.0,600.0,1981200.0
630,2021-10-22 06:24:54,45600.0,200.0,1980600.0
631,2021-10-22 06:24:54,45600.0,7000.0,1980400.0
632,2021-10-22 06:24:54,45600.0,6000.0,1973400.0
633,2021-10-22 06:24:54,45600.0,500.0,1967400.0
634,2021-10-22 06:24:54,45600.0,300.0,1966900.0
635,2021-10-22 06:24:54,45600.0,200.0,1966600.0
636,2021-10-22 06:24:54,45600.0,400.0,1966400.0
637,2021-10-22 06:24:54,45600.0,100.0,1966000.0
638,2021-10-22 06:24:54,45600.0,100.0,1965900.0
639,2021-10-22 06:24:54,45600.0,300.0,1965800.0
640,2021-10-22 06:24:54,45600.0,300.0,1965500.0
641,2021-10-22 06:24:54,45600.0,100.0,1965200.0
642,2021-10-22 06:24:54,45600.0,100.0,1965100.0
643,2021-10-22 06:24:54,45600.0,100.0,1965000.0
644,2021-10-22 06:24:54,45600.0,200.0,1964900.0
645,2021-10-22 06:24:54,45600.0,2000.0,1964700.0
646,2021-10-22 06:24:54,45600.0,500.0,1962700.0
647,2021-10-22 06:24:54,45600.0,10000.0,1962200.0
648,2021-10-22 06:24:54,45600.0,5000.0,1952200.0
649,2021-10-22 06:24:54,45600.0,100.0,1947200.0
650,2021-10-22 06:24:54,45600.0,600.0,1947100.0
651,2021-10-22 06:24:54,45600.0,600.0,1946500.0
652,2021-10-22 06:24:54,45600.0,10000.0,1945900.0
653,2021-10-22 06:24:54,45600.0,10000.0,1935900.0
654,2021-10-22 06:24:54,45600.0,10000.0,1925900.0
655,2021-10-22 06:24:54,45600.0,100.0,1915900.0
656,2021-10-22 06:24:54,45600.0,6100.0,1915800.0
657,2021-10-22 06:24:53,45600.0,900.0,1909700.0
658,2021-10-22 06:24:42,45600.0,300.0,1908800.0
659,2021-10-22 06:24:37,45550.0,100.0,1908500.0
660,2021-10-22 06:24:33,45600.0,100.0,1908400.0
661,2021-10-22 06:24:23,45600.0,100.0,1908300.0
662,2021-10-22 06:24:23,45600.0,100.0,1908200.0
663,2021-10-22 06:23:57,45600.0,100.0,1908100.0
664,2021-10-22 06:23:41,45600.0,400.0,1908000.0
665,2021-10-22 06:22:59,45600.0,200.0,1907600.0
666,2021-10-22 06:22:39,45550.0,3000.0,1907400.0
667,2021-10-22 06:22:36,45550.0,1300.0,1904400.0
668,2021-10-22 06:22:36,45550.0,3500.0,1903100.0
669,2021-10-22 06:22:36,45550.0,200.0,1899600.0
670,2021-10-22 06:21:57,45550.0,300.0,1899400.0
671,2021-10-22 06:21:57,45550.0,1100.0,1899100.0
672,2021-10-22 06:21:36,45550.0,100.0,1898000.0
673,2021-10-22 06:21:34,45550.0,200.0,1897900.0
674,2021-10-22 06:21:32,45550.0,700.0,1897700.0
675,2021-10-22 06:21:32,45550.0,100.0,1897000.0
676,2021-10-22 06:21:32,45550.0,1200.0,1896900.0
677,2021-10-22 06:21:26,45550.0,300.0,1895700.0
678,2021-10-22 06:21:07,45550.0,200.0,1895400.0
679,2021-10-22 06:20:59,45550.0,100.0,1895200.0
680,2021-10-22 06:20:35,45550.0,700.0,1895100.0
681,2021-10-22 06:20:35,45550.0,300.0,1894400.0
682,2021-10-22 06:20:17,45550.0,200.0,1894100.0
683,2021-10-22 06:20:10,45550.0,200.0,1893900.0
684,2021-10-22 06:19:59,45550.0,300.0,1893700.0
685,2021-10-22 06:19:45,45550.0,1000.0,1893400.0
686,2021-10-22 06:19:39,45500.0,2000.0,1892400.0
687,2021-10-22 06:19:39,45500.0,1000.0,1890400.0
688,2021-10-22 06:19:37,45550.0,200.0,1889400.0
689,2021-10-22 06:19:27,45550.0,800.0,1889200.0
690,2021-10-22 06:19:27,45550.0,200.0,1888400.0
691,2021-10-22 06:19:04,45550.0,300.0,1888200.0
692,2021-10-22 06:19:04,45550.0,5000.0,1887900.0
693,2021-10-22 06:19:04,45550.0,1900.0,1882900.0
694,2021-10-22 06:19:01,45550.0,100.0,1881000.0
695,2021-10-22 06:18:57,45550.0,300.0,1880900.0
696,2021-10-22 06:18:55,45550.0,2700.0,1880600.0
697,2021-10-22 06:18:55,45550.0,1800.0,1877900.0
698,2021-10-22 06:18:45,45550.0,200.0,1876100.0
699,2021-10-22 06:18:28,45550.0,500.0,1875900.0
700,2021-10-22 06:17:47,45550.0,100.0,1875400.0
701,2021-10-22 06:17:35,45500.0,100.0,1875300.0
702,2021-10-22 06:17:21,45550.0,200.0,1875200.0
703,2021-10-22 06:16:22,45500.0,900.0,1875000.0
704,2021-10-22 06:16:22,45500.0,100.0,1874100.0
705,2021-10-22 06:16:22,45500.0,700.0,1874000.0
706,2021-10-22 06:16:22,45500.0,1000.0,1873300.0
707,2021-10-22 06:16:22,45500.0,300.0,1872300.0
708,2021-10-22 06:16:03,45550.0,100.0,1872000.0
709,2021-10-22 06:15:56,45550.0,100.0,1871900.0
710,2021-10-22 06:15:32,45550.0,400.0,1871800.0
711,2021-10-22 06:15:21,45550.0,1000.0,1871400.0
712,2021-10-22 06:15:21,45550.0,1800.0,1870400.0
713,2021-10-22 06:15:21,45550.0,100.0,1868600.0
714,2021-10-22 06:15:21,45550.0,3700.0,1868500.0
715,2021-10-22 06:15:10,45600.0,100.0,1864800.0
716,2021-10-22 06:15:07,45550.0,500.0,1864700.0
717,2021-10-22 06:14:52,45550.0,500.0,1864200.0
718,2021-10-22 06:14:41,45550.0,500.0,1863700.0
719,2021-10-22 06:14:37,45550.0,1000.0,1863200.0
720,2021-10-22 06:14:34,45550.0,500.0,1862200.0
721,2021-10-22 06:14:31,45600.0,200.0,1861700.0
722,2021-10-22 06:14:26,45550.0,400.0,1861500.0
723,2021-10-22 06:14:26,45550.0,100.0,1861100.0
724,2021-10-22 06:14:19,45550.0,100.0,1861000.0
725,2021-10-22 06:14:00,45550.0,400.0,1860900.0
726,2021-10-22 06:14:00,45550.0,200.0,1860500.0
727,2021-10-22 06:14:00,45550.0,2000.0,1860300.0
728,2021-10-22 06:14:00,45550.0,100.0,1858300.0
729,2021-10-22 06:14:00,45550.0,500.0,1858200.0
730,2021-10-22 06:14:00,45550.0,100.0,1857700.0
731,2021-10-22 06:14:00,45550.0,500.0,1857600.0
732,2021-10-22 06:14:00,45550.0,500.0,1857100.0
733,2021-10-22 06:14:00,45550.0,600.0,1856600.0
734,2021-10-22 06:13:17,45550.0,200.0,1856000.0
735,2021-10-22 06:13:17,45550.0,200.0,1855800.0
736,2021-10-22 06:13:17,45550.0,600.0,1855600.0
737,2021-10-22 06:13:07,45600.0,200.0,1855000.0
738,2021-10-22 06:12:42,45550.0,300.0,1854800.0
739,2021-10-22 06:12:31,45550.0,5000.0,1854500.0
740,2021-10-22 06:12:15,45600.0,500.0,1849500.0
741,2021-10-22 06:12:12,45550.0,300.0,1849000.0
742,2021-10-22 06:12:12,45600.0,5000.0,1848700.0
743,2021-10-22 06:11:42,45600.0,200.0,1843700.0
744,2021-10-22 06:11:14,45550.0,200.0,1843500.0
745,2021-10-22 06:11:14,45550.0,5000.0,1843300.0
746,2021-10-22 06:11:14,45550.0,5000.0,1838300.0
747,2021-10-22 06:11:14,45550.0,3600.0,1833300.0
748,2021-10-22 06:11:10,45550.0,1000.0,1829700.0
749,2021-10-22 06:11:02,45550.0,400.0,1828700.0
750,2021-10-22 06:11:02,45550.0,600.0,1828300.0
751,2021-10-22 06:10:52,45550.0,4400.0,1827700.0
752,2021-10-22 06:10:52,45550.0,2700.0,1823300.0
753,2021-10-22 06:10:18,45550.0,200.0,1820600.0
754,2021-10-22 06:10:04,45550.0,1000.0,1820400.0
755,2021-10-22 06:09:31,45550.0,1100.0,1819400.0
756,2021-10-22 06:09:31,45550.0,100.0,1818300.0
757,2021-10-22 06:09:19,45550.0,100.0,1818200.0
758,2021-10-22 06:08:53,45550.0,200.0,1818100.0
759,2021-10-22 06:08:47,45500.0,200.0,1817900.0
760,2021-10-22 06:08:42,45500.0,1300.0,1817700.0
761,2021-10-22 06:08:42,45500.0,7500.0,1816400.0
762,2021-10-22 06:08:31,45500.0,1000.0,1808900.0
763,2021-10-22 06:08:06,45550.0,2000.0,1807900.0
764,2021-10-22 06:07:57,45500.0,2000.0,1805900.0
765,2021-10-22 06:07:28,45500.0,200.0,1803900.0
766,2021-10-22 06:07:27,45500.0,2800.0,1803700.0
767,2021-10-22 06:07:15,45500.0,200.0,1800900.0
768,2021-10-22 06:07:12,45500.0,100.0,1800700.0
769,2021-10-22 06:07:08,45500.0,2000.0,1800600.0
770,2021-10-22 06:06:52,45500.0,600.0,1798600.0
771,2021-10-22 06:06:49,45500.0,400.0,1798000.0
772,2021-10-22 06:06:30,45500.0,1700.0,1797600.0
773,2021-10-22 06:06:11,45550.0,300.0,1795900.0
774,2021-10-22 06:06:11,45500.0,200.0,1795600.0
775,2021-10-22 06:06:04,45500.0,100.0,1795400.0
776,2021-10-22 06:05:48,45500.0,700.0,1795300.0
777,2021-10-22 06:05:35,45500.0,500.0,1794600.0
778,2021-10-22 06:05:27,45550.0,200.0,1794100.0
779,2021-10-22 06:05:23,45550.0,2100.0,1793900.0
780,2021-10-22 06:05:14,45600.0,1000.0,1791800.0
781,2021-10-22 06:05:05,45600.0,200.0,1790800.0
782,2021-10-22 06:05:01,45600.0,700.0,1790600.0
783,2021-10-22 06:04:59,45550.0,17200.0,1789900.0
784,2021-10-22 06:04:59,45550.0,800.0,1772700.0
785,2021-10-22 06:04:58,45600.0,700.0,1771900.0
786,2021-10-22 06:04:53,45600.0,200.0,1771200.0
787,2021-10-22 06:04:52,45600.0,2700.0,1771000.0
788,2021-10-22 06:04:52,45600.0,200.0,1768300.0
789,2021-10-22 06:04:44,45600.0,300.0,1768100.0
790,2021-10-22 06:04:44,45600.0,6100.0,1767800.0
791,2021-10-22 06:04:42,45600.0,100.0,1761700.0
792,2021-10-22 06:04:40,45600.0,100.0,1761600.0
793,2021-10-22 06:04:39,45600.0,200.0,1761500.0
794,2021-10-22 06:04:34,45600.0,100.0,1761300.0
795,2021-10-22 06:04:20,45600.0,700.0,1761200.0
796,2021-10-22 06:04:01,45600.0,1500.0,1760500.0
797,2021-10-22 06:03:35,45600.0,1200.0,1759000.0
798,2021-10-22 06:03:35,45600.0,400.0,1757800.0
799,2021-10-22 06:03:35,45600.0,2700.0,1757400.0
800,2021-10-22 06:03:35,45550.0,200.0,1754700.0
801,2021-10-22 06:03:35,45550.0,1000.0,1754500.0
802,2021-10-22 06:03:35,45550.0,7700.0,1753500.0
803,2021-10-22 06:03:31,45550.0,1800.0,1745800.0
804,2021-10-22 06:03:31,45550.0,100.0,1744000.0
805,2021-10-22 06:03:26,45550.0,400.0,1743900.0
806,2021-10-22 06:03:26,45550.0,9600.0,1743500.0
807,2021-10-22 06:03:20,45550.0,400.0,1733900.0
808,2021-10-22 06:03:20,45550.0,10000.0,1733500.0
809,2021-10-22 06:03:20,45550.0,5000.0,1723500.0
810,2021-10-22 06:03:20,45550.0,5000.0,1718500.0
811,2021-10-22 06:03:20,45550.0,600.0,1713500.0
812,2021-10-22 06:03:20,45550.0,4500.0,1712900.0
813,2021-10-22 06:03:15,45550.0,200.0,1708400.0
814,2021-10-22 06:03:05,45550.0,1200.0,1708200.0
815,2021-10-22 06:02:35,45500.0,100.0,1707000.0
816,2021-10-22 06:02:35,45500.0,3000.0,1706900.0
817,2021-10-22 06:02:35,45500.0,100.0,1703900.0
818,2021-10-22 06:02:35,45500.0,2000.0,1703800.0
819,2021-10-22 06:02:35,45500.0,500.0,1701800.0
820,2021-10-22 06:02:35,45500.0,300.0,1701300.0
821,2021-10-22 06:02:35,45500.0,100.0,1701000.0
822,2021-10-22 06:02:35,45500.0,600.0,1700900.0
823,2021-10-22 06:02:30,45500.0,400.0,1700300.0
824,2021-10-22 06:02:30,45500.0,100.0,1699900.0
825,2021-10-22 06:02:24,45500.0,300.0,1699800.0
826,2021-10-22 06:02:24,45500.0,2000.0,1699500.0
827,2021-10-22 06:02:24,45500.0,100.0,1697500.0
828,2021-10-22 06:02:24,45500.0,3000.0,1697400.0
829,2021-10-22 06:02:24,45500.0,200.0,1694400.0
830,2021-10-22 06:02:24,45500.0,500.0,1694200.0
831,2021-10-22 06:02:24,45500.0,1000.0,1693700.0
832,2021-10-22 06:02:24,45500.0,100.0,1692700.0
833,2021-10-22 06:02:24,45500.0,2500.0,1692600.0
834,2021-10-22 06:02:24,45500.0,2000.0,1690100.0
835,2021-10-22 06:02:24,45500.0,2000.0,1688100.0
836,2021-10-22 06:02:24,45500.0,200.0,1686100.0
837,2021-10-22 06:02:24,45500.0,10000.0,1685900.0
838,2021-10-22 06:02:24,45500.0,100.0,1675900.0
839,2021-10-22 06:02:24,45500.0,5000.0,1675800.0
840,2021-10-22 06:02:24,45500.0,13000.0,1670800.0
841,2021-10-22 06:02:24,45500.0,500.0,1657800.0
842,2021-10-22 06:02:24,45500.0,200.0,1657300.0
843,2021-10-22 06:02:24,45500.0,300.0,1657100.0
844,2021-10-22 06:02:24,45500.0,7000.0,1656800.0
845,2021-10-22 06:02:11,45500.0,200.0,1649800.0
846,2021-10-22 06:01:50,45500.0,200.0,1649600.0
847,2021-10-22 06:01:03,45450.0,2000.0,1649400.0
848,2021-10-22 06:01:03,45450.0,5100.0,1647400.0
849,2021-10-22 06:00:58,45450.0,1400.0,1642300.0
850,2021-10-22 06:00:58,45450.0,100.0,1640900.0
851,2021-10-22 06:00:36,45450.0,8900.0,1640800.0
852,2021-10-22 06:00:36,45450.0,2000.0,1631900.0
853,2021-10-22 06:00:36,45450.0,1700.0,1629900.0
854,2021-10-22 06:00:18,45400.0,800.0,1628200.0
855,2021-10-22 06:00:16,45400.0,100.0,1627400.0
856,2021-10-22 06:00:10,45450.0,500.0,1627300.0
857,2021-10-22 06:00:04,45400.0,200.0,1626800.0
858,2021-10-22 06:00:03,45400.0,1000.0,1626600.0
859,2021-10-22 06:00:03,45400.0,2000.0,1625600.0
860,2021-10-22 06:00:03,45400.0,100.0,1623600.0
861,2021-10-22 06:00:03,45450.0,100.0,1623500.0
862,2021-10-22 06:00:03,45400.0,1000.0,1623400.0
863,2021-10-22 04:29:48,45400.0,4600.0,1622400.0
864,2021-10-22 04:29:48,45400.0,400.0,1617800.0
865,2021-10-22 04:29:25,45400.0,100.0,1617400.0
866,2021-10-22 04:29:01,45400.0,300.0,1617300.0
867,2021-10-22 04:28:03,45400.0,100.0,1617000.0
868,2021-10-22 04:27:55,45450.0,100.0,1616900.0
869,2021-10-22 04:27:41,45450.0,500.0,1616800.0
870,2021-10-22 04:27:29,45400.0,100.0,1616300.0
871,2021-10-22 04:26:40,45450.0,2100.0,1616200.0
872,2021-10-22 04:26:40,45450.0,7900.0,1614100.0
873,2021-10-22 04:26:24,45450.0,500.0,1606200.0
874,2021-10-22 04:26:24,45450.0,2000.0,1605700.0
875,2021-10-22 04:26:24,45450.0,500.0,1603700.0
876,2021-10-22 04:25:34,45450.0,500.0,1603200.0
877,2021-10-22 04:25:34,45450.0,1000.0,1602700.0
878,2021-10-22 04:25:34,45450.0,3500.0,1601700.0
879,2021-10-22 04:21:29,45350.0,200.0,1598200.0
880,2021-10-22 04:21:29,45350.0,400.0,1598000.0
881,2021-10-22 04:21:29,45400.0,400.0,1597600.0
882,2021-10-22 04:21:29,45400.0,1000.0,1597200.0
883,2021-10-22 04:21:06,45400.0,1000.0,1596200.0
884,2021-10-22 04:20:39,45400.0,1000.0,1595200.0
885,2021-10-22 04:20:35,45450.0,6500.0,1594200.0
886,2021-10-22 04:20:35,45450.0,2000.0,1587700.0
887,2021-10-22 04:20:35,45450.0,100.0,1585700.0
888,2021-10-22 04:20:35,45450.0,800.0,1585600.0
889,2021-10-22 04:20:35,45450.0,600.0,1584800.0
890,2021-10-22 04:20:28,45400.0,200.0,1584200.0
891,2021-10-22 04:20:28,45400.0,100.0,1584000.0
892,2021-10-22 04:20:28,45400.0,200.0,1583900.0
893,2021-10-22 04:20:28,45400.0,7000.0,1583700.0
894,2021-10-22 04:20:28,45400.0,500.0,1576700.0
895,2021-10-22 04:20:07,45400.0,2000.0,1576200.0
896,2021-10-22 04:20:01,45450.0,200.0,1574200.0
897,2021-10-22 04:19:44,45400.0,2300.0,1574000.0
898,2021-10-22 04:19:44,45400.0,500.0,1571700.0
899,2021-10-22 04:19:44,45400.0,500.0,1571200.0
900,2021-10-22 04:19:44,45400.0,700.0,1570700.0
901,2021-10-22 04:19:01,45400.0,200.0,1570000.0
902,2021-10-22 04:17:51,45400.0,400.0,1569800.0
903,2021-10-22 04:16:49,45400.0,600.0,1569400.0
904,2021-10-22 04:16:34,45400.0,100.0,1568800.0
905,2021-10-22 04:16:32,45400.0,100.0,1568700.0
906,2021-10-22 04:15:55,45400.0,100.0,1568600.0
907,2021-10-22 04:15:51,45400.0,100.0,1568500.0
908,2021-10-22 04:15:41,45400.0,100.0,1568400.0
909,2021-10-22 04:15:05,45400.0,300.0,1568300.0
910,2021-10-22 04:15:05,45400.0,2000.0,1568000.0
911,2021-10-22 04:15:05,45400.0,300.0,1566000.0
912,2021-10-22 04:15:05,45400.0,400.0,1565700.0
913,2021-10-22 04:14:40,45350.0,1700.0,1565300.0
914,2021-10-22 04:14:14,45400.0,500.0,1563600.0
915,2021-10-22 04:14:05,45400.0,200.0,1563100.0
916,2021-10-22 04:13:54,45400.0,1000.0,1562900.0
917,2021-10-22 04:13:37,45400.0,400.0,1561900.0
918,2021-10-22 04:13:37,45400.0,400.0,1561500.0
919,2021-10-22 04:13:37,45400.0,200.0,1561100.0
920,2021-10-22 04:12:48,45400.0,200.0,1560900.0
921,2021-10-22 04:12:07,45400.0,200.0,1560700.0
922,2021-10-22 04:12:07,45400.0,200.0,1560500.0
923,2021-10-22 04:12:07,45400.0,500.0,1560300.0
924,2021-10-22 04:12:07,45400.0,1000.0,1559800.0
925,2021-10-22 04:12:07,45400.0,100.0,1558800.0
926,2021-10-22 04:12:07,45400.0,500.0,1558700.0
927,2021-10-22 04:12:07,45400.0,2000.0,1558200.0
928,2021-10-22 04:12:07,45400.0,2500.0,1556200.0
929,2021-10-22 04:12:07,45400.0,400.0,1553700.0
930,2021-10-22 04:12:07,45400.0,2200.0,1553300.0
931,2021-10-22 04:10:59,45450.0,500.0,1551100.0
932,2021-10-22 04:10:34,45400.0,1200.0,1550600.0
933,2021-10-22 04:10:23,45400.0,1600.0,1549400.0
934,2021-10-22 04:10:23,45400.0,400.0,1547800.0
935,2021-10-22 04:09:46,45400.0,1000.0,1547400.0
936,2021-10-22 04:08:13,45400.0,500.0,1546400.0
937,2021-10-22 04:06:56,45400.0,400.0,1545900.0
938,2021-10-22 04:06:56,45400.0,100.0,1545500.0
939,2021-10-22 04:06:56,45400.0,600.0,1545400.0
940,2021-10-22 04:06:14,45400.0,1000.0,1544800.0
941,2021-10-22 04:06:13,45400.0,100.0,1543800.0
942,2021-10-22 04:06:13,45400.0,100.0,1543700.0
943,2021-10-22 04:06:13,45400.0,200.0,1543600.0
944,2021-10-22 04:06:13,45400.0,5000.0,1543400.0
945,2021-10-22 04:06:13,45400.0,2000.0,1538400.0
946,2021-10-22 04:06:13,45400.0,200.0,1536400.0
947,2021-10-22 04:06:13,45400.0,800.0,1536200.0
948,2021-10-22 04:05:46,45450.0,1000.0,1535400.0
949,2021-10-22 04:04:20,45400.0,200.0,1534400.0
950,2021-10-22 04:04:20,45400.0,4800.0,1534200.0
951,2021-10-22 04:03:47,45400.0,1000.0,1529400.0
952,2021-10-22 04:02:36,45400.0,100.0,1528400.0
953,2021-10-22 04:02:36,45400.0,1100.0,1528300.0
954,2021-10-22 04:01:59,45400.0,1000.0,1527200.0
955,2021-10-22 04:01:59,45400.0,500.0,1526200.0
956,2021-10-22 04:01:59,45400.0,100.0,1525700.0
957,2021-10-22 04:01:59,45400.0,500.0,1525600.0
958,2021-10-22 04:01:59,45400.0,300.0,1525100.0
959,2021-10-22 04:01:59,45400.0,500.0,1524800.0
960,2021-10-22 04:01:59,45400.0,6000.0,1524300.0
961,2021-10-22 04:01:33,45450.0,1000.0,1518300.0
962,2021-10-22 04:01:24,45400.0,500.0,1517300.0
963,2021-10-22 04:01:09,45400.0,10000.0,1516800.0
964,2021-10-22 04:00:53,45400.0,4100.0,1506800.0
965,2021-10-22 04:00:53,45400.0,500.0,1502700.0
966,2021-10-22 04:00:53,45400.0,2000.0,1502200.0
967,2021-10-22 04:00:53,45400.0,500.0,1500200.0
968,2021-10-22 04:00:53,45400.0,1000.0,1499700.0
969,2021-10-22 04:00:53,45400.0,500.0,1498700.0
970,2021-10-22 04:00:53,45400.0,100.0,1498200.0
971,2021-10-22 04:00:53,45400.0,3000.0,1498100.0
972,2021-10-22 04:00:53,45400.0,300.0,1495100.0
973,2021-10-22 04:00:47,45450.0,1100.0,1494800.0
974,2021-10-22 04:00:02,45450.0,300.0,1493700.0
975,2021-10-22 03:59:50,45450.0,2000.0,1493400.0
976,2021-10-22 03:59:36,45450.0,1300.0,1491400.0
977,2021-10-22 03:59:19,45450.0,2000.0,1490100.0
978,2021-10-22 03:58:58,45450.0,500.0,1488100.0
979,2021-10-22 03:58:50,45400.0,200.0,1487600.0
980,2021-10-22 03:58:50,45400.0,1000.0,1487400.0
981,2021-10-22 03:58:50,45400.0,300.0,1486400.0
982,2021-10-22 03:58:50,45400.0,300.0,1486100.0
983,2021-10-22 03:58:50,45400.0,1000.0,1485800.0
984,2021-10-22 03:58:50,45400.0,2200.0,1484800.0
985,2021-10-22 03:58:39,45450.0,1000.0,1482600.0
986,2021-10-22 03:58:36,45400.0,400.0,1481600.0
987,2021-10-22 03:58:26,45450.0,5000.0,1481200.0
988,2021-10-22 03:57:13,45450.0,3000.0,1476200.0
989,2021-10-22 03:56:45,45450.0,200.0,1473200.0
990,2021-10-22 03:54:17,45450.0,3300.0,1473000.0
991,2021-10-22 03:53:34,45450.0,500.0,1469700.0
992,2021-10-22 03:53:34,45450.0,500.0,1469200.0
993,2021-10-22 03:53:34,45450.0,100.0,1468700.0
994,2021-10-22 03:53:34,45450.0,4600.0,1468600.0
995,2021-10-22 03:53:32,45450.0,400.0,1464000.0
996,2021-10-22 03:53:32,45450.0,4600.0,1463600.0
997,2021-10-22 03:53:29,45450.0,300.0,1459000.0
998,2021-10-22 03:53:26,45450.0,400.0,1458700.0
999,2021-10-22 03:53:26,45450.0,1900.0,1458300.0
1000,2021-10-22 03:53:05,45450.0,100.0,1456400.0
1001,2021-10-22 03:52:41,45450.0,3000.0,1456300.0
1002,2021-10-22 03:52:30,45400.0,400.0,1453300.0
1003,2021-10-22 03:51:55,45400.0,100.0,1452900.0
1004,2021-10-22 03:51:55,45400.0,200.0,1452800.0
1005,2021-10-22 03:51:43,45400.0,100.0,1452600.0
1006,2021-10-22 03:51:19,45400.0,1000.0,1452500.0
1007,2021-10-22 03:51:05,45400.0,500.0,1451500.0
1008,2021-10-22 03:50:56,45400.0,200.0,1451000.0
1009,2021-10-22 03:50:35,45400.0,100.0,1450800.0
1010,2021-10-22 03:50:35,45400.0,500.0,1450700.0
1011,2021-10-22 03:50:35,45400.0,200.0,1450200.0
1012,2021-10-22 03:50:28,45400.0,3500.0,1450000.0
1013,2021-10-22 03:50:26,45400.0,1300.0,1446500.0
1014,2021-10-22 03:50:26,45400.0,500.0,1445200.0
1015,2021-10-22 03:50:26,45400.0,700.0,1444700.0
1016,2021-10-22 03:50:26,45400.0,800.0,1444000.0
1017,2021-10-22 03:50:20,45400.0,2000.0,1443200.0
1018,2021-10-22 03:50:02,45400.0,700.0,1441200.0
1019,2021-10-22 03:48:57,45400.0,400.0,1440500.0
1020,2021-10-22 03:48:33,45400.0,400.0,1440100.0
1021,2021-10-22 03:48:33,45400.0,2000.0,1439700.0
1022,2021-10-22 03:48:33,45400.0,2000.0,1437700.0
1023,2021-10-22 03:48:33,45400.0,600.0,1435700.0
1024,2021-10-22 03:47:53,45400.0,400.0,1435100.0
1025,2021-10-22 03:47:47,45400.0,100.0,1434700.0
1026,2021-10-22 03:47:28,45400.0,1000.0,1434600.0
1027,2021-10-22 03:46:24,45400.0,200.0,1433600.0
1028,2021-10-22 03:46:12,45400.0,1000.0,1433400.0
1029,2021-10-22 03:46:08,45350.0,400.0,1432400.0
1030,2021-10-22 03:45:41,45350.0,300.0,1432000.0
1031,2021-10-22 03:45:19,45350.0,4000.0,1431700.0
1032,2021-10-22 03:45:05,45400.0,100.0,1427700.0
1033,2021-10-22 03:45:02,45350.0,100.0,1427600.0
1034,2021-10-22 03:45:01,45350.0,100.0,1427500.0
1035,2021-10-22 03:45:01,45350.0,100.0,1427400.0
1036,2021-10-22 03:45:01,45350.0,100.0,1427300.0
1037,2021-10-22 03:44:50,45350.0,100.0,1427200.0
1038,2021-10-22 03:44:10,45350.0,2700.0,1427100.0
1039,2021-10-22 03:44:10,45350.0,500.0,1424400.0
1040,2021-10-22 03:44:10,45350.0,1000.0,1423900.0
1041,2021-10-22 03:44:10,45350.0,500.0,1422900.0
1042,2021-10-22 03:44:10,45350.0,300.0,1422400.0
1043,2021-10-22 03:44:05,45400.0,300.0,1422100.0
1044,2021-10-22 03:43:59,45400.0,600.0,1421800.0
1045,2021-10-22 03:43:46,45400.0,1500.0,1421200.0
1046,2021-10-22 03:43:45,45400.0,500.0,1419700.0
1047,2021-10-22 03:43:45,45400.0,600.0,1419200.0
1048,2021-10-22 03:43:45,45400.0,100.0,1418600.0
1049,2021-10-22 03:43:45,45400.0,100.0,1418500.0
1050,2021-10-22 03:43:45,45400.0,1000.0,1418400.0
1051,2021-10-22 03:43:45,45400.0,2700.0,1417400.0
1052,2021-10-22 03:43:17,45400.0,700.0,1414700.0
1053,2021-10-22 03:43:06,45400.0,2000.0,1414000.0
1054,2021-10-22 03:41:57,45400.0,100.0,1412000.0
1055,2021-10-22 03:41:57,45400.0,500.0,1411900.0
1056,2021-10-22 03:41:38,45400.0,500.0,1411400.0
1057,2021-10-22 03:41:38,45400.0,400.0,1410900.0
1058,2021-10-22 03:41:38,45400.0,100.0,1410500.0
1059,2021-10-22 03:41:34,45400.0,400.0,1410400.0
1060,2021-10-22 03:41:27,45400.0,500.0,1410000.0
1061,2021-10-22 03:41:27,45400.0,500.0,1409500.0
1062,2021-10-22 03:41:12,45400.0,500.0,1409000.0
1063,2021-10-22 03:40:55,45400.0,2000.0,1408500.0
1064,2021-10-22 03:40:53,45400.0,1000.0,1406500.0
1065,2021-10-22 03:39:13,45400.0,1100.0,1405500.0
1066,2021-10-22 03:38:54,45400.0,100.0,1404400.0
1067,2021-10-22 03:38:54,45400.0,100.0,1404300.0
1068,2021-10-22 03:38:53,45400.0,900.0,1404200.0
1069,2021-10-22 03:38:28,45400.0,1000.0,1403300.0
1070,2021-10-22 03:38:17,45400.0,8000.0,1402300.0
1071,2021-10-22 03:38:17,45400.0,2000.0,1394300.0
1072,2021-10-22 03:37:19,45400.0,200.0,1392300.0
1073,2021-10-22 03:37:12,45400.0,2000.0,1392100.0
1074,2021-10-22 03:36:21,45400.0,800.0,1390100.0
1075,2021-10-22 03:36:21,45400.0,200.0,1389300.0
1076,2021-10-22 03:35:26,45400.0,200.0,1389100.0
1077,2021-10-22 03:34:08,45400.0,4600.0,1388900.0
1078,2021-10-22 03:34:08,45400.0,2100.0,1384300.0
1079,2021-10-22 03:34:06,45400.0,3300.0,1382200.0
1080,2021-10-22 03:34:06,45400.0,1700.0,1378900.0
1081,2021-10-22 03:34:06,45400.0,8100.0,1377200.0
1082,2021-10-22 03:34:06,45400.0,100.0,1369100.0
1083,2021-10-22 03:34:06,45400.0,100.0,1369000.0
1084,2021-10-22 03:33:44,45400.0,200.0,1368900.0
1085,2021-10-22 03:33:20,45350.0,700.0,1368700.0
1086,2021-10-22 03:33:20,45350.0,2000.0,1368000.0
1087,2021-10-22 03:33:20,45350.0,2300.0,1366000.0
1088,2021-10-22 03:33:12,45400.0,100.0,1363700.0
1089,2021-10-22 03:32:54,45400.0,1000.0,1363600.0
1090,2021-10-22 03:32:54,45400.0,2000.0,1362600.0
1091,2021-10-22 03:32:54,45400.0,100.0,1360600.0
1092,2021-10-22 03:32:54,45400.0,1500.0,1360500.0
1093,2021-10-22 03:32:14,45400.0,500.0,1359000.0
1094,2021-10-22 03:32:10,45400.0,100.0,1358500.0
1095,2021-10-22 03:32:10,45400.0,200.0,1358400.0
1096,2021-10-22 03:32:10,45400.0,200.0,1358200.0
1097,2021-10-22 03:32:10,45400.0,500.0,1358000.0
1098,2021-10-22 03:32:08,45450.0,200.0,1357500.0
1099,2021-10-22 03:31:59,45400.0,4500.0,1357300.0
1100,2021-10-22 03:31:59,45400.0,12500.0,1352800.0
1101,2021-10-22 03:31:27,45450.0,100.0,1340300.0
1102,2021-10-22 03:31:27,45450.0,11600.0,1340200.0
1103,2021-10-22 03:31:10,45450.0,200.0,1328600.0
1104,2021-10-22 03:31:06,45450.0,1000.0,1328400.0
1105,2021-10-22 03:30:52,45450.0,600.0,1327400.0
1106,2021-10-22 03:30:51,45450.0,300.0,1326800.0
1107,2021-10-22 03:30:50,45450.0,6300.0,1326500.0
1108,2021-10-22 03:30:46,45450.0,1000.0,1320200.0
1109,2021-10-22 03:30:43,45450.0,1000.0,1319200.0
1110,2021-10-22 03:30:40,45450.0,11700.0,1318200.0
1111,2021-10-22 03:30:32,45450.0,300.0,1306500.0
1112,2021-10-22 03:30:32,45450.0,500.0,1306200.0
1113,2021-10-22 03:30:27,45450.0,500.0,1305700.0
1114,2021-10-22 03:30:11,45500.0,200.0,1305200.0
1115,2021-10-22 03:30:07,45500.0,1000.0,1305000.0
1116,2021-10-22 03:29:55,45500.0,1400.0,1304000.0
1117,2021-10-22 03:29:53,45500.0,1000.0,1302600.0
1118,2021-10-22 03:29:53,45500.0,2000.0,1301600.0
1119,2021-10-22 03:29:40,45500.0,3000.0,1299600.0
1120,2021-10-22 03:29:40,45500.0,800.0,1296600.0
1121,2021-10-22 03:29:40,45500.0,300.0,1295800.0
1122,2021-10-22 03:29:40,45500.0,3000.0,1295500.0
1123,2021-10-22 03:29:40,45500.0,900.0,1292500.0
1124,2021-10-22 03:29:40,45500.0,400.0,1291600.0
1125,2021-10-22 03:29:26,45500.0,700.0,1291200.0
1126,2021-10-22 03:29:26,45500.0,300.0,1290500.0
1127,2021-10-22 03:29:19,45550.0,100.0,1290200.0
1128,2021-10-22 03:29:14,45550.0,800.0,1290100.0
1129,2021-10-22 03:29:03,45550.0,600.0,1289300.0
1130,2021-10-22 03:28:55,45550.0,300.0,1288700.0
1131,2021-10-22 03:28:55,45550.0,100.0,1288400.0
1132,2021-10-22 03:28:55,45550.0,5400.0,1288300.0
1133,2021-10-22 03:28:55,45550.0,200.0,1282900.0
1134,2021-10-22 03:28:55,45550.0,1400.0,1282700.0
1135,2021-10-22 03:28:42,45550.0,300.0,1281300.0
1136,2021-10-22 03:28:39,45600.0,1400.0,1281000.0
1137,2021-10-22 03:28:39,45550.0,100.0,1279600.0
1138,2021-10-22 03:28:31,45550.0,1000.0,1279500.0
1139,2021-10-22 03:28:28,45550.0,1500.0,1278500.0
1140,2021-10-22 03:28:22,45550.0,500.0,1277000.0
1141,2021-10-22 03:28:22,45550.0,1200.0,1276500.0
1142,2021-10-22 03:28:22,45550.0,700.0,1275300.0
1143,2021-10-22 03:28:19,45550.0,1300.0,1274600.0
1144,2021-10-22 03:28:19,45550.0,300.0,1273300.0
1145,2021-10-22 03:28:19,45550.0,100.0,1273000.0
1146,2021-10-22 03:28:19,45550.0,100.0,1272900.0
1147,2021-10-22 03:28:19,45550.0,3200.0,1272800.0
1148,2021-10-22 03:28:18,45550.0,100.0,1269600.0
1149,2021-10-22 03:28:13,45550.0,700.0,1269500.0
1150,2021-10-22 03:28:13,45550.0,500.0,1268800.0
1151,2021-10-22 03:28:13,45550.0,1000.0,1268300.0
1152,2021-10-22 03:28:13,45550.0,7800.0,1267300.0
1153,2021-10-22 03:27:59,45550.0,300.0,1259500.0
1154,2021-10-22 03:27:54,45550.0,400.0,1259200.0
1155,2021-10-22 03:27:54,45550.0,2000.0,1258800.0
1156,2021-10-22 03:27:54,45550.0,3400.0,1256800.0
1157,2021-10-22 03:27:42,45550.0,1600.0,1253400.0
1158,2021-10-22 03:27:42,45550.0,8400.0,1251800.0
1159,2021-10-22 03:27:39,45550.0,500.0,1243400.0
1160,2021-10-22 03:27:36,45500.0,500.0,1242900.0
1161,2021-10-22 03:27:27,45550.0,1000.0,1242400.0
1162,2021-10-22 03:27:22,45500.0,4100.0,1241400.0
1163,2021-10-22 03:27:21,45500.0,900.0,1237300.0
1164,2021-10-22 03:27:16,45500.0,100.0,1236400.0
1165,2021-10-22 03:27:16,45500.0,1000.0,1236300.0
1166,2021-10-22 03:27:16,45500.0,1000.0,1235300.0
1167,2021-10-22 03:27:16,45500.0,1200.0,1234300.0
1168,2021-10-22 03:27:16,45500.0,2000.0,1233100.0
1169,2021-10-22 03:27:16,45500.0,1300.0,1231100.0
1170,2021-10-22 03:27:16,45500.0,5000.0,1229800.0
1171,2021-10-22 03:27:16,45500.0,1400.0,1224800.0
1172,2021-10-22 03:27:13,45550.0,200.0,1223400.0
1173,2021-10-22 03:27:09,45550.0,1000.0,1223200.0
1174,2021-10-22 03:27:08,45550.0,500.0,1222200.0
1175,2021-10-22 03:27:05,45550.0,100.0,1221700.0
1176,2021-10-22 03:27:03,45550.0,2000.0,1221600.0
1177,2021-10-22 03:27:03,45550.0,300.0,1219600.0
1178,2021-10-22 03:27:01,45550.0,1000.0,1219300.0
1179,2021-10-22 03:27:01,45550.0,1000.0,1218300.0
1180,2021-10-22 03:26:56,45550.0,100.0,1217300.0
1181,2021-10-22 03:26:56,45550.0,3900.0,1217200.0
1182,2021-10-22 03:26:53,45550.0,3700.0,1213300.0
1183,2021-10-22 03:26:49,45550.0,3200.0,1209600.0
1184,2021-10-22 03:26:49,45550.0,300.0,1206400.0
1185,2021-10-22 03:26:49,45550.0,2800.0,1206100.0
1186,2021-10-22 03:26:38,45600.0,5900.0,1203300.0
1187,2021-10-22 03:26:38,45600.0,100.0,1197400.0
1188,2021-10-22 03:26:29,45550.0,2400.0,1197300.0
1189,2021-10-22 03:26:29,45550.0,1000.0,1194900.0
1190,2021-10-22 03:26:21,45550.0,500.0,1193900.0
1191,2021-10-22 03:26:21,45550.0,5200.0,1193400.0
1192,2021-10-22 03:26:21,45550.0,100.0,1188200.0
1193,2021-10-22 03:26:21,45550.0,3300.0,1188100.0
1194,2021-10-22 03:26:13,45550.0,1000.0,1184800.0
1195,2021-10-22 03:26:07,45550.0,4300.0,1183800.0
1196,2021-10-22 03:26:06,45550.0,1000.0,1179500.0
1197,2021-10-22 03:25:59,45550.0,400.0,1178500.0
1198,2021-10-22 03:25:59,45550.0,5000.0,1178100.0
1199,2021-10-22 03:25:59,45550.0,200.0,1173100.0
1200,2021-10-22 03:25:59,45550.0,400.0,1172900.0
1201,2021-10-22 03:25:59,45550.0,500.0,1172500.0
1202,2021-10-22 03:25:44,45550.0,500.0,1172000.0
1203,2021-10-22 03:25:41,45550.0,1400.0,1171500.0
1204,2021-10-22 03:25:33,45550.0,3000.0,1170100.0
1205,2021-10-22 03:25:31,45550.0,2100.0,1167100.0
1206,2021-10-22 03:25:25,45500.0,200.0,1165000.0
1207,2021-10-22 03:25:17,45500.0,2400.0,1164800.0
1208,2021-10-22 03:25:17,45500.0,7600.0,1162400.0
1209,2021-10-22 03:25:13,45550.0,4100.0,1154800.0
1210,2021-10-22 03:25:13,45550.0,900.0,1150700.0
1211,2021-10-22 03:25:09,45550.0,100.0,1149800.0
1212,2021-10-22 03:24:52,45500.0,400.0,1149700.0
1213,2021-10-22 03:24:48,45500.0,100.0,1149300.0
1214,2021-10-22 03:24:48,45500.0,3900.0,1149200.0
1215,2021-10-22 03:24:46,45500.0,1100.0,1145300.0
1216,2021-10-22 03:24:46,45500.0,100.0,1144200.0
1217,2021-10-22 03:24:46,45500.0,3800.0,1144100.0
1218,2021-10-22 03:24:45,45500.0,1200.0,1140300.0
1219,2021-10-22 03:24:45,45500.0,200.0,1139100.0
1220,2021-10-22 03:24:45,45500.0,1000.0,1138900.0
1221,2021-10-22 03:24:45,45500.0,25000.0,1137900.0
1222,2021-10-22 03:24:45,45500.0,100.0,1112900.0
1223,2021-10-22 03:24:45,45500.0,100.0,1112800.0
1224,2021-10-22 03:24:45,45500.0,15000.0,1112700.0
1225,2021-10-22 03:24:45,45500.0,500.0,1097700.0
1226,2021-10-22 03:24:45,45500.0,300.0,1097200.0
1227,2021-10-22 03:24:45,45500.0,500.0,1096900.0
1228,2021-10-22 03:24:45,45500.0,300.0,1096400.0
1229,2021-10-22 03:24:45,45500.0,500.0,1096100.0
1230,2021-10-22 03:24:45,45500.0,100.0,1095600.0
1231,2021-10-22 03:24:45,45500.0,1000.0,1095500.0
1232,2021-10-22 03:24:45,45500.0,1800.0,1094500.0
1233,2021-10-22 03:24:45,45500.0,100.0,1092700.0
1234,2021-10-22 03:24:45,45500.0,600.0,1092600.0
1235,2021-10-22 03:24:45,45500.0,100.0,1092000.0
1236,2021-10-22 03:24:45,45500.0,700.0,1091900.0
1237,2021-10-22 03:24:45,45500.0,200.0,1091200.0
1238,2021-10-22 03:24:45,45500.0,700.0,1091000.0
1239,2021-10-22 03:24:38,45500.0,300.0,1090300.0
1240,2021-10-22 03:24:38,45500.0,500.0,1090000.0
1241,2021-10-22 03:24:38,45500.0,800.0,1089500.0
1242,2021-10-22 03:24:38,45500.0,1000.0,1088700.0
1243,2021-10-22 03:24:38,45500.0,1500.0,1087700.0
1244,2021-10-22 03:24:38,45500.0,100.0,1086200.0
1245,2021-10-22 03:24:38,45500.0,100.0,1086100.0
1246,2021-10-22 03:24:38,45500.0,500.0,1086000.0
1247,2021-10-22 03:24:38,45500.0,200.0,1085500.0
1248,2021-10-22 03:24:34,45500.0,400.0,1085300.0
1249,2021-10-22 03:24:34,45500.0,500.0,1084900.0
1250,2021-10-22 03:24:34,45500.0,1000.0,1084400.0
1251,2021-10-22 03:24:34,45500.0,500.0,1083400.0
1252,2021-10-22 03:24:34,45500.0,400.0,1082900.0
1253,2021-10-22 03:24:34,45500.0,100.0,1082500.0
1254,2021-10-22 03:24:34,45500.0,400.0,1082400.0
1255,2021-10-22 03:24:34,45500.0,1000.0,1082000.0
1256,2021-10-22 03:24:34,45500.0,7000.0,1081000.0
1257,2021-10-22 03:24:34,45500.0,700.0,1074000.0
1258,2021-10-22 03:24:34,45500.0,200.0,1073300.0
1259,2021-10-22 03:24:34,45500.0,200.0,1073100.0
1260,2021-10-22 03:24:34,45500.0,20000.0,1072900.0
1261,2021-10-22 03:24:34,45500.0,15000.0,1052900.0
1262,2021-10-22 03:24:34,45500.0,200.0,1037900.0
1263,2021-10-22 03:24:34,45500.0,1000.0,1037700.0
1264,2021-10-22 03:24:34,45500.0,5000.0,1036700.0
1265,2021-10-22 03:24:34,45500.0,100.0,1031700.0
1266,2021-10-22 03:24:34,45500.0,10000.0,1031600.0
1267,2021-10-22 03:24:34,45500.0,10000.0,1021600.0
1268,2021-10-22 03:24:34,45500.0,100.0,1011600.0
1269,2021-10-22 03:24:34,45500.0,500.0,1011500.0
1270,2021-10-22 03:24:34,45500.0,10000.0,1011000.0
1271,2021-10-22 03:24:34,45500.0,1000.0,1001000.0
1272,2021-10-22 03:24:34,45500.0,10000.0,1000000.0
1273,2021-10-22 03:24:34,45500.0,1000.0,990000.0
1274,2021-10-22 03:24:34,45500.0,500.0,989000.0
1275,2021-10-22 03:24:34,45450.0,3200.0,988500.0
1276,2021-10-22 03:24:29,45450.0,1000.0,985300.0
1277,2021-10-22 03:24:26,45450.0,1300.0,984300.0
1278,2021-10-22 03:24:26,45450.0,2000.0,983000.0
1279,2021-10-22 03:24:26,45450.0,2500.0,981000.0
1280,2021-10-22 03:24:19,45450.0,7500.0,978500.0
1281,2021-10-22 03:24:18,45400.0,1000.0,971000.0
1282,2021-10-22 03:24:14,45450.0,2500.0,970000.0
1283,2021-10-22 03:24:14,45450.0,100.0,967500.0
1284,2021-10-22 03:24:14,45450.0,5000.0,967400.0
1285,2021-10-22 03:24:14,45450.0,500.0,962400.0
1286,2021-10-22 03:24:12,45450.0,5200.0,961900.0
1287,2021-10-22 03:24:10,45450.0,4300.0,956700.0
1288,2021-10-22 03:24:10,45450.0,700.0,952400.0
1289,2021-10-22 03:24:05,45400.0,500.0,951700.0
1290,2021-10-22 03:24:05,45400.0,1000.0,951200.0
1291,2021-10-22 03:24:05,45400.0,500.0,950200.0
1292,2021-10-22 03:23:34,45400.0,1000.0,949700.0
1293,2021-10-22 03:23:32,45400.0,1000.0,948700.0
1294,2021-10-22 03:23:28,45400.0,400.0,947700.0
1295,2021-10-22 03:23:28,45400.0,100.0,947300.0
1296,2021-10-22 03:23:28,45400.0,1400.0,947200.0
1297,2021-10-22 03:23:25,45400.0,100.0,945800.0
1298,2021-10-22 03:23:25,45400.0,100.0,945700.0
1299,2021-10-22 03:23:25,45400.0,500.0,945600.0
1300,2021-10-22 03:23:25,45400.0,100.0,945100.0
1301,2021-10-22 03:23:25,45400.0,100.0,945000.0
1302,2021-10-22 03:23:25,45400.0,100.0,944900.0
1303,2021-10-22 03:23:25,45400.0,700.0,944800.0
1304,2021-10-22 03:23:24,45400.0,800.0,944100.0
1305,2021-10-22 03:23:24,45400.0,100.0,943300.0
1306,2021-10-22 03:23:24,45400.0,300.0,943200.0
1307,2021-10-22 03:23:24,45400.0,800.0,942900.0
1308,2021-10-22 03:23:21,45400.0,200.0,942100.0
1309,2021-10-22 03:23:21,45400.0,100.0,941900.0
1310,2021-10-22 03:23:21,45400.0,200.0,941800.0
1311,2021-10-22 03:23:20,45400.0,300.0,941600.0
1312,2021-10-22 03:23:20,45400.0,200.0,941300.0
1313,2021-10-22 03:23:20,45400.0,800.0,941100.0
1314,2021-10-22 03:23:20,45400.0,1500.0,940300.0
1315,2021-10-22 03:23:14,45400.0,1500.0,938800.0
1316,2021-10-22 03:23:12,45400.0,7000.0,937300.0
1317,2021-10-22 03:23:12,45400.0,2700.0,930300.0
1318,2021-10-22 03:23:07,45400.0,500.0,927600.0
1319,2021-10-22 03:22:58,45400.0,3000.0,927100.0
1320,2021-10-22 03:22:58,45400.0,3000.0,924100.0
1321,2021-10-22 03:22:57,45400.0,800.0,921100.0
1322,2021-10-22 03:22:57,45400.0,200.0,920300.0
1323,2021-10-22 03:22:57,45400.0,4000.0,920100.0
1324,2021-10-22 03:22:57,45400.0,1500.0,916100.0
1325,2021-10-22 03:22:50,45400.0,5200.0,914600.0
1326,2021-10-22 03:22:44,45400.0,4000.0,909400.0
1327,2021-10-22 03:22:41,45400.0,4500.0,905400.0
1328,2021-10-22 03:22:35,45350.0,7700.0,900900.0
1329,2021-10-22 03:22:35,45350.0,1000.0,893200.0
1330,2021-10-22 03:22:35,45350.0,300.0,892200.0
1331,2021-10-22 03:22:33,45400.0,20000.0,891900.0
1332,2021-10-22 03:22:30,45400.0,20000.0,871900.0
1333,2021-10-22 03:22:25,45400.0,10000.0,851900.0
1334,2021-10-22 03:22:21,45400.0,800.0,841900.0
1335,2021-10-22 03:22:21,45400.0,9200.0,841100.0
1336,2021-10-22 03:22:14,45350.0,200.0,831900.0
1337,2021-10-22 03:22:10,45400.0,800.0,831700.0
1338,2021-10-22 03:21:56,45350.0,300.0,830900.0
1339,2021-10-22 03:21:22,45350.0,4800.0,830600.0
1340,2021-10-22 03:21:22,45350.0,200.0,825800.0
1341,2021-10-22 03:21:20,45350.0,200.0,825600.0
1342,2021-10-22 03:21:20,45350.0,1000.0,825400.0
1343,2021-10-22 03:21:20,45350.0,1600.0,824400.0
1344,2021-10-22 03:21:11,45350.0,1000.0,822800.0
1345,2021-10-22 03:20:46,45350.0,100.0,821800.0
1346,2021-10-22 03:20:46,45350.0,7300.0,821700.0
1347,2021-10-22 03:20:31,45350.0,1500.0,814400.0
1348,2021-10-22 03:20:31,45350.0,1200.0,812900.0
1349,2021-10-22 03:20:22,45350.0,2000.0,811700.0
1350,2021-10-22 03:20:09,45350.0,1000.0,809700.0
1351,2021-10-22 03:20:09,45350.0,800.0,808700.0
1352,2021-10-22 03:20:03,45350.0,100.0,807900.0
1353,2021-10-22 03:20:02,45350.0,200.0,807800.0
1354,2021-10-22 03:20:02,45350.0,200.0,807600.0
1355,2021-10-22 03:20:02,45350.0,400.0,807400.0
1356,2021-10-22 03:20:02,45350.0,1000.0,807000.0
1357,2021-10-22 03:20:02,45350.0,100.0,806000.0
1358,2021-10-22 03:20:02,45350.0,100.0,805900.0
1359,2021-10-22 03:20:02,45350.0,200.0,805800.0
1360,2021-10-22 03:20:02,45350.0,100.0,805600.0
1361,2021-10-22 03:20:02,45350.0,100.0,805500.0
1362,2021-10-22 03:20:02,45350.0,1000.0,805400.0
1363,2021-10-22 03:20:02,45350.0,100.0,804400.0
1364,2021-10-22 03:20:02,45350.0,100.0,804300.0
1365,2021-10-22 03:20:02,45350.0,500.0,804200.0
1366,2021-10-22 03:20:00,45300.0,100.0,803700.0
1367,2021-10-22 03:19:55,45350.0,500.0,803600.0
1368,2021-10-22 03:19:55,45350.0,300.0,803100.0
1369,2021-10-22 03:19:55,45350.0,100.0,802800.0
1370,2021-10-22 03:19:55,45350.0,2000.0,802700.0
1371,2021-10-22 03:19:49,45350.0,200.0,800700.0
1372,2021-10-22 03:19:49,45350.0,200.0,800500.0
1373,2021-10-22 03:19:49,45350.0,100.0,800300.0
1374,2021-10-22 03:19:48,45350.0,100.0,800200.0
1375,2021-10-22 03:19:48,45350.0,400.0,800100.0
1376,2021-10-22 03:19:48,45350.0,1000.0,799700.0
1377,2021-10-22 03:19:48,45350.0,700.0,798700.0
1378,2021-10-22 03:19:48,45350.0,10000.0,798000.0
1379,2021-10-22 03:19:48,45350.0,10000.0,788000.0
1380,2021-10-22 03:19:48,45350.0,7100.0,778000.0
1381,2021-10-22 03:19:43,45350.0,200.0,770900.0
1382,2021-10-22 03:19:25,45350.0,2700.0,770700.0
1383,2021-10-22 03:19:25,45350.0,3900.0,768000.0
1384,2021-10-22 03:18:12,45350.0,400.0,764100.0
1385,2021-10-22 03:17:38,45350.0,5700.0,763700.0
1386,2021-10-22 03:17:38,45350.0,4200.0,758000.0
1387,2021-10-22 03:17:21,45350.0,100.0,753800.0
1388,2021-10-22 03:16:14,45350.0,300.0,753700.0
1389,2021-10-22 03:16:08,45300.0,100.0,753400.0
1390,2021-10-22 03:16:06,45300.0,3000.0,753300.0
1391,2021-10-22 03:15:34,45300.0,1000.0,750300.0
1392,2021-10-22 03:15:30,45350.0,200.0,749300.0
1393,2021-10-22 03:14:58,45350.0,1000.0,749100.0
1394,2021-10-22 03:14:57,45300.0,200.0,748100.0
1395,2021-10-22 03:14:54,45300.0,2400.0,747900.0
1396,2021-10-22 03:14:54,45300.0,100.0,745500.0
1397,2021-10-22 03:14:54,45300.0,1000.0,745400.0
1398,2021-10-22 03:14:54,45300.0,200.0,744400.0
1399,2021-10-22 03:14:54,45300.0,11300.0,744200.0
1400,2021-10-22 03:14:48,45350.0,3000.0,732900.0
1401,2021-10-22 03:14:35,45300.0,800.0,729900.0
1402,2021-10-22 03:13:40,45350.0,500.0,729100.0
1403,2021-10-22 03:13:37,45300.0,7900.0,728600.0
1404,2021-10-22 03:13:37,45300.0,500.0,720700.0
1405,2021-10-22 03:13:30,45300.0,500.0,720200.0
1406,2021-10-22 03:13:27,45300.0,500.0,719700.0
1407,2021-10-22 03:13:27,45300.0,600.0,719200.0
1408,2021-10-22 03:13:26,45350.0,500.0,718600.0
1409,2021-10-22 03:13:21,45300.0,900.0,718100.0
1410,2021-10-22 03:13:17,45300.0,500.0,717200.0
1411,2021-10-22 03:13:02,45300.0,500.0,716700.0
1412,2021-10-22 03:13:02,45300.0,1000.0,716200.0
1413,2021-10-22 03:13:02,45300.0,1000.0,715200.0
1414,2021-10-22 03:13:02,45300.0,3000.0,714200.0
1415,2021-10-22 03:13:02,45300.0,1000.0,711200.0
1416,2021-10-22 03:13:02,45300.0,2100.0,710200.0
1417,2021-10-22 03:13:01,45350.0,200.0,708100.0
1418,2021-10-22 03:13:01,45350.0,300.0,707900.0
1419,2021-10-22 03:12:53,45300.0,1000.0,707600.0
1420,2021-10-22 03:12:34,45300.0,1900.0,706600.0
1421,2021-10-22 03:12:34,45300.0,10000.0,704700.0
1422,2021-10-22 03:12:34,45300.0,600.0,694700.0
1423,2021-10-22 03:12:21,45300.0,1000.0,694100.0
1424,2021-10-22 03:12:18,45300.0,900.0,693100.0
1425,2021-10-22 03:12:06,45300.0,100.0,692200.0
1426,2021-10-22 03:12:06,45300.0,500.0,692100.0
1427,2021-10-22 03:12:06,45300.0,900.0,691600.0
1428,2021-10-22 03:12:06,45300.0,2000.0,690700.0
1429,2021-10-22 03:12:06,45300.0,1000.0,688700.0
1430,2021-10-22 03:12:06,45300.0,100.0,687700.0
1431,2021-10-22 03:12:06,45300.0,1000.0,687600.0
1432,2021-10-22 03:12:06,45300.0,300.0,686600.0
1433,2021-10-22 03:12:06,45300.0,100.0,686300.0
1434,2021-10-22 03:12:06,45300.0,1500.0,686200.0
1435,2021-10-22 03:12:02,45300.0,3500.0,684700.0
1436,2021-10-22 03:12:02,45300.0,500.0,681200.0
1437,2021-10-22 03:12:02,45300.0,2000.0,680700.0
1438,2021-10-22 03:12:02,45300.0,4000.0,678700.0
1439,2021-10-22 03:12:00,45300.0,6000.0,674700.0
1440,2021-10-22 03:12:00,45300.0,2000.0,668700.0
1441,2021-10-22 03:12:00,45300.0,100.0,666700.0
1442,2021-10-22 03:12:00,45300.0,300.0,666600.0
1443,2021-10-22 03:12:00,45300.0,1000.0,666300.0
1444,2021-10-22 03:12:00,45300.0,600.0,665300.0
1445,2021-10-22 03:11:38,45250.0,500.0,664700.0
1446,2021-10-22 03:11:34,45300.0,8900.0,664200.0
1447,2021-10-22 03:11:34,45300.0,200.0,655300.0
1448,2021-10-22 03:11:29,45300.0,2000.0,655100.0
1449,2021-10-22 03:11:28,45300.0,1500.0,653100.0
1450,2021-10-22 03:11:21,45250.0,100.0,651600.0
1451,2021-10-22 03:10:34,45250.0,800.0,651500.0
1452,2021-10-22 03:10:34,45250.0,100.0,650700.0
1453,2021-10-22 03:10:24,45250.0,100.0,650600.0
1454,2021-10-22 03:10:22,45200.0,7700.0,650500.0
1455,2021-10-22 03:10:22,45250.0,7300.0,642800.0
1456,2021-10-22 03:10:21,45250.0,1000.0,635500.0
1457,2021-10-22 03:10:21,45250.0,500.0,634500.0
1458,2021-10-22 03:10:21,45250.0,1200.0,634000.0
1459,2021-10-22 03:10:16,45250.0,500.0,632800.0
1460,2021-10-22 03:09:57,45250.0,1300.0,632300.0
1461,2021-10-22 03:09:57,45250.0,5000.0,631000.0
1462,2021-10-22 03:09:57,45250.0,2500.0,626000.0
1463,2021-10-22 03:09:56,45200.0,500.0,623500.0
1464,2021-10-22 03:08:59,45200.0,4000.0,623000.0
1465,2021-10-22 03:08:52,45250.0,200.0,619000.0
1466,2021-10-22 03:08:34,45250.0,1200.0,618800.0
1467,2021-10-22 03:08:31,45250.0,1800.0,617600.0
1468,2021-10-22 03:08:31,45250.0,3200.0,615800.0
1469,2021-10-22 03:08:23,45250.0,600.0,612600.0
1470,2021-10-22 03:07:58,45250.0,1200.0,612000.0
1471,2021-10-22 03:07:57,45250.0,3100.0,610800.0
1472,2021-10-22 03:07:51,45300.0,1600.0,607700.0
1473,2021-10-22 03:07:43,45250.0,100.0,606100.0
1474,2021-10-22 03:07:15,45250.0,1000.0,606000.0
1475,2021-10-22 03:07:15,45250.0,200.0,605000.0
1476,2021-10-22 03:07:15,45250.0,1000.0,604800.0
1477,2021-10-22 03:07:15,45250.0,2000.0,603800.0
1478,2021-10-22 03:07:15,45250.0,1400.0,601800.0
1479,2021-10-22 03:06:28,45200.0,100.0,600400.0
1480,2021-10-22 03:06:04,45250.0,100.0,600300.0
1481,2021-10-22 03:05:55,45200.0,100.0,600200.0
1482,2021-10-22 03:05:55,45200.0,100.0,600100.0
1483,2021-10-22 03:05:39,45250.0,200.0,600000.0
1484,2021-10-22 03:05:32,45250.0,200.0,599800.0
1485,2021-10-22 03:05:27,45250.0,700.0,599600.0
1486,2021-10-22 03:05:26,45250.0,500.0,598900.0
1487,2021-10-22 03:05:23,45250.0,200.0,598400.0
1488,2021-10-22 03:05:06,45250.0,500.0,598200.0
1489,2021-10-22 03:05:00,45250.0,200.0,597700.0
1490,2021-10-22 03:05:00,45250.0,500.0,597500.0
1491,2021-10-22 03:05:00,45250.0,200.0,597000.0
1492,2021-10-22 03:05:00,45250.0,300.0,596800.0
1493,2021-10-22 03:04:55,45250.0,700.0,596500.0
1494,2021-10-22 03:04:55,45250.0,300.0,595800.0
1495,2021-10-22 03:04:55,45250.0,1000.0,595500.0
1496,2021-10-22 03:04:51,45250.0,100.0,594500.0
1497,2021-10-22 03:04:51,45250.0,100.0,594400.0
1498,2021-10-22 03:04:51,45250.0,300.0,594300.0
1499,2021-10-22 03:04:48,45250.0,100.0,594000.0
1500,2021-10-22 03:04:34,45250.0,600.0,593900.0
1501,2021-10-22 03:04:34,45250.0,1000.0,593300.0
1502,2021-10-22 03:04:34,45250.0,1000.0,592300.0
1503,2021-10-22 03:04:34,45250.0,1700.0,591300.0
1504,2021-10-22 03:04:34,45250.0,5000.0,589600.0
1505,2021-10-22 03:04:34,45250.0,200.0,584600.0
1506,2021-10-22 03:04:34,45250.0,500.0,584400.0
1507,2021-10-22 03:03:02,45250.0,100.0,583900.0
1508,2021-10-22 03:03:02,45250.0,900.0,583800.0
1509,2021-10-22 03:03:02,45250.0,9000.0,582900.0
1510,2021-10-22 03:02:34,45250.0,100.0,573900.0
1511,2021-10-22 03:02:28,45250.0,800.0,573800.0
1512,2021-10-22 03:02:10,45250.0,100.0,573000.0
1513,2021-10-22 03:01:50,45250.0,1000.0,572900.0
1514,2021-10-22 03:01:47,45250.0,200.0,571900.0
1515,2021-10-22 03:01:28,45250.0,1000.0,571700.0
1516,2021-10-22 03:01:14,45250.0,100.0,570700.0
1517,2021-10-22 03:00:22,45250.0,500.0,570600.0
1518,2021-10-22 03:00:19,45300.0,300.0,570100.0
1519,2021-10-22 03:00:17,45300.0,10000.0,569800.0
1520,2021-10-22 03:00:06,45300.0,10000.0,559800.0
1521,2021-10-22 03:00:00,45250.0,800.0,549800.0
1522,2021-10-22 02:59:58,45300.0,900.0,549000.0
1523,2021-10-22 02:59:52,45300.0,3000.0,548100.0
1524,2021-10-22 02:59:52,45300.0,100.0,545100.0
1525,2021-10-22 02:59:52,45300.0,100.0,545000.0
1526,2021-10-22 02:59:52,45300.0,10000.0,544900.0
1527,2021-10-22 02:59:52,45300.0,5000.0,534900.0
1528,2021-10-22 02:59:52,45300.0,900.0,529900.0
1529,2021-10-22 02:59:52,45300.0,3000.0,529000.0
1530,2021-10-22 02:59:52,45300.0,2200.0,526000.0
1531,2021-10-22 02:59:52,45300.0,500.0,523800.0
1532,2021-10-22 02:59:52,45300.0,100.0,523300.0
1533,2021-10-22 02:59:52,45300.0,2000.0,523200.0
1534,2021-10-22 02:59:52,45300.0,700.0,521200.0
1535,2021-10-22 02:59:52,45300.0,6400.0,520500.0
1536,2021-10-22 02:59:48,45350.0,200.0,514100.0
1537,2021-10-22 02:59:46,45350.0,600.0,513900.0
1538,2021-10-22 02:59:43,45350.0,3000.0,513300.0
1539,2021-10-22 02:59:23,45350.0,900.0,510300.0
1540,2021-10-22 02:59:07,45350.0,5000.0,509400.0
1541,2021-10-22 02:59:07,45350.0,1000.0,504400.0
1542,2021-10-22 02:58:53,45300.0,500.0,503400.0
1543,2021-10-22 02:58:50,45300.0,300.0,502900.0
1544,2021-10-22 02:58:11,45300.0,500.0,502600.0
1545,2021-10-22 02:58:07,45300.0,200.0,502100.0
1546,2021-10-22 02:57:49,45300.0,2800.0,501900.0
1547,2021-10-22 02:57:47,45300.0,2500.0,499100.0
1548,2021-10-22 02:57:46,45300.0,500.0,496600.0
1549,2021-10-22 02:57:39,45300.0,500.0,496100.0
1550,2021-10-22 02:57:33,45300.0,3000.0,495600.0
1551,2021-10-22 02:57:33,45300.0,700.0,492600.0
1552,2021-10-22 02:57:32,45300.0,1300.0,491900.0
1553,2021-10-22 02:57:32,45300.0,200.0,490600.0
1554,2021-10-22 02:57:32,45300.0,200.0,490400.0
1555,2021-10-22 02:57:32,45300.0,200.0,490200.0
1556,2021-10-22 02:57:32,45300.0,100.0,490000.0
1557,2021-10-22 02:57:32,45300.0,200.0,489900.0
1558,2021-10-22 02:57:32,45300.0,1000.0,489700.0
1559,2021-10-22 02:57:32,45300.0,100.0,488700.0
1560,2021-10-22 02:57:32,45300.0,300.0,488600.0
1561,2021-10-22 02:57:32,45300.0,800.0,488300.0
1562,2021-10-22 02:57:32,45300.0,100.0,487500.0
1563,2021-10-22 02:57:32,45300.0,200.0,487400.0
1564,2021-10-22 02:57:32,45300.0,100.0,487200.0
1565,2021-10-22 02:57:32,45300.0,1000.0,487100.0
1566,2021-10-22 02:57:32,45300.0,3000.0,486100.0
1567,2021-10-22 02:57:32,45300.0,100.0,483100.0
1568,2021-10-22 02:57:32,45300.0,200.0,483000.0
1569,2021-10-22 02:57:32,45300.0,5000.0,482800.0
1570,2021-10-22 02:57:32,45300.0,5000.0,477800.0
1571,2021-10-22 02:57:32,45300.0,100.0,472800.0
1572,2021-10-22 02:57:32,45300.0,200.0,472700.0
1573,2021-10-22 02:57:32,45300.0,600.0,472500.0
1574,2021-10-22 02:57:25,45300.0,400.0,471900.0
1575,2021-10-22 02:57:09,45250.0,2600.0,471500.0
1576,2021-10-22 02:57:08,45300.0,200.0,468900.0
1577,2021-10-22 02:57:08,45300.0,800.0,468700.0
1578,2021-10-22 02:57:07,45300.0,9200.0,467900.0
1579,2021-10-22 02:57:07,45300.0,1800.0,458700.0
1580,2021-10-22 02:57:07,45300.0,5000.0,456900.0
1581,2021-10-22 02:57:07,45300.0,500.0,451900.0
1582,2021-10-22 02:57:07,45300.0,200.0,451400.0
1583,2021-10-22 02:57:07,45300.0,200.0,451200.0
1584,2021-10-22 02:57:07,45300.0,100.0,451000.0
1585,2021-10-22 02:57:07,45300.0,10000.0,450900.0
1586,2021-10-22 02:57:07,45300.0,300.0,440900.0
1587,2021-10-22 02:57:07,45300.0,2700.0,440600.0
1588,2021-10-22 02:56:38,45300.0,2000.0,437900.0
1589,2021-10-22 02:56:05,45300.0,200.0,435900.0
1590,2021-10-22 02:55:22,45300.0,5000.0,435700.0
1591,2021-10-22 02:55:16,45250.0,3800.0,430700.0
1592,2021-10-22 02:55:16,45250.0,100.0,426900.0
1593,2021-10-22 02:55:16,45250.0,1100.0,426800.0
1594,2021-10-22 02:54:39,45250.0,8900.0,425700.0
1595,2021-10-22 02:54:39,45250.0,600.0,416800.0
1596,2021-10-22 02:54:39,45250.0,400.0,416200.0
1597,2021-10-22 02:54:39,45250.0,100.0,415800.0
1598,2021-10-22 02:54:12,45250.0,200.0,415700.0
1599,2021-10-22 02:54:11,45250.0,700.0,415500.0
1600,2021-10-22 02:54:11,45250.0,300.0,414800.0
1601,2021-10-22 02:53:58,45250.0,400.0,414500.0
1602,2021-10-22 02:53:42,45250.0,1000.0,414100.0
1603,2021-10-22 02:53:42,45250.0,3600.0,413100.0
1604,2021-10-22 02:53:37,45250.0,300.0,409500.0
1605,2021-10-22 02:53:36,45250.0,100.0,409200.0
1606,2021-10-22 02:53:33,45250.0,4900.0,409100.0
1607,2021-10-22 02:53:33,45250.0,100.0,404200.0
1608,2021-10-22 02:53:33,45250.0,1000.0,404100.0
1609,2021-10-22 02:53:22,45250.0,100.0,403100.0
1610,2021-10-22 02:53:22,45250.0,200.0,403000.0
1611,2021-10-22 02:53:22,45250.0,100.0,402800.0
1612,2021-10-22 02:53:22,45250.0,400.0,402700.0
1613,2021-10-22 02:53:22,45250.0,5000.0,402300.0
1614,2021-10-22 02:53:22,45250.0,1600.0,397300.0
1615,2021-10-22 02:53:22,45200.0,100.0,395700.0
1616,2021-10-22 02:53:22,45200.0,500.0,395600.0
1617,2021-10-22 02:53:22,45200.0,400.0,395100.0
1618,2021-10-22 02:53:09,45250.0,400.0,394700.0
1619,2021-10-22 02:53:09,45250.0,5000.0,394300.0
1620,2021-10-22 02:53:09,45250.0,600.0,389300.0
1621,2021-10-22 02:53:05,45200.0,200.0,388700.0
1622,2021-10-22 02:52:58,45200.0,100.0,388500.0
1623,2021-10-22 02:52:31,45200.0,500.0,388400.0
1624,2021-10-22 02:52:19,45200.0,100.0,387900.0
1625,2021-10-22 02:51:34,45200.0,200.0,387800.0
1626,2021-10-22 02:50:44,45200.0,1000.0,387600.0
1627,2021-10-22 02:50:44,45200.0,2000.0,386600.0
1628,2021-10-22 02:50:44,45200.0,100.0,384600.0
1629,2021-10-22 02:50:44,45200.0,100.0,384500.0
1630,2021-10-22 02:50:44,45200.0,500.0,384400.0
1631,2021-10-22 02:50:44,45200.0,1000.0,383900.0
1632,2021-10-22 02:50:44,45200.0,5000.0,382900.0
1633,2021-10-22 02:50:44,45200.0,1000.0,377900.0
1634,2021-10-22 02:50:44,45200.0,2000.0,376900.0
1635,2021-10-22 02:50:44,45200.0,300.0,374900.0
1636,2021-10-22 02:50:44,45200.0,2500.0,374600.0
1637,2021-10-22 02:50:44,45200.0,300.0,372100.0
1638,2021-10-22 02:50:44,45200.0,2700.0,371800.0
1639,2021-10-22 02:50:42,45150.0,200.0,369100.0
1640,2021-10-22 02:49:59,45150.0,200.0,368900.0
1641,2021-10-22 02:49:45,45150.0,100.0,368700.0
1642,2021-10-22 02:49:40,45150.0,500.0,368600.0
1643,2021-10-22 02:48:06,45150.0,200.0,368100.0
1644,2021-10-22 02:47:52,45150.0,700.0,367900.0
1645,2021-10-22 02:47:52,45150.0,2000.0,367200.0
1646,2021-10-22 02:47:30,45200.0,2000.0,365200.0
1647,2021-10-22 02:47:14,45200.0,100.0,363200.0
1648,2021-10-22 02:46:52,45200.0,200.0,363100.0
1649,2021-10-22 02:46:52,45200.0,300.0,362900.0
1650,2021-10-22 02:46:52,45200.0,1000.0,362600.0
1651,2021-10-22 02:46:52,45200.0,2400.0,361600.0
1652,2021-10-22 02:46:52,45200.0,1000.0,359200.0
1653,2021-10-22 02:46:52,45200.0,100.0,358200.0
1654,2021-10-22 02:46:40,45200.0,100.0,358100.0
1655,2021-10-22 02:46:23,45150.0,100.0,358000.0
1656,2021-10-22 02:45:29,45200.0,2000.0,357900.0
1657,2021-10-22 02:45:29,45200.0,7600.0,355900.0
1658,2021-10-22 02:45:17,45200.0,100.0,348300.0
1659,2021-10-22 02:45:14,45200.0,10000.0,348200.0
1660,2021-10-22 02:44:56,45200.0,300.0,338200.0
1661,2021-10-22 02:44:55,45200.0,2000.0,337900.0
1662,2021-10-22 02:44:55,45200.0,18000.0,335900.0
1663,2021-10-22 02:44:39,45200.0,200.0,317900.0
1664,2021-10-22 02:44:39,45200.0,1800.0,317700.0
1665,2021-10-22 02:44:27,45150.0,1300.0,315900.0
1666,2021-10-22 02:43:44,45150.0,1600.0,314600.0
1667,2021-10-22 02:43:44,45150.0,300.0,313000.0
1668,2021-10-22 02:43:44,45150.0,100.0,312700.0
1669,2021-10-22 02:43:42,45250.0,4400.0,312600.0
1670,2021-10-22 02:43:42,45250.0,600.0,308200.0
1671,2021-10-22 02:43:11,45250.0,500.0,307600.0
1672,2021-10-22 02:43:11,45250.0,4500.0,307100.0
1673,2021-10-22 02:43:02,45200.0,1000.0,302600.0
1674,2021-10-22 02:42:16,45250.0,500.0,301600.0
1675,2021-10-22 02:42:16,45250.0,1600.0,301100.0
1676,2021-10-22 02:42:16,45250.0,1900.0,299500.0
1677,2021-10-22 02:42:06,45150.0,100.0,297600.0
1678,2021-10-22 02:41:57,45250.0,300.0,297500.0
1679,2021-10-22 02:41:57,45250.0,1600.0,297200.0
1680,2021-10-22 02:41:57,45250.0,100.0,295600.0
1681,2021-10-22 02:41:57,45250.0,200.0,295500.0
1682,2021-10-22 02:41:57,45250.0,200.0,295300.0
1683,2021-10-22 02:41:57,45250.0,5700.0,295100.0
1684,2021-10-22 02:41:53,45250.0,1000.0,289400.0
1685,2021-10-22 02:41:39,45300.0,100.0,288400.0
1686,2021-10-22 02:41:39,45300.0,1900.0,288300.0
1687,2021-10-22 02:41:17,45250.0,300.0,286400.0
1688,2021-10-22 02:41:17,45300.0,3000.0,286100.0
1689,2021-10-22 02:41:15,45250.0,20000.0,283100.0
1690,2021-10-22 02:40:59,45250.0,3000.0,263100.0
1691,2021-10-22 02:40:56,45250.0,100.0,260100.0
1692,2021-10-22 02:40:52,45250.0,900.0,260000.0
1693,2021-10-22 02:40:45,45250.0,1000.0,259100.0
1694,2021-10-22 02:40:34,45300.0,100.0,258100.0
1695,2021-10-22 02:40:34,45250.0,900.0,258000.0
1696,2021-10-22 02:40:25,45250.0,2000.0,257100.0
1697,2021-10-22 02:40:25,45250.0,2700.0,255100.0
1698,2021-10-22 02:40:21,45250.0,1100.0,252400.0
1699,2021-10-22 02:40:21,45250.0,6900.0,251300.0
1700,2021-10-22 02:40:08,45250.0,5000.0,244400.0
1701,2021-10-22 02:40:08,45250.0,5000.0,239400.0
1702,2021-10-22 02:40:08,45250.0,500.0,234400.0
1703,2021-10-22 02:40:08,45250.0,800.0,233900.0
1704,2021-10-22 02:40:06,45200.0,20000.0,233100.0
1705,2021-10-22 02:40:00,45250.0,200.0,213100.0
1706,2021-10-22 02:39:47,45250.0,200.0,212900.0
1707,2021-10-22 02:39:39,45200.0,1400.0,212700.0
1708,2021-10-22 02:39:32,45200.0,1000.0,211300.0
1709,2021-10-22 02:39:32,45200.0,3800.0,210300.0
1710,2021-10-22 02:39:18,45200.0,200.0,206500.0
1711,2021-10-22 02:39:18,45200.0,1000.0,206300.0
1712,2021-10-22 02:39:11,45200.0,500.0,205300.0
1713,2021-10-22 02:39:00,45250.0,1600.0,204800.0
1714,2021-10-22 02:38:57,45200.0,500.0,203200.0
1715,2021-10-22 02:38:52,45250.0,500.0,202700.0
1716,2021-10-22 02:38:47,45250.0,1300.0,202200.0
1717,2021-10-22 02:38:40,45250.0,400.0,200900.0
1718,2021-10-22 02:38:29,45250.0,100.0,200500.0
1719,2021-10-22 02:38:29,45250.0,500.0,200400.0
1720,2021-10-22 02:38:26,45250.0,2500.0,199900.0
1721,2021-10-22 02:38:13,45250.0,2000.0,197400.0
1722,2021-10-22 02:38:12,45250.0,4700.0,195400.0
1723,2021-10-22 02:38:11,45200.0,300.0,190700.0
1724,2021-10-22 02:38:11,45200.0,1000.0,190400.0
1725,2021-10-22 02:38:11,45200.0,6200.0,189400.0
1726,2021-10-22 02:37:58,45250.0,300.0,183200.0
1727,2021-10-22 02:37:57,45250.0,1000.0,182900.0
1728,2021-10-22 02:37:52,45250.0,500.0,181900.0
1729,2021-10-22 02:37:45,45250.0,3200.0,181400.0
1730,2021-10-22 02:37:43,45250.0,1800.0,178200.0
1731,2021-10-22 02:37:31,45250.0,500.0,176400.0
1732,2021-10-22 02:37:30,45250.0,100.0,175900.0
1733,2021-10-22 02:37:27,45250.0,1900.0,175800.0
1734,2021-10-22 02:37:18,45250.0,3100.0,173900.0
1735,2021-10-22 02:37:05,45200.0,2000.0,170800.0
1736,2021-10-22 02:37:05,45200.0,1800.0,168800.0
1737,2021-10-22 02:36:58,45200.0,1000.0,167000.0
1738,2021-10-22 02:36:57,45200.0,2500.0,166000.0
1739,2021-10-22 02:36:38,45200.0,2200.0,163500.0
1740,2021-10-22 02:36:38,45200.0,500.0,161300.0
1741,2021-10-22 02:36:38,45200.0,100.0,160800.0
1742,2021-10-22 02:36:38,45200.0,1900.0,160700.0
1743,2021-10-22 02:36:19,45200.0,400.0,158800.0
1744,2021-10-22 02:36:19,45200.0,1000.0,158400.0
1745,2021-10-22 02:36:19,45200.0,300.0,157400.0
1746,2021-10-22 02:36:19,45200.0,1000.0,157100.0
1747,2021-10-22 02:36:19,45200.0,100.0,156100.0
1748,2021-10-22 02:36:19,45200.0,3300.0,156000.0
1749,2021-10-22 02:36:16,45200.0,6700.0,152700.0
1750,2021-10-22 02:36:16,45200.0,5000.0,146000.0
1751,2021-10-22 02:36:16,45200.0,100.0,141000.0
1752,2021-10-22 02:36:16,45200.0,200.0,140900.0
1753,2021-10-22 02:36:01,45100.0,800.0,140700.0
1754,2021-10-22 02:36:01,45100.0,1000.0,139900.0
1755,2021-10-22 02:36:01,45100.0,100.0,138900.0
1756,2021-10-22 02:36:01,45100.0,100.0,138800.0
1757,2021-10-22 02:36:01,45100.0,500.0,138700.0
1758,2021-10-22 02:36:01,45100.0,3000.0,138200.0
1759,2021-10-22 02:36:01,45100.0,400.0,135200.0
1760,2021-10-22 02:36:01,45100.0,400.0,134800.0
1761,2021-10-22 02:36:01,45100.0,4300.0,134400.0
1762,2021-10-22 02:36:00,45100.0,700.0,130100.0
1763,2021-10-22 02:36:00,45100.0,300.0,129400.0
1764,2021-10-22 02:36:00,45050.0,100.0,129100.0
1765,2021-10-22 02:35:59,45100.0,4500.0,129000.0
1766,2021-10-22 02:35:46,45100.0,200.0,124500.0
1767,2021-10-22 02:35:46,45100.0,200.0,124300.0
1768,2021-10-22 02:35:46,45100.0,400.0,124100.0
1769,2021-10-22 02:35:44,45050.0,200.0,123700.0
1770,2021-10-22 02:35:22,45050.0,900.0,123500.0
1771,2021-10-22 02:35:14,45050.0,100.0,122600.0
1772,2021-10-22 02:35:14,45050.0,5000.0,122500.0
1773,2021-10-22 02:35:14,45050.0,500.0,117500.0
1774,2021-10-22 02:35:03,45000.0,600.0,117000.0
1775,2021-10-22 02:35:01,45000.0,1500.0,116400.0
1776,2021-10-22 02:35:01,45000.0,300.0,114900.0
1777,2021-10-22 02:35:01,45000.0,300.0,114600.0
1778,2021-10-22 02:34:44,45000.0,600.0,114300.0
1779,2021-10-22 02:34:44,45000.0,200.0,113700.0
1780,2021-10-22 02:34:44,45000.0,1000.0,113500.0
1781,2021-10-22 02:34:44,45000.0,200.0,112500.0
1782,2021-10-22 02:34:29,45000.0,200.0,112300.0
1783,2021-10-22 02:34:28,45000.0,700.0,112100.0
1784,2021-10-22 02:34:26,45000.0,300.0,111400.0
1785,2021-10-22 02:34:26,45000.0,100.0,111100.0
1786,2021-10-22 02:34:26,45000.0,500.0,111000.0
1787,2021-10-22 02:34:26,45000.0,100.0,110500.0
1788,2021-10-22 02:34:24,45000.0,900.0,110400.0
1789,2021-10-22 02:34:24,45000.0,100.0,109500.0
1790,2021-10-22 02:33:54,45000.0,200.0,109400.0
1791,2021-10-22 02:33:35,45000.0,200.0,109200.0
1792,2021-10-22 02:33:30,45000.0,1100.0,109000.0
1793,2021-10-22 02:33:30,45000.0,200.0,107900.0
1794,2021-10-22 02:33:30,45000.0,500.0,107700.0
1795,2021-10-22 02:33:30,45000.0,600.0,107200.0
1796,2021-10-22 02:33:30,45000.0,2100.0,106600.0
1797,2021-10-22 02:33:04,45000.0,1800.0,104500.0
1798,2021-10-22 02:32:53,45000.0,1100.0,102700.0
1799,2021-10-22 02:32:53,45000.0,200.0,101600.0
1800,2021-10-22 02:32:33,45000.0,300.0,101400.0
1801,2021-10-22 02:32:33,45000.0,1900.0,101100.0
1802,2021-10-22 02:32:25,44900.0,300.0,99200.0
1803,2021-10-22 02:32:03,44900.0,500.0,98900.0
1804,2021-10-22 02:31:12,44900.0,100.0,98400.0
1805,2021-10-22 02:31:11,45000.0,1100.0,98300.0
1806,2021-10-22 02:31:11,45000.0,700.0,97200.0
1807,2021-10-22 02:31:07,45000.0,300.0,96500.0
1808,2021-10-22 02:31:07,45000.0,1200.0,96200.0
1809,2021-10-22 02:30:40,44900.0,700.0,95000.0
1810,2021-10-22 02:30:37,45000.0,1000.0,94300.0
1811,2021-10-22 02:29:02,44900.0,200.0,93300.0
1812,2021-10-22 02:29:02,44900.0,1700.0,93100.0
1813,2021-10-22 02:29:02,44900.0,100.0,91400.0
1814,2021-10-22 02:29:02,44900.0,1000.0,91300.0
1815,2021-10-22 02:28:26,44900.0,100.0,90300.0
1816,2021-10-22 02:28:20,44900.0,200.0,90200.0
1817,2021-10-22 02:28:15,44900.0,100.0,90000.0
1818,2021-10-22 02:28:05,44900.0,400.0,89900.0
1819,2021-10-22 02:28:05,44900.0,1000.0,89500.0
1820,2021-10-22 02:28:05,44900.0,200.0,88500.0
1821,2021-10-22 02:28:05,44900.0,100.0,88300.0
1822,2021-10-22 02:28:05,44900.0,200.0,88200.0
1823,2021-10-22 02:27:50,44900.0,700.0,88000.0
1824,2021-10-22 02:27:50,44900.0,1300.0,87300.0
1825,2021-10-22 02:27:33,44900.0,600.0,86000.0
1826,2021-10-22 02:27:17,44900.0,100.0,85400.0
1827,2021-10-22 02:27:17,44900.0,4000.0,85300.0
1828,2021-10-22 02:27:17,44900.0,500.0,81300.0
1829,2021-10-22 02:27:17,44900.0,200.0,80800.0
1830,2021-10-22 02:27:17,44900.0,200.0,80600.0
1831,2021-10-22 02:27:17,44900.0,6100.0,80400.0
1832,2021-10-22 02:25:52,44900.0,600.0,74300.0
1833,2021-10-22 02:25:52,44900.0,1700.0,73700.0
1834,2021-10-22 02:25:24,44900.0,300.0,72000.0
1835,2021-10-22 02:25:19,44900.0,100.0,71700.0
1836,2021-10-22 02:24:38,44900.0,100.0,71600.0
1837,2021-10-22 02:24:37,44900.0,600.0,71500.0
1838,2021-10-22 02:24:12,44900.0,1000.0,70900.0
1839,2021-10-22 02:24:09,44900.0,1700.0,69900.0
1840,2021-10-22 02:24:04,44900.0,500.0,68200.0
1841,2021-10-22 02:24:04,44900.0,900.0,67700.0
1842,2021-10-22 02:23:48,44900.0,1100.0,66800.0
1843,2021-10-22 02:23:48,44900.0,200.0,65700.0
1844,2021-10-22 02:23:48,44900.0,100.0,65500.0
1845,2021-10-22 02:23:48,44900.0,200.0,65400.0
1846,2021-10-22 02:23:48,44900.0,200.0,65200.0
1847,2021-10-22 02:23:48,44900.0,500.0,65000.0
1848,2021-10-22 02:23:48,44900.0,500.0,64500.0
1849,2021-10-22 02:23:48,44900.0,100.0,64000.0
1850,2021-10-22 02:23:48,44900.0,100.0,63900.0
1851,2021-10-22 02:23:45,44900.0,200.0,63800.0
1852,2021-10-22 02:23:45,44900.0,200.0,63600.0
1853,2021-10-22 02:23:45,44900.0,100.0,63400.0
1854,2021-10-22 02:23:33,44900.0,400.0,63300.0
1855,2021-10-22 02:23:33,44900.0,100.0,62900.0
1856,2021-10-22 02:23:33,44900.0,100.0,62800.0
1857,2021-10-22 02:23:33,44900.0,200.0,62700.0
1858,2021-10-22 02:23:33,44900.0,100.0,62500.0
1859,2021-10-22 02:23:33,44950.0,1000.0,62400.0
1860,2021-10-22 02:23:33,44950.0,100.0,61400.0
1861,2021-10-22 02:23:33,44950.0,200.0,61300.0
1862,2021-10-22 02:23:04,45000.0,200.0,61100.0
1863,2021-10-22 02:23:03,45000.0,600.0,60900.0
1864,2021-10-22 02:23:03,45000.0,1000.0,60300.0
1865,2021-10-22 02:23:03,45000.0,200.0,59300.0
1866,2021-10-22 02:23:03,45000.0,200.0,59100.0
1867,2021-10-22 02:22:41,45000.0,100.0,58900.0
1868,2021-10-22 02:22:24,45000.0,100.0,58800.0
1869,2021-10-22 02:22:22,44950.0,800.0,58700.0
1870,2021-10-22 02:22:22,44950.0,200.0,57900.0
1871,2021-10-22 02:21:46,45000.0,2000.0,57700.0
1872,2021-10-22 02:21:46,45000.0,2600.0,55700.0
1873,2021-10-22 02:21:30,45000.0,700.0,53100.0
1874,2021-10-22 02:21:30,45000.0,100.0,52400.0
1875,2021-10-22 02:21:30,45000.0,200.0,52300.0
1876,2021-10-22 02:21:25,45000.0,500.0,52100.0
1877,2021-10-22 02:21:25,45000.0,1500.0,51600.0
1878,2021-10-22 02:21:22,45000.0,1000.0,50100.0
1879,2021-10-22 02:21:13,45000.0,500.0,49100.0
1880,2021-10-22 02:21:13,45000.0,200.0,48600.0
1881,2021-10-22 02:21:13,45000.0,100.0,48400.0
1882,2021-10-22 02:21:13,45000.0,200.0,48300.0
1883,2021-10-22 02:21:13,45000.0,2000.0,48100.0
1884,2021-10-22 02:20:59,45000.0,1000.0,46100.0
1885,2021-10-22 02:20:59,45000.0,1400.0,45100.0
1886,2021-10-22 02:20:59,45000.0,600.0,43700.0
1887,2021-10-22 02:20:38,45100.0,2200.0,43100.0
1888,2021-10-22 02:20:38,45050.0,800.0,40900.0
1889,2021-10-22 02:20:36,45050.0,200.0,40100.0
1890,2021-10-22 02:20:24,45100.0,1200.0,39900.0
1891,2021-10-22 02:20:12,45100.0,100.0,38700.0
1892,2021-10-22 02:20:05,45100.0,200.0,38600.0
1893,2021-10-22 02:20:03,45050.0,800.0,38400.0
1894,2021-10-22 02:20:03,45050.0,200.0,37600.0
1895,2021-10-22 02:19:58,45050.0,1100.0,37400.0
1896,2021-10-22 02:19:43,45050.0,900.0,36300.0
1897,2021-10-22 02:19:43,45050.0,1100.0,35400.0
1898,2021-10-22 02:19:34,45100.0,900.0,34300.0
1899,2021-10-22 02:19:34,45100.0,300.0,33400.0
1900,2021-10-22 02:19:34,45100.0,2000.0,33100.0
1901,2021-10-22 02:19:34,45100.0,1800.0,31100.0
1902,2021-10-22 02:19:06,45050.0,200.0,29300.0
1903,2021-10-22 02:19:01,45050.0,200.0,29100.0
1904,2021-10-22 02:18:40,45000.0,300.0,28900.0
1905,2021-10-22 02:18:20,45050.0,600.0,28600.0
1906,2021-10-22 02:18:20,45050.0,200.0,28000.0
1907,2021-10-22 02:18:13,45100.0,600.0,27800.0
1908,2021-10-22 02:17:05,45100.0,500.0,27200.0
1909,2021-10-22 02:16:17,45100.0,2000.0,26700.0
1910,2021-10-22 02:16:07,45100.0,100.0,24700.0
1911,2021-10-22 02:16:01,45100.0,2000.0,24600.0
1912,2021-10-22 02:15:52,45100.0,700.0,22600.0
1913,2021-10-22 02:15:39,45100.0,800.0,21900.0
1914,2021-10-22 02:15:39,45100.0,200.0,21100.0
1915,2021-10-22 02:15:39,45100.0,2000.0,20900.0
1916,2021-10-22 02:15:39,45100.0,2000.0,18900.0
1917,2021-10-22 02:15:01,45100.0,3000.0,16900.0
1918,2021-10-22 02:15:00,45000.0,700.0,13900.0
1919,2021-10-22 02:15:00,45000.0,5000.0,13200.0
1920,2021-10-22 02:15:00,45000.0,200.0,8200.0
1921,2021-10-22 02:15:00,45000.0,100.0,8000.0
1922,2021-10-22 02:15:00,45000.0,100.0,7900.0
1923,2021-10-22 02:15:00,45000.0,100.0,7800.0
1924,2021-10-22 02:15:00,45000.0,500.0,7700.0
1925,2021-10-22 02:15:00,45000.0,100.0,7200.0
1926,2021-10-22 02:15:00,45000.0,100.0,7100.0
1927,2021-10-22 02:15:00,45000.0,200.0,7000.0
1928,2021-10-22 02:15:00,45000.0,300.0,6800.0
1929,2021-10-22 02:15:00,45000.0,1100.0,6500.0
1930,2021-10-22 02:15:00,45000.0,1000.0,5400.0
1931,2021-10-22 02:15:00,45000.0,100.0,4400.0
1932,2021-10-22 02:15:00,45000.0,500.0,4300.0
1933,2021-10-22 02:15:00,45000.0,500.0,3800.0
1934,2021-10-22 02:15:00,45000.0,300.0,3300.0
1935,2021-10-22 02:15:00,45000.0,200.0,3000.0
1936,2021-10-22 02:15:00,45000.0,300.0,2800.0
1937,2021-10-22 02:15:00,45000.0,200.0,2500.0
1938,2021-10-22 02:15:00,45000.0,100.0,2300.0
1939,2021-10-22 02:15:00,45000.0,100.0,2200.0
1940,2021-10-22 02:15:00,45000.0,100.0,2100.0
1941,2021-10-22 02:15:00,45000.0,100.0,2000.0
1942,2021-10-22 02:15:00,45000.0,100.0,1900.0
1943,2021-10-22 02:15:00,45000.0,200.0,1800.0
1944,2021-10-22 02:15:00,45000.0,500.0,1600.0
1945,2021-10-22 02:15:00,45000.0,200.0,1100.0
1946,2021-10-22 02:15:00,45000.0,300.0,900.0
1947,2021-10-22 02:15:00,45000.0,100.0,600.0
1948,2021-10-22 02:15:00,45000.0,500.0,500.0
