,Time,Price,Volume_per_trade,Volume
0,2021-10-11 07:45:01,43650.0,100.0,2157200.0
1,2021-10-11 07:45:01,43650.0,300.0,2157100.0
2,2021-10-11 07:45:01,43650.0,700.0,2156800.0
3,2021-10-11 07:45:01,43650.0,500.0,2156100.0
4,2021-10-11 07:45:01,43650.0,500.0,2155600.0
5,2021-10-11 07:45:01,43650.0,4300.0,2155100.0
6,2021-10-11 07:45:01,43650.0,300.0,2150800.0
7,2021-10-11 07:45:01,43650.0,1500.0,2150500.0
8,2021-10-11 07:45:01,43650.0,3900.0,2149000.0
9,2021-10-11 07:45:01,43650.0,3000.0,2145100.0
10,2021-10-11 07:45:01,43650.0,10000.0,2142100.0
11,2021-10-11 07:45:01,43650.0,100.0,2132100.0
12,2021-10-11 07:45:01,43650.0,3000.0,2132000.0
13,2021-10-11 07:45:01,43650.0,1000.0,2129000.0
14,2021-10-11 07:45:01,43650.0,1000.0,2128000.0
15,2021-10-11 07:45:01,43650.0,1000.0,2127000.0
16,2021-10-11 07:45:01,43650.0,5800.0,2126000.0
17,2021-10-11 07:45:01,43650.0,100.0,2120200.0
18,2021-10-11 07:45:01,43650.0,2100.0,2120100.0
19,2021-10-11 07:45:01,43650.0,200.0,2118000.0
20,2021-10-11 07:45:01,43650.0,500.0,2117800.0
21,2021-10-11 07:45:01,43650.0,5000.0,2117300.0
22,2021-10-11 07:45:01,43650.0,500.0,2112300.0
23,2021-10-11 07:45:01,43650.0,900.0,2111800.0
24,2021-10-11 07:45:01,43650.0,100.0,2110900.0
25,2021-10-11 07:45:01,43650.0,100.0,2110800.0
26,2021-10-11 07:45:01,43650.0,200.0,2110700.0
27,2021-10-11 07:45:01,43650.0,300.0,2110500.0
28,2021-10-11 07:45:01,43650.0,500.0,2110200.0
29,2021-10-11 07:45:01,43650.0,200.0,2109700.0
30,2021-10-11 07:45:01,43650.0,1500.0,2109500.0
31,2021-10-11 07:45:01,43650.0,2000.0,2108000.0
32,2021-10-11 07:45:01,43650.0,1300.0,2106000.0
33,2021-10-11 07:45:01,43650.0,900.0,2104700.0
34,2021-10-11 07:45:01,43650.0,1800.0,2103800.0
35,2021-10-11 07:45:01,43650.0,200.0,2102000.0
36,2021-10-11 07:45:01,43650.0,1000.0,2101800.0
37,2021-10-11 07:45:01,43650.0,500.0,2100800.0
38,2021-10-11 07:45:01,43650.0,100.0,2100300.0
39,2021-10-11 07:45:01,43650.0,100.0,2100200.0
40,2021-10-11 07:45:01,43650.0,1400.0,2100100.0
41,2021-10-11 07:45:01,43650.0,300.0,2098700.0
42,2021-10-11 07:45:01,43650.0,2000.0,2098400.0
43,2021-10-11 07:45:01,43650.0,500.0,2096400.0
44,2021-10-11 07:45:01,43650.0,200.0,2095900.0
45,2021-10-11 07:45:01,43650.0,400.0,2095700.0
46,2021-10-11 07:45:01,43650.0,100.0,2095300.0
47,2021-10-11 07:45:01,43650.0,100.0,2095200.0
48,2021-10-11 07:29:54,43650.0,100.0,2095100.0
49,2021-10-11 07:29:43,43650.0,1200.0,2095000.0
50,2021-10-11 07:29:41,43650.0,200.0,2093800.0
51,2021-10-11 07:29:37,43700.0,1600.0,2093600.0
52,2021-10-11 07:29:35,43700.0,2300.0,2092000.0
53,2021-10-11 07:29:32,43700.0,1000.0,2089700.0
54,2021-10-11 07:29:30,43700.0,500.0,2088700.0
55,2021-10-11 07:29:30,43700.0,400.0,2088200.0
56,2021-10-11 07:29:28,43700.0,2800.0,2087800.0
57,2021-10-11 07:29:27,43700.0,200.0,2085000.0
58,2021-10-11 07:29:22,43700.0,1400.0,2084800.0
59,2021-10-11 07:29:21,43650.0,2000.0,2083400.0
60,2021-10-11 07:29:19,43700.0,1300.0,2081400.0
61,2021-10-11 07:29:09,43700.0,600.0,2080100.0
62,2021-10-11 07:29:09,43700.0,800.0,2079500.0
63,2021-10-11 07:29:04,43700.0,2800.0,2078700.0
64,2021-10-11 07:29:00,43700.0,1100.0,2075900.0
65,2021-10-11 07:28:55,43700.0,1200.0,2074800.0
66,2021-10-11 07:28:55,43650.0,200.0,2073600.0
67,2021-10-11 07:28:47,43700.0,900.0,2073400.0
68,2021-10-11 07:28:43,43700.0,2800.0,2072500.0
69,2021-10-11 07:28:38,43700.0,400.0,2069700.0
70,2021-10-11 07:28:38,43700.0,1000.0,2069300.0
71,2021-10-11 07:28:25,43700.0,800.0,2068300.0
72,2021-10-11 07:28:25,43650.0,600.0,2067500.0
73,2021-10-11 07:28:23,43650.0,2800.0,2066900.0
74,2021-10-11 07:28:21,43650.0,1000.0,2064100.0
75,2021-10-11 07:28:14,43650.0,100.0,2063100.0
76,2021-10-11 07:28:14,43650.0,500.0,2063000.0
77,2021-10-11 07:28:05,43700.0,1300.0,2062500.0
78,2021-10-11 07:27:56,43700.0,700.0,2061200.0
79,2021-10-11 07:27:54,43650.0,500.0,2060500.0
80,2021-10-11 07:27:54,43650.0,100.0,2060000.0
81,2021-10-11 07:27:54,43650.0,1000.0,2059900.0
82,2021-10-11 07:27:54,43650.0,100.0,2058900.0
83,2021-10-11 07:27:54,43650.0,200.0,2058800.0
84,2021-10-11 07:27:54,43650.0,13100.0,2058600.0
85,2021-10-11 07:27:47,43700.0,700.0,2045500.0
86,2021-10-11 07:27:47,43700.0,200.0,2044800.0
87,2021-10-11 07:27:43,43700.0,2800.0,2044600.0
88,2021-10-11 07:27:29,43650.0,500.0,2041800.0
89,2021-10-11 07:27:20,43700.0,2800.0,2041300.0
90,2021-10-11 07:27:15,43650.0,800.0,2038500.0
91,2021-10-11 07:27:12,43700.0,600.0,2037700.0
92,2021-10-11 07:27:02,43700.0,2800.0,2037100.0
93,2021-10-11 07:26:43,43700.0,2800.0,2034300.0
94,2021-10-11 07:26:36,43700.0,3500.0,2031500.0
95,2021-10-11 07:26:36,43700.0,300.0,2028000.0
96,2021-10-11 07:26:36,43700.0,1700.0,2027700.0
97,2021-10-11 07:26:35,43650.0,5000.0,2026000.0
98,2021-10-11 07:26:26,43700.0,200.0,2021000.0
99,2021-10-11 07:26:25,43700.0,2800.0,2020800.0
100,2021-10-11 07:26:22,43700.0,1100.0,2018000.0
101,2021-10-11 07:26:17,43650.0,600.0,2016900.0
102,2021-10-11 07:26:17,43650.0,200.0,2016300.0
103,2021-10-11 07:26:17,43650.0,200.0,2016100.0
104,2021-10-11 07:26:09,43700.0,100.0,2015900.0
105,2021-10-11 07:26:09,43700.0,1100.0,2015800.0
106,2021-10-11 07:26:06,43700.0,3000.0,2014700.0
107,2021-10-11 07:26:06,43700.0,4500.0,2011700.0
108,2021-10-11 07:26:04,43700.0,1000.0,2007200.0
109,2021-10-11 07:25:58,43700.0,4600.0,2006200.0
110,2021-10-11 07:25:58,43700.0,2800.0,2001600.0
111,2021-10-11 07:25:55,43700.0,1100.0,1998800.0
112,2021-10-11 07:25:48,43700.0,100.0,1997700.0
113,2021-10-11 07:25:42,43700.0,1100.0,1997600.0
114,2021-10-11 07:25:37,43700.0,1200.0,1996500.0
115,2021-10-11 07:25:31,43700.0,1100.0,1995300.0
116,2021-10-11 07:25:30,43700.0,1000.0,1994200.0
117,2021-10-11 07:25:30,43700.0,500.0,1993200.0
118,2021-10-11 07:25:30,43700.0,1000.0,1992700.0
119,2021-10-11 07:25:27,43750.0,100.0,1991700.0
120,2021-10-11 07:25:26,43750.0,1400.0,1991600.0
121,2021-10-11 07:25:26,43750.0,1200.0,1990200.0
122,2021-10-11 07:25:11,43750.0,900.0,1989000.0
123,2021-10-11 07:25:11,43750.0,100.0,1988100.0
124,2021-10-11 07:25:06,43750.0,1400.0,1988000.0
125,2021-10-11 07:24:58,43750.0,1100.0,1986600.0
126,2021-10-11 07:24:49,43750.0,2400.0,1985500.0
127,2021-10-11 07:24:49,43750.0,1800.0,1983100.0
128,2021-10-11 07:24:48,43750.0,1400.0,1981300.0
129,2021-10-11 07:24:47,43750.0,900.0,1979900.0
130,2021-10-11 07:24:39,43750.0,1100.0,1979000.0
131,2021-10-11 07:24:36,43750.0,1400.0,1977900.0
132,2021-10-11 07:24:36,43750.0,2800.0,1976500.0
133,2021-10-11 07:24:35,43700.0,1000.0,1973700.0
134,2021-10-11 07:24:27,43750.0,600.0,1972700.0
135,2021-10-11 07:24:27,43750.0,500.0,1972100.0
136,2021-10-11 07:24:22,43750.0,1400.0,1971600.0
137,2021-10-11 07:24:18,43750.0,600.0,1970200.0
138,2021-10-11 07:24:18,43700.0,100.0,1969600.0
139,2021-10-11 07:24:18,43700.0,100.0,1969500.0
140,2021-10-11 07:24:18,43700.0,300.0,1969400.0
141,2021-10-11 07:24:13,43650.0,500.0,1969100.0
142,2021-10-11 07:24:10,43700.0,1400.0,1968600.0
143,2021-10-11 07:24:10,43700.0,1000.0,1967200.0
144,2021-10-11 07:24:08,43700.0,5600.0,1966200.0
145,2021-10-11 07:24:07,43700.0,1100.0,1960600.0
146,2021-10-11 07:24:06,43700.0,600.0,1959500.0
147,2021-10-11 07:24:06,43700.0,100.0,1958900.0
148,2021-10-11 07:24:06,43700.0,700.0,1958800.0
149,2021-10-11 07:23:59,43700.0,1400.0,1958100.0
150,2021-10-11 07:23:54,43700.0,400.0,1956700.0
151,2021-10-11 07:23:50,43700.0,700.0,1956300.0
152,2021-10-11 07:23:46,43700.0,700.0,1955600.0
153,2021-10-11 07:23:44,43700.0,100.0,1954900.0
154,2021-10-11 07:23:44,43700.0,300.0,1954800.0
155,2021-10-11 07:23:44,43700.0,300.0,1954500.0
156,2021-10-11 07:23:44,43700.0,300.0,1954200.0
157,2021-10-11 07:23:44,43700.0,100.0,1953900.0
158,2021-10-11 07:23:44,43700.0,100.0,1953800.0
159,2021-10-11 07:23:44,43700.0,200.0,1953700.0
160,2021-10-11 07:23:35,43700.0,200.0,1953500.0
161,2021-10-11 07:23:31,43700.0,100.0,1953300.0
162,2021-10-11 07:23:31,43700.0,100.0,1953200.0
163,2021-10-11 07:23:31,43700.0,200.0,1953100.0
164,2021-10-11 07:23:28,43700.0,400.0,1952900.0
165,2021-10-11 07:23:22,43700.0,400.0,1952500.0
166,2021-10-11 07:23:09,43700.0,100.0,1952100.0
167,2021-10-11 07:23:04,43700.0,300.0,1952000.0
168,2021-10-11 07:22:59,43700.0,200.0,1951700.0
169,2021-10-11 07:22:59,43700.0,100.0,1951500.0
170,2021-10-11 07:22:54,43700.0,300.0,1951400.0
171,2021-10-11 07:22:52,43700.0,300.0,1951100.0
172,2021-10-11 07:22:51,43700.0,300.0,1950800.0
173,2021-10-11 07:22:49,43700.0,1100.0,1950500.0
174,2021-10-11 07:22:47,43700.0,100.0,1949400.0
175,2021-10-11 07:22:46,43700.0,1100.0,1949300.0
176,2021-10-11 07:22:46,43700.0,300.0,1948200.0
177,2021-10-11 07:22:46,43700.0,400.0,1947900.0
178,2021-10-11 07:22:30,43700.0,300.0,1947500.0
179,2021-10-11 07:22:18,43700.0,700.0,1947200.0
180,2021-10-11 07:22:18,43700.0,100.0,1946500.0
181,2021-10-11 07:22:18,43700.0,300.0,1946400.0
182,2021-10-11 07:22:16,43700.0,400.0,1946100.0
183,2021-10-11 07:22:15,43700.0,1100.0,1945700.0
184,2021-10-11 07:22:08,43650.0,100.0,1944600.0
185,2021-10-11 07:22:02,43700.0,400.0,1944500.0
186,2021-10-11 07:21:57,43700.0,1100.0,1944100.0
187,2021-10-11 07:21:47,43700.0,400.0,1943000.0
188,2021-10-11 07:21:47,43650.0,100.0,1942600.0
189,2021-10-11 07:21:33,43700.0,300.0,1942500.0
190,2021-10-11 07:21:28,43700.0,500.0,1942200.0
191,2021-10-11 07:21:11,43650.0,100.0,1941700.0
192,2021-10-11 07:21:06,43700.0,300.0,1941600.0
193,2021-10-11 07:21:00,43700.0,200.0,1941300.0
194,2021-10-11 07:21:00,43700.0,200.0,1941100.0
195,2021-10-11 07:20:49,43700.0,9800.0,1940900.0
196,2021-10-11 07:20:49,43700.0,6000.0,1931100.0
197,2021-10-11 07:20:49,43700.0,100.0,1925100.0
198,2021-10-11 07:20:49,43700.0,4000.0,1925000.0
199,2021-10-11 07:20:49,43700.0,300.0,1921000.0
200,2021-10-11 07:20:49,43700.0,1700.0,1920700.0
201,2021-10-11 07:20:47,43700.0,500.0,1919000.0
202,2021-10-11 07:20:40,43700.0,200.0,1918500.0
203,2021-10-11 07:20:38,43700.0,400.0,1918300.0
204,2021-10-11 07:20:33,43700.0,1000.0,1917900.0
205,2021-10-11 07:20:23,43700.0,300.0,1916900.0
206,2021-10-11 07:20:07,43700.0,300.0,1916600.0
207,2021-10-11 07:19:51,43700.0,300.0,1916300.0
208,2021-10-11 07:19:39,43700.0,200.0,1916000.0
209,2021-10-11 07:19:39,43700.0,100.0,1915800.0
210,2021-10-11 07:19:24,43700.0,400.0,1915700.0
211,2021-10-11 07:19:12,43700.0,100.0,1915300.0
212,2021-10-11 07:19:12,43700.0,200.0,1915200.0
213,2021-10-11 07:18:55,43700.0,400.0,1915000.0
214,2021-10-11 07:18:41,43700.0,100.0,1914600.0
215,2021-10-11 07:18:41,43700.0,100.0,1914500.0
216,2021-10-11 07:18:41,43700.0,100.0,1914400.0
217,2021-10-11 07:18:18,43700.0,400.0,1914300.0
218,2021-10-11 07:17:51,43700.0,400.0,1913900.0
219,2021-10-11 07:17:38,43700.0,200.0,1913500.0
220,2021-10-11 07:17:38,43700.0,200.0,1913300.0
221,2021-10-11 07:17:28,43650.0,1000.0,1913100.0
222,2021-10-11 07:17:28,43650.0,2200.0,1912100.0
223,2021-10-11 07:17:26,43650.0,400.0,1909900.0
224,2021-10-11 07:17:10,43650.0,500.0,1909500.0
225,2021-10-11 07:16:39,43700.0,200.0,1909000.0
226,2021-10-11 07:16:36,43700.0,400.0,1908800.0
227,2021-10-11 07:16:34,43600.0,1400.0,1908400.0
228,2021-10-11 07:16:34,43600.0,100.0,1907000.0
229,2021-10-11 07:16:34,43600.0,300.0,1906900.0
230,2021-10-11 07:16:34,43600.0,200.0,1906600.0
231,2021-10-11 07:16:34,43600.0,2000.0,1906400.0
232,2021-10-11 07:16:34,43600.0,800.0,1904400.0
233,2021-10-11 07:16:34,43650.0,200.0,1903600.0
234,2021-10-11 07:16:34,43650.0,10000.0,1903400.0
235,2021-10-11 07:16:34,43650.0,200.0,1893400.0
236,2021-10-11 07:16:34,43650.0,2000.0,1893200.0
237,2021-10-11 07:16:34,43650.0,1000.0,1891200.0
238,2021-10-11 07:16:34,43650.0,600.0,1890200.0
239,2021-10-11 07:16:34,43650.0,200.0,1889600.0
240,2021-10-11 07:16:34,43650.0,1000.0,1889400.0
241,2021-10-11 07:16:33,43700.0,1200.0,1888400.0
242,2021-10-11 07:16:33,43700.0,100.0,1887200.0
243,2021-10-11 07:16:33,43700.0,1500.0,1887100.0
244,2021-10-11 07:16:32,43700.0,400.0,1885600.0
245,2021-10-11 07:16:28,43700.0,400.0,1885200.0
246,2021-10-11 07:16:28,43700.0,900.0,1884800.0
247,2021-10-11 07:16:27,43700.0,800.0,1883900.0
248,2021-10-11 07:16:18,43700.0,1000.0,1883100.0
249,2021-10-11 07:16:14,43700.0,600.0,1882100.0
250,2021-10-11 07:16:14,43700.0,100.0,1881500.0
251,2021-10-11 07:16:14,43700.0,500.0,1881400.0
252,2021-10-11 07:16:14,43700.0,1800.0,1880900.0
253,2021-10-11 07:16:13,43700.0,200.0,1879100.0
254,2021-10-11 07:16:12,43700.0,500.0,1878900.0
255,2021-10-11 07:16:10,43700.0,2500.0,1878400.0
256,2021-10-11 07:16:10,43700.0,100.0,1875900.0
257,2021-10-11 07:16:10,43700.0,100.0,1875800.0
258,2021-10-11 07:16:10,43700.0,100.0,1875700.0
259,2021-10-11 07:16:10,43700.0,400.0,1875600.0
260,2021-10-11 07:16:07,43700.0,400.0,1875200.0
261,2021-10-11 07:16:04,43700.0,200.0,1874800.0
262,2021-10-11 07:16:04,43700.0,100.0,1874600.0
263,2021-10-11 07:16:04,43700.0,100.0,1874500.0
264,2021-10-11 07:15:50,43700.0,100.0,1874400.0
265,2021-10-11 07:15:50,43700.0,100.0,1874300.0
266,2021-10-11 07:15:48,43700.0,4900.0,1874200.0
267,2021-10-11 07:15:48,43700.0,500.0,1869300.0
268,2021-10-11 07:15:48,43700.0,5000.0,1868800.0
269,2021-10-11 07:15:48,43700.0,400.0,1863800.0
270,2021-10-11 07:15:48,43700.0,5000.0,1863400.0
271,2021-10-11 07:15:48,43700.0,100.0,1858400.0
272,2021-10-11 07:15:48,43700.0,600.0,1858300.0
273,2021-10-11 07:15:48,43700.0,3500.0,1857700.0
274,2021-10-11 07:15:47,43700.0,400.0,1854200.0
275,2021-10-11 07:15:43,43700.0,400.0,1853800.0
276,2021-10-11 07:15:40,43700.0,400.0,1853400.0
277,2021-10-11 07:15:36,43700.0,300.0,1853000.0
278,2021-10-11 07:15:36,43700.0,500.0,1852700.0
279,2021-10-11 07:15:36,43700.0,100.0,1852200.0
280,2021-10-11 07:15:36,43700.0,100.0,1852100.0
281,2021-10-11 07:15:36,43700.0,200.0,1852000.0
282,2021-10-11 07:15:34,43700.0,1300.0,1851800.0
283,2021-10-11 07:15:34,43700.0,100.0,1850500.0
284,2021-10-11 07:15:34,43700.0,1400.0,1850400.0
285,2021-10-11 07:15:33,43700.0,100.0,1849000.0
286,2021-10-11 07:15:25,43700.0,200.0,1848900.0
287,2021-10-11 07:15:22,43700.0,400.0,1848700.0
288,2021-10-11 07:15:17,43700.0,400.0,1848300.0
289,2021-10-11 07:15:14,43700.0,2800.0,1847900.0
290,2021-10-11 07:15:13,43700.0,1200.0,1845100.0
291,2021-10-11 07:15:13,43700.0,400.0,1843900.0
292,2021-10-11 07:14:57,43700.0,1300.0,1843500.0
293,2021-10-11 07:14:53,43700.0,1400.0,1842200.0
294,2021-10-11 07:14:48,43700.0,400.0,1840800.0
295,2021-10-11 07:14:48,43700.0,200.0,1840400.0
296,2021-10-11 07:14:48,43700.0,500.0,1840200.0
297,2021-10-11 07:14:46,43700.0,100.0,1839700.0
298,2021-10-11 07:14:46,43700.0,100.0,1839600.0
299,2021-10-11 07:14:46,43700.0,100.0,1839500.0
300,2021-10-11 07:14:46,43700.0,2500.0,1839400.0
301,2021-10-11 07:14:42,43700.0,1400.0,1836900.0
302,2021-10-11 07:14:40,43700.0,900.0,1835500.0
303,2021-10-11 07:14:31,43700.0,1100.0,1834600.0
304,2021-10-11 07:14:28,43700.0,1400.0,1833500.0
305,2021-10-11 07:14:23,43700.0,200.0,1832100.0
306,2021-10-11 07:14:23,43700.0,2800.0,1831900.0
307,2021-10-11 07:14:20,43700.0,1300.0,1829100.0
308,2021-10-11 07:14:09,43700.0,300.0,1827800.0
309,2021-10-11 07:14:08,43700.0,8100.0,1827500.0
310,2021-10-11 07:14:08,43700.0,9600.0,1819400.0
311,2021-10-11 07:14:08,43700.0,500.0,1809800.0
312,2021-10-11 07:14:08,43700.0,300.0,1809300.0
313,2021-10-11 07:14:02,43700.0,300.0,1809000.0
314,2021-10-11 07:14:02,43700.0,1400.0,1808700.0
315,2021-10-11 07:14:00,43700.0,300.0,1807300.0
316,2021-10-11 07:13:59,43700.0,500.0,1807000.0
317,2021-10-11 07:13:59,43700.0,2800.0,1806500.0
318,2021-10-11 07:13:54,43700.0,200.0,1803700.0
319,2021-10-11 07:13:51,43700.0,400.0,1803500.0
320,2021-10-11 07:13:43,43700.0,2800.0,1803100.0
321,2021-10-11 07:13:39,43700.0,400.0,1800300.0
322,2021-10-11 07:13:34,43700.0,300.0,1799900.0
323,2021-10-11 07:13:30,43700.0,200.0,1799600.0
324,2021-10-11 07:13:30,43700.0,200.0,1799400.0
325,2021-10-11 07:13:30,43700.0,300.0,1799200.0
326,2021-10-11 07:13:27,43700.0,300.0,1798900.0
327,2021-10-11 07:13:21,43700.0,300.0,1798600.0
328,2021-10-11 07:13:19,43700.0,500.0,1798300.0
329,2021-10-11 07:13:18,43700.0,2100.0,1797800.0
330,2021-10-11 07:13:18,43650.0,700.0,1795700.0
331,2021-10-11 07:13:15,43650.0,200.0,1795000.0
332,2021-10-11 07:13:10,43650.0,300.0,1794800.0
333,2021-10-11 07:13:03,43650.0,200.0,1794500.0
334,2021-10-11 07:12:58,43650.0,400.0,1794300.0
335,2021-10-11 07:12:56,43650.0,2800.0,1793900.0
336,2021-10-11 07:12:55,43650.0,400.0,1791100.0
337,2021-10-11 07:12:53,43700.0,400.0,1790700.0
338,2021-10-11 07:12:49,43700.0,400.0,1790300.0
339,2021-10-11 07:12:48,43700.0,1400.0,1789900.0
340,2021-10-11 07:12:42,43700.0,300.0,1788500.0
341,2021-10-11 07:12:40,43700.0,2800.0,1788200.0
342,2021-10-11 07:12:35,43600.0,400.0,1785400.0
343,2021-10-11 07:12:28,43700.0,400.0,1785000.0
344,2021-10-11 07:12:24,43700.0,600.0,1784600.0
345,2021-10-11 07:12:24,43700.0,2000.0,1784000.0
346,2021-10-11 07:12:24,43650.0,200.0,1782000.0
347,2021-10-11 07:12:22,43600.0,1500.0,1781800.0
348,2021-10-11 07:12:22,43600.0,100.0,1780300.0
349,2021-10-11 07:12:22,43600.0,200.0,1780200.0
350,2021-10-11 07:12:22,43600.0,2000.0,1780000.0
351,2021-10-11 07:12:22,43600.0,400.0,1778000.0
352,2021-10-11 07:12:22,43600.0,100.0,1777600.0
353,2021-10-11 07:12:22,43600.0,10000.0,1777500.0
354,2021-10-11 07:12:22,43600.0,500.0,1767500.0
355,2021-10-11 07:12:22,43600.0,600.0,1767000.0
356,2021-10-11 07:12:22,43600.0,5000.0,1766400.0
357,2021-10-11 07:12:22,43600.0,300.0,1761400.0
358,2021-10-11 07:12:22,43600.0,3000.0,1761100.0
359,2021-10-11 07:12:22,43600.0,1300.0,1758100.0
360,2021-10-11 07:12:15,43650.0,300.0,1756800.0
361,2021-10-11 07:12:12,43650.0,3500.0,1756500.0
362,2021-10-11 07:12:12,43650.0,300.0,1753000.0
363,2021-10-11 07:12:12,43650.0,300.0,1752700.0
364,2021-10-11 07:12:12,43650.0,1000.0,1752400.0
365,2021-10-11 07:12:12,43650.0,1000.0,1751400.0
366,2021-10-11 07:12:12,43650.0,100.0,1750400.0
367,2021-10-11 07:12:12,43650.0,100.0,1750300.0
368,2021-10-11 07:12:12,43650.0,3700.0,1750200.0
369,2021-10-11 07:10:48,43650.0,1300.0,1746500.0
370,2021-10-11 07:10:48,43650.0,500.0,1745200.0
371,2021-10-11 07:10:48,43650.0,500.0,1744700.0
372,2021-10-11 07:10:48,43650.0,200.0,1744200.0
373,2021-10-11 07:10:21,43600.0,1700.0,1744000.0
374,2021-10-11 07:10:15,43650.0,100.0,1742300.0
375,2021-10-11 07:10:15,43650.0,100.0,1742200.0
376,2021-10-11 07:09:59,43650.0,100.0,1742100.0
377,2021-10-11 07:09:45,43650.0,1000.0,1742000.0
378,2021-10-11 07:09:35,43650.0,100.0,1741000.0
379,2021-10-11 07:09:25,43650.0,300.0,1740900.0
380,2021-10-11 07:09:22,43650.0,100.0,1740600.0
381,2021-10-11 07:09:00,43650.0,1100.0,1740500.0
382,2021-10-11 07:08:47,43650.0,100.0,1739400.0
383,2021-10-11 07:08:38,43650.0,1100.0,1739300.0
384,2021-10-11 07:07:49,43650.0,1000.0,1738200.0
385,2021-10-11 07:07:32,43600.0,2000.0,1737200.0
386,2021-10-11 07:07:32,43600.0,200.0,1735200.0
387,2021-10-11 07:07:32,43650.0,200.0,1735000.0
388,2021-10-11 07:07:28,43650.0,10000.0,1734800.0
389,2021-10-11 07:07:28,43650.0,300.0,1724800.0
390,2021-10-11 07:07:28,43650.0,500.0,1724500.0
391,2021-10-11 07:07:17,43650.0,500.0,1724000.0
392,2021-10-11 07:07:12,43650.0,1000.0,1723500.0
393,2021-10-11 07:07:12,43650.0,10000.0,1722500.0
394,2021-10-11 07:07:12,43650.0,3000.0,1712500.0
395,2021-10-11 07:06:43,43650.0,100.0,1709500.0
396,2021-10-11 07:06:43,43650.0,900.0,1709400.0
397,2021-10-11 07:06:43,43650.0,2700.0,1708500.0
398,2021-10-11 07:06:43,43650.0,1000.0,1705800.0
399,2021-10-11 07:06:43,43650.0,100.0,1704800.0
400,2021-10-11 07:06:43,43650.0,300.0,1704700.0
401,2021-10-11 07:06:43,43650.0,1500.0,1704400.0
402,2021-10-11 07:06:43,43650.0,400.0,1702900.0
403,2021-10-11 07:06:43,43650.0,500.0,1702500.0
404,2021-10-11 07:06:43,43650.0,500.0,1702000.0
405,2021-10-11 07:06:43,43650.0,2000.0,1701500.0
406,2021-10-11 07:06:28,43600.0,9800.0,1699500.0
407,2021-10-11 07:06:28,43600.0,100.0,1689700.0
408,2021-10-11 07:06:28,43600.0,400.0,1689600.0
409,2021-10-11 07:06:28,43600.0,2700.0,1689200.0
410,2021-10-11 07:05:22,43650.0,200.0,1686500.0
411,2021-10-11 07:05:17,43650.0,1300.0,1686300.0
412,2021-10-11 07:04:23,43650.0,100.0,1685000.0
413,2021-10-11 07:04:08,43650.0,1400.0,1684900.0
414,2021-10-11 07:04:08,43650.0,4700.0,1683500.0
415,2021-10-11 07:04:07,43650.0,300.0,1678800.0
416,2021-10-11 07:03:28,43650.0,100.0,1678500.0
417,2021-10-11 07:03:28,43650.0,1000.0,1678400.0
418,2021-10-11 07:02:58,43650.0,300.0,1677400.0
419,2021-10-11 07:02:56,43650.0,200.0,1677100.0
420,2021-10-11 07:02:46,43650.0,500.0,1676900.0
421,2021-10-11 07:02:35,43650.0,200.0,1676400.0
422,2021-10-11 07:02:35,43650.0,100.0,1676200.0
423,2021-10-11 07:02:27,43650.0,300.0,1676100.0
424,2021-10-11 07:02:25,43650.0,2800.0,1675800.0
425,2021-10-11 07:02:18,43650.0,100.0,1673000.0
426,2021-10-11 07:02:14,43650.0,400.0,1672900.0
427,2021-10-11 07:02:10,43650.0,1100.0,1672500.0
428,2021-10-11 07:02:06,43650.0,300.0,1671400.0
429,2021-10-11 07:02:00,43650.0,1100.0,1671100.0
430,2021-10-11 07:01:55,43650.0,800.0,1670000.0
431,2021-10-11 07:01:55,43650.0,100.0,1669200.0
432,2021-10-11 07:01:55,43650.0,100.0,1669100.0
433,2021-10-11 07:01:55,43650.0,100.0,1669000.0
434,2021-10-11 07:01:55,43650.0,800.0,1668900.0
435,2021-10-11 07:01:55,43650.0,300.0,1668100.0
436,2021-10-11 07:01:55,43650.0,100.0,1667800.0
437,2021-10-11 07:01:55,43650.0,500.0,1667700.0
438,2021-10-11 07:01:53,43650.0,300.0,1667200.0
439,2021-10-11 07:01:45,43650.0,500.0,1666900.0
440,2021-10-11 07:01:34,43650.0,300.0,1666400.0
441,2021-10-11 07:01:31,43650.0,2800.0,1666100.0
442,2021-10-11 07:01:23,43650.0,400.0,1663300.0
443,2021-10-11 07:01:13,43650.0,200.0,1662900.0
444,2021-10-11 07:01:13,43650.0,200.0,1662700.0
445,2021-10-11 07:01:13,43650.0,200.0,1662500.0
446,2021-10-11 07:01:13,43650.0,2200.0,1662300.0
447,2021-10-11 07:00:50,43600.0,2300.0,1660100.0
448,2021-10-11 07:00:50,43600.0,400.0,1657800.0
449,2021-10-11 07:00:50,43600.0,100.0,1657400.0
450,2021-10-11 07:00:48,43650.0,5400.0,1657300.0
451,2021-10-11 06:59:59,43600.0,1000.0,1651900.0
452,2021-10-11 06:59:42,43650.0,2400.0,1650900.0
453,2021-10-11 06:59:42,43650.0,400.0,1648500.0
454,2021-10-11 06:59:21,43600.0,200.0,1648100.0
455,2021-10-11 06:59:21,43600.0,700.0,1647900.0
456,2021-10-11 06:59:21,43600.0,100.0,1647200.0
457,2021-10-11 06:59:21,43600.0,300.0,1647100.0
458,2021-10-11 06:59:21,43600.0,100.0,1646800.0
459,2021-10-11 06:59:21,43600.0,200.0,1646700.0
460,2021-10-11 06:59:16,43600.0,800.0,1646500.0
461,2021-10-11 06:59:16,43600.0,100.0,1645700.0
462,2021-10-11 06:59:16,43600.0,300.0,1645600.0
463,2021-10-11 06:59:08,43600.0,900.0,1645300.0
464,2021-10-11 06:59:03,43600.0,2800.0,1644400.0
465,2021-10-11 06:59:02,43600.0,4500.0,1641600.0
466,2021-10-11 06:58:59,43600.0,1300.0,1637100.0
467,2021-10-11 06:58:43,43600.0,200.0,1635800.0
468,2021-10-11 06:58:43,43600.0,2600.0,1635600.0
469,2021-10-11 06:58:22,43600.0,100.0,1633000.0
470,2021-10-11 06:57:50,43600.0,100.0,1632900.0
471,2021-10-11 06:57:28,43600.0,1300.0,1632800.0
472,2021-10-11 06:57:15,43600.0,200.0,1631500.0
473,2021-10-11 06:56:51,43600.0,700.0,1631300.0
474,2021-10-11 06:56:51,43600.0,1000.0,1630600.0
475,2021-10-11 06:56:51,43600.0,2300.0,1629600.0
476,2021-10-11 06:56:48,43600.0,100.0,1627300.0
477,2021-10-11 06:55:15,43600.0,300.0,1627200.0
478,2021-10-11 06:54:08,43600.0,1600.0,1626900.0
479,2021-10-11 06:54:08,43600.0,1600.0,1625300.0
480,2021-10-11 06:53:40,43600.0,300.0,1623700.0
481,2021-10-11 06:53:40,43600.0,1100.0,1623400.0
482,2021-10-11 06:52:59,43650.0,1600.0,1622300.0
483,2021-10-11 06:52:59,43650.0,200.0,1620700.0
484,2021-10-11 06:52:59,43650.0,700.0,1620500.0
485,2021-10-11 06:52:59,43650.0,300.0,1619800.0
486,2021-10-11 06:52:50,43600.0,100.0,1619500.0
487,2021-10-11 06:52:31,43600.0,400.0,1619400.0
488,2021-10-11 06:52:31,43600.0,300.0,1619000.0
489,2021-10-11 06:52:31,43600.0,2000.0,1618700.0
490,2021-10-11 06:52:31,43600.0,100.0,1616700.0
491,2021-10-11 06:52:31,43600.0,1600.0,1616600.0
492,2021-10-11 06:52:31,43600.0,100.0,1615000.0
493,2021-10-11 06:52:31,43600.0,300.0,1614900.0
494,2021-10-11 06:52:31,43600.0,200.0,1614600.0
495,2021-10-11 06:51:57,43650.0,200.0,1614400.0
496,2021-10-11 06:51:16,43650.0,1000.0,1614200.0
497,2021-10-11 06:50:50,43600.0,100.0,1613200.0
498,2021-10-11 06:50:50,43600.0,900.0,1613100.0
499,2021-10-11 06:50:48,43650.0,500.0,1612200.0
500,2021-10-11 06:50:48,43650.0,100.0,1611700.0
501,2021-10-11 06:50:48,43650.0,200.0,1611600.0
502,2021-10-11 06:50:48,43650.0,100.0,1611400.0
503,2021-10-11 06:50:48,43650.0,6000.0,1611300.0
504,2021-10-11 06:50:48,43650.0,100.0,1605300.0
505,2021-10-11 06:50:48,43650.0,100.0,1605200.0
506,2021-10-11 06:50:48,43650.0,2000.0,1605100.0
507,2021-10-11 06:50:48,43650.0,3100.0,1603100.0
508,2021-10-11 06:50:45,43650.0,1900.0,1600000.0
509,2021-10-11 06:50:45,43650.0,900.0,1598100.0
510,2021-10-11 06:50:41,43650.0,100.0,1597200.0
511,2021-10-11 06:50:41,43650.0,200.0,1597100.0
512,2021-10-11 06:50:41,43650.0,200.0,1596900.0
513,2021-10-11 06:50:41,43650.0,100.0,1596700.0
514,2021-10-11 06:50:41,43650.0,100.0,1596600.0
515,2021-10-11 06:50:41,43650.0,2300.0,1596500.0
516,2021-10-11 06:50:31,43600.0,1100.0,1594200.0
517,2021-10-11 06:49:56,43650.0,100.0,1593100.0
518,2021-10-11 06:49:52,43650.0,200.0,1593000.0
519,2021-10-11 06:49:50,43650.0,200.0,1592800.0
520,2021-10-11 06:49:49,43650.0,400.0,1592600.0
521,2021-10-11 06:49:46,43650.0,400.0,1592200.0
522,2021-10-11 06:49:43,43650.0,400.0,1591800.0
523,2021-10-11 06:49:42,43600.0,100.0,1591400.0
524,2021-10-11 06:49:39,43650.0,1200.0,1591300.0
525,2021-10-11 06:49:31,43650.0,800.0,1590100.0
526,2021-10-11 06:49:31,43650.0,200.0,1589300.0
527,2021-10-11 06:49:31,43650.0,200.0,1589100.0
528,2021-10-11 06:49:28,43650.0,1300.0,1588900.0
529,2021-10-11 06:49:27,43650.0,400.0,1587600.0
530,2021-10-11 06:49:24,43650.0,400.0,1587200.0
531,2021-10-11 06:49:22,43650.0,400.0,1586800.0
532,2021-10-11 06:49:17,43650.0,900.0,1586400.0
533,2021-10-11 06:49:11,43650.0,1200.0,1585500.0
534,2021-10-11 06:49:06,43650.0,200.0,1584300.0
535,2021-10-11 06:49:01,43650.0,400.0,1584100.0
536,2021-10-11 06:48:58,43650.0,400.0,1583700.0
537,2021-10-11 06:48:56,43650.0,1000.0,1583300.0
538,2021-10-11 06:48:55,43650.0,400.0,1582300.0
539,2021-10-11 06:48:53,43650.0,700.0,1581900.0
540,2021-10-11 06:48:47,43650.0,1000.0,1581200.0
541,2021-10-11 06:48:43,43650.0,200.0,1580200.0
542,2021-10-11 06:48:40,43650.0,400.0,1580000.0
543,2021-10-11 06:48:39,43650.0,300.0,1579600.0
544,2021-10-11 06:48:39,43650.0,700.0,1579300.0
545,2021-10-11 06:48:35,43650.0,400.0,1578600.0
546,2021-10-11 06:48:33,43650.0,400.0,1578200.0
547,2021-10-11 06:48:29,43600.0,900.0,1577800.0
548,2021-10-11 06:48:29,43600.0,100.0,1576900.0
549,2021-10-11 06:48:23,43650.0,1300.0,1576800.0
550,2021-10-11 06:48:22,43650.0,2200.0,1575500.0
551,2021-10-11 06:48:22,43650.0,600.0,1573300.0
552,2021-10-11 06:48:13,43650.0,200.0,1572700.0
553,2021-10-11 06:48:10,43650.0,400.0,1572500.0
554,2021-10-11 06:48:08,43650.0,1400.0,1572100.0
555,2021-10-11 06:48:06,43650.0,400.0,1570700.0
556,2021-10-11 06:48:03,43650.0,400.0,1570300.0
557,2021-10-11 06:48:02,43650.0,300.0,1569900.0
558,2021-10-11 06:47:52,43650.0,400.0,1569600.0
559,2021-10-11 06:47:51,43650.0,700.0,1569200.0
560,2021-10-11 06:47:48,43650.0,200.0,1568500.0
561,2021-10-11 06:47:44,43650.0,5000.0,1568300.0
562,2021-10-11 06:47:44,43650.0,1000.0,1563300.0
563,2021-10-11 06:47:44,43650.0,4000.0,1562300.0
564,2021-10-11 06:47:44,43650.0,300.0,1558300.0
565,2021-10-11 06:47:41,43650.0,300.0,1558000.0
566,2021-10-11 06:47:35,43650.0,300.0,1557700.0
567,2021-10-11 06:47:35,43650.0,300.0,1557400.0
568,2021-10-11 06:47:29,43650.0,300.0,1557100.0
569,2021-10-11 06:47:28,43650.0,2900.0,1556800.0
570,2021-10-11 06:47:20,43650.0,300.0,1553900.0
571,2021-10-11 06:47:14,43650.0,100.0,1553600.0
572,2021-10-11 06:47:09,43650.0,400.0,1553500.0
573,2021-10-11 06:47:04,43650.0,100.0,1553100.0
574,2021-10-11 06:46:52,43650.0,700.0,1553000.0
575,2021-10-11 06:46:48,43650.0,200.0,1552300.0
576,2021-10-11 06:46:46,43650.0,200.0,1552100.0
577,2021-10-11 06:46:46,43650.0,1200.0,1551900.0
578,2021-10-11 06:46:37,43650.0,100.0,1550700.0
579,2021-10-11 06:46:35,43650.0,400.0,1550600.0
580,2021-10-11 06:46:29,43650.0,100.0,1550200.0
581,2021-10-11 06:46:29,43600.0,1000.0,1550100.0
582,2021-10-11 06:46:29,43600.0,100.0,1549100.0
583,2021-10-11 06:46:29,43600.0,100.0,1549000.0
584,2021-10-11 06:46:29,43600.0,100.0,1548900.0
585,2021-10-11 06:46:21,43600.0,700.0,1548800.0
586,2021-10-11 06:46:18,43600.0,300.0,1548100.0
587,2021-10-11 06:45:52,43600.0,100.0,1547800.0
588,2021-10-11 06:45:43,43600.0,1500.0,1547700.0
589,2021-10-11 06:45:41,43600.0,100.0,1546200.0
590,2021-10-11 06:45:19,43600.0,1400.0,1546100.0
591,2021-10-11 06:44:56,43600.0,500.0,1544700.0
592,2021-10-11 06:44:56,43600.0,300.0,1544200.0
593,2021-10-11 06:44:56,43600.0,100.0,1543900.0
594,2021-10-11 06:44:08,43650.0,3200.0,1543800.0
595,2021-10-11 06:44:08,43650.0,500.0,1540600.0
596,2021-10-11 06:44:08,43650.0,1000.0,1540100.0
597,2021-10-11 06:44:08,43650.0,100.0,1539100.0
598,2021-10-11 06:44:08,43650.0,300.0,1539000.0
599,2021-10-11 06:44:05,43600.0,1600.0,1538700.0
600,2021-10-11 06:44:05,43600.0,400.0,1537100.0
601,2021-10-11 06:42:48,43650.0,200.0,1536700.0
602,2021-10-11 06:42:45,43650.0,100.0,1536500.0
603,2021-10-11 06:42:45,43600.0,100.0,1536400.0
604,2021-10-11 06:42:41,43650.0,200.0,1536300.0
605,2021-10-11 06:42:38,43650.0,200.0,1536100.0
606,2021-10-11 06:42:34,43650.0,200.0,1535900.0
607,2021-10-11 06:42:31,43650.0,200.0,1535700.0
608,2021-10-11 06:42:27,43650.0,200.0,1535500.0
609,2021-10-11 06:42:10,43650.0,100.0,1535300.0
610,2021-10-11 06:42:06,43650.0,300.0,1535200.0
611,2021-10-11 06:42:02,43650.0,300.0,1534900.0
612,2021-10-11 06:41:59,43650.0,300.0,1534600.0
613,2021-10-11 06:41:53,43650.0,100.0,1534300.0
614,2021-10-11 06:41:53,43600.0,100.0,1534200.0
615,2021-10-11 06:41:51,43600.0,100.0,1534100.0
616,2021-10-11 06:41:50,43650.0,200.0,1534000.0
617,2021-10-11 06:41:49,43600.0,1100.0,1533800.0
618,2021-10-11 06:41:49,43600.0,900.0,1532700.0
619,2021-10-11 06:41:46,43650.0,200.0,1531800.0
620,2021-10-11 06:41:42,43650.0,6900.0,1531600.0
621,2021-10-11 06:41:42,43650.0,3100.0,1524700.0
622,2021-10-11 06:41:34,43650.0,100.0,1521600.0
623,2021-10-11 06:41:30,43650.0,300.0,1521500.0
624,2021-10-11 06:41:27,43650.0,300.0,1521200.0
625,2021-10-11 06:41:23,43650.0,300.0,1520900.0
626,2021-10-11 06:41:19,43650.0,200.0,1520600.0
627,2021-10-11 06:41:16,43650.0,200.0,1520400.0
628,2021-10-11 06:40:57,43650.0,500.0,1520200.0
629,2021-10-11 06:40:48,43600.0,2400.0,1519700.0
630,2021-10-11 06:40:48,43600.0,1000.0,1517300.0
631,2021-10-11 06:40:48,43600.0,900.0,1516300.0
632,2021-10-11 06:40:48,43600.0,100.0,1515400.0
633,2021-10-11 06:40:48,43600.0,200.0,1515300.0
634,2021-10-11 06:40:18,43600.0,200.0,1515100.0
635,2021-10-11 06:40:13,43550.0,300.0,1514900.0
636,2021-10-11 06:40:07,43600.0,300.0,1514600.0
637,2021-10-11 06:40:07,43600.0,100.0,1514300.0
638,2021-10-11 06:39:54,43600.0,4900.0,1514200.0
639,2021-10-11 06:39:54,43600.0,100.0,1509300.0
640,2021-10-11 06:39:50,43600.0,5000.0,1509200.0
641,2021-10-11 06:39:38,43600.0,100.0,1504200.0
642,2021-10-11 06:39:21,43600.0,200.0,1504100.0
643,2021-10-11 06:39:21,43600.0,200.0,1503900.0
644,2021-10-11 06:39:21,43600.0,1400.0,1503700.0
645,2021-10-11 06:38:47,43600.0,300.0,1502300.0
646,2021-10-11 06:38:47,43600.0,100.0,1502000.0
647,2021-10-11 06:38:47,43600.0,500.0,1501900.0
648,2021-10-11 06:38:47,43600.0,3000.0,1501400.0
649,2021-10-11 06:38:15,43600.0,2000.0,1498400.0
650,2021-10-11 06:37:47,43600.0,100.0,1496400.0
651,2021-10-11 06:37:47,43600.0,1000.0,1496300.0
652,2021-10-11 06:37:47,43600.0,1900.0,1495300.0
653,2021-10-11 06:37:28,43600.0,500.0,1493400.0
654,2021-10-11 06:37:01,43600.0,100.0,1492900.0
655,2021-10-11 06:37:01,43600.0,100.0,1492800.0
656,2021-10-11 06:37:01,43600.0,300.0,1492700.0
657,2021-10-11 06:37:01,43600.0,700.0,1492400.0
658,2021-10-11 06:36:20,43600.0,500.0,1491700.0
659,2021-10-11 06:36:20,43600.0,100.0,1491200.0
660,2021-10-11 06:35:50,43600.0,100.0,1491100.0
661,2021-10-11 06:35:50,43600.0,200.0,1491000.0
662,2021-10-11 06:35:50,43600.0,400.0,1490800.0
663,2021-10-11 06:35:50,43600.0,500.0,1490400.0
664,2021-10-11 06:35:50,43600.0,100.0,1489900.0
665,2021-10-11 06:35:50,43600.0,100.0,1489800.0
666,2021-10-11 06:35:50,43600.0,100.0,1489700.0
667,2021-10-11 06:35:30,43600.0,400.0,1489600.0
668,2021-10-11 06:35:30,43600.0,200.0,1489200.0
669,2021-10-11 06:35:30,43600.0,3000.0,1489000.0
670,2021-10-11 06:35:30,43600.0,1400.0,1486000.0
671,2021-10-11 06:34:08,43600.0,2900.0,1484600.0
672,2021-10-11 06:33:54,43600.0,500.0,1481700.0
673,2021-10-11 06:33:22,43600.0,200.0,1481200.0
674,2021-10-11 06:33:22,43600.0,100.0,1481000.0
675,2021-10-11 06:32:54,43600.0,200.0,1480900.0
676,2021-10-11 06:32:54,43600.0,800.0,1480700.0
677,2021-10-11 06:32:51,43600.0,200.0,1479900.0
678,2021-10-11 06:32:21,43550.0,100.0,1479700.0
679,2021-10-11 06:32:21,43550.0,500.0,1479600.0
680,2021-10-11 06:32:21,43550.0,500.0,1479100.0
681,2021-10-11 06:32:21,43550.0,1000.0,1478600.0
682,2021-10-11 06:32:21,43550.0,1700.0,1477600.0
683,2021-10-11 06:32:21,43550.0,2000.0,1475900.0
684,2021-10-11 06:32:21,43550.0,200.0,1473900.0
685,2021-10-11 06:32:21,43550.0,100.0,1473700.0
686,2021-10-11 06:32:21,43550.0,500.0,1473600.0
687,2021-10-11 06:32:21,43550.0,1700.0,1473100.0
688,2021-10-11 06:31:51,43600.0,100.0,1471400.0
689,2021-10-11 06:31:51,43600.0,1600.0,1471300.0
690,2021-10-11 06:31:28,43600.0,10000.0,1469700.0
691,2021-10-11 06:30:48,43600.0,900.0,1459700.0
692,2021-10-11 06:30:46,43550.0,1300.0,1458800.0
693,2021-10-11 06:30:46,43550.0,500.0,1457500.0
694,2021-10-11 06:30:46,43550.0,5000.0,1457000.0
695,2021-10-11 06:30:46,43550.0,400.0,1452000.0
696,2021-10-11 06:30:46,43550.0,1000.0,1451600.0
697,2021-10-11 06:30:46,43550.0,100.0,1450600.0
698,2021-10-11 06:30:46,43550.0,200.0,1450500.0
699,2021-10-11 06:30:46,43550.0,1500.0,1450300.0
700,2021-10-11 06:30:03,43600.0,100.0,1448800.0
701,2021-10-11 06:29:15,43650.0,300.0,1448700.0
702,2021-10-11 06:28:50,43650.0,400.0,1448400.0
703,2021-10-11 06:28:50,43600.0,100.0,1448000.0
704,2021-10-11 06:28:44,43600.0,500.0,1447900.0
705,2021-10-11 06:28:44,43600.0,100.0,1447400.0
706,2021-10-11 06:28:44,43600.0,700.0,1447300.0
707,2021-10-11 06:28:44,43600.0,500.0,1446600.0
708,2021-10-11 06:28:44,43600.0,1000.0,1446100.0
709,2021-10-11 06:28:44,43600.0,200.0,1445100.0
710,2021-10-11 06:28:44,43600.0,1900.0,1444900.0
711,2021-10-11 06:28:30,43650.0,2000.0,1443000.0
712,2021-10-11 06:28:22,43650.0,5000.0,1441000.0
713,2021-10-11 06:28:09,43650.0,500.0,1436000.0
714,2021-10-11 06:28:09,43650.0,1100.0,1435500.0
715,2021-10-11 06:27:59,43700.0,400.0,1434400.0
716,2021-10-11 06:27:55,43700.0,400.0,1434000.0
717,2021-10-11 06:27:51,43700.0,400.0,1433600.0
718,2021-10-11 06:27:49,43700.0,400.0,1433200.0
719,2021-10-11 06:27:47,43650.0,3900.0,1432800.0
720,2021-10-11 06:27:45,43650.0,400.0,1428900.0
721,2021-10-11 06:27:44,43650.0,700.0,1428500.0
722,2021-10-11 06:27:44,43650.0,200.0,1427800.0
723,2021-10-11 06:27:41,43700.0,400.0,1427600.0
724,2021-10-11 06:27:41,43650.0,100.0,1427200.0
725,2021-10-11 06:27:39,43650.0,400.0,1427100.0
726,2021-10-11 06:27:36,43650.0,100.0,1426700.0
727,2021-10-11 06:27:36,43650.0,100.0,1426600.0
728,2021-10-11 06:27:36,43650.0,200.0,1426500.0
729,2021-10-11 06:27:36,43650.0,700.0,1426300.0
730,2021-10-11 06:27:35,43650.0,100.0,1425600.0
731,2021-10-11 06:27:35,43650.0,300.0,1425500.0
732,2021-10-11 06:27:33,43650.0,4700.0,1425200.0
733,2021-10-11 06:27:33,43650.0,300.0,1420500.0
734,2021-10-11 06:27:32,43650.0,400.0,1420200.0
735,2021-10-11 06:27:31,43650.0,4300.0,1419800.0
736,2021-10-11 06:27:31,43650.0,700.0,1415500.0
737,2021-10-11 06:27:29,43650.0,400.0,1414800.0
738,2021-10-11 06:27:28,43650.0,4600.0,1414400.0
739,2021-10-11 06:27:26,43650.0,400.0,1409800.0
740,2021-10-11 06:27:22,43650.0,400.0,1409400.0
741,2021-10-11 06:27:19,43650.0,100.0,1409000.0
742,2021-10-11 06:27:19,43650.0,300.0,1408900.0
743,2021-10-11 06:27:15,43650.0,400.0,1408600.0
744,2021-10-11 06:27:10,43650.0,200.0,1408200.0
745,2021-10-11 06:26:49,43650.0,100.0,1408000.0
746,2021-10-11 06:26:43,43600.0,2000.0,1407900.0
747,2021-10-11 06:26:25,43600.0,100.0,1405900.0
748,2021-10-11 06:25:55,43600.0,1000.0,1405800.0
749,2021-10-11 06:25:50,43600.0,100.0,1404800.0
750,2021-10-11 06:25:26,43600.0,100.0,1404700.0
751,2021-10-11 06:25:20,43600.0,100.0,1404600.0
752,2021-10-11 06:25:14,43600.0,800.0,1404500.0
753,2021-10-11 06:25:08,43600.0,3000.0,1403700.0
754,2021-10-11 06:24:45,43600.0,900.0,1400700.0
755,2021-10-11 06:24:43,43600.0,600.0,1399800.0
756,2021-10-11 06:24:43,43600.0,1000.0,1399200.0
757,2021-10-11 06:24:43,43600.0,3300.0,1398200.0
758,2021-10-11 06:24:43,43600.0,100.0,1394900.0
759,2021-10-11 06:24:35,43600.0,100.0,1394800.0
760,2021-10-11 06:24:09,43600.0,1000.0,1394700.0
761,2021-10-11 06:24:08,43600.0,3100.0,1393700.0
762,2021-10-11 06:23:50,43600.0,200.0,1390600.0
763,2021-10-11 06:23:05,43600.0,500.0,1390400.0
764,2021-10-11 06:22:46,43600.0,3100.0,1389900.0
765,2021-10-11 06:22:46,43600.0,200.0,1386800.0
766,2021-10-11 06:22:46,43600.0,100.0,1386600.0
767,2021-10-11 06:22:46,43600.0,100.0,1386500.0
768,2021-10-11 06:22:46,43600.0,1000.0,1386400.0
769,2021-10-11 06:22:46,43600.0,100.0,1385400.0
770,2021-10-11 06:22:46,43600.0,100.0,1385300.0
771,2021-10-11 06:22:46,43600.0,300.0,1385200.0
772,2021-10-11 06:22:25,43650.0,100.0,1384900.0
773,2021-10-11 06:21:48,43650.0,100.0,1384800.0
774,2021-10-11 06:21:04,43600.0,5000.0,1384700.0
775,2021-10-11 06:20:48,43650.0,3800.0,1379700.0
776,2021-10-11 06:20:48,43650.0,4300.0,1375900.0
777,2021-10-11 06:20:43,43600.0,4000.0,1371600.0
778,2021-10-11 06:20:16,43600.0,500.0,1367600.0
779,2021-10-11 06:20:12,43600.0,1000.0,1367100.0
780,2021-10-11 06:19:55,43600.0,900.0,1366100.0
781,2021-10-11 06:19:55,43600.0,1000.0,1365200.0
782,2021-10-11 06:19:55,43600.0,1000.0,1364200.0
783,2021-10-11 06:19:55,43600.0,2000.0,1363200.0
784,2021-10-11 06:19:55,43600.0,4300.0,1361200.0
785,2021-10-11 06:19:42,43600.0,1000.0,1356900.0
786,2021-10-11 06:19:40,43600.0,2000.0,1355900.0
787,2021-10-11 06:19:36,43600.0,2000.0,1353900.0
788,2021-10-11 06:19:30,43600.0,5000.0,1351900.0
789,2021-10-11 06:18:58,43600.0,100.0,1346900.0
790,2021-10-11 06:18:22,43600.0,100.0,1346800.0
791,2021-10-11 06:17:58,43600.0,4000.0,1346700.0
792,2021-10-11 06:17:28,43600.0,4000.0,1342700.0
793,2021-10-11 06:17:28,43600.0,1200.0,1338700.0
794,2021-10-11 06:16:53,43600.0,800.0,1337500.0
795,2021-10-11 06:16:53,43600.0,500.0,1336700.0
796,2021-10-11 06:16:53,43600.0,100.0,1336200.0
797,2021-10-11 06:16:53,43600.0,500.0,1336100.0
798,2021-10-11 06:16:53,43600.0,200.0,1335600.0
799,2021-10-11 06:16:53,43600.0,1400.0,1335400.0
800,2021-10-11 06:16:43,43600.0,100.0,1334000.0
801,2021-10-11 06:16:29,43550.0,100.0,1333900.0
802,2021-10-11 06:16:26,43600.0,1800.0,1333800.0
803,2021-10-11 06:16:13,43600.0,100.0,1332000.0
804,2021-10-11 06:15:37,43600.0,200.0,1331900.0
805,2021-10-11 06:15:37,43600.0,100.0,1331700.0
806,2021-10-11 06:15:37,43600.0,500.0,1331600.0
807,2021-10-11 06:15:37,43600.0,800.0,1331100.0
808,2021-10-11 06:15:19,43600.0,200.0,1330300.0
809,2021-10-11 06:15:19,43600.0,300.0,1330100.0
810,2021-10-11 06:15:05,43600.0,700.0,1329800.0
811,2021-10-11 06:15:05,43600.0,1000.0,1329100.0
812,2021-10-11 06:15:05,43600.0,100.0,1328100.0
813,2021-10-11 06:15:05,43600.0,1200.0,1328000.0
814,2021-10-11 06:15:05,43600.0,100.0,1326800.0
815,2021-10-11 06:15:05,43600.0,2000.0,1326700.0
816,2021-10-11 06:15:05,43600.0,1000.0,1324700.0
817,2021-10-11 06:15:05,43600.0,100.0,1323700.0
818,2021-10-11 06:15:05,43600.0,100.0,1323600.0
819,2021-10-11 06:15:05,43600.0,100.0,1323500.0
820,2021-10-11 06:15:05,43600.0,300.0,1323400.0
821,2021-10-11 06:15:05,43600.0,500.0,1323100.0
822,2021-10-11 06:15:05,43600.0,300.0,1322600.0
823,2021-10-11 06:15:05,43600.0,800.0,1322300.0
824,2021-10-11 06:15:05,43600.0,100.0,1321500.0
825,2021-10-11 06:15:05,43600.0,500.0,1321400.0
826,2021-10-11 06:15:05,43600.0,500.0,1320900.0
827,2021-10-11 06:15:05,43600.0,600.0,1320400.0
828,2021-10-11 06:14:58,43600.0,500.0,1319800.0
829,2021-10-11 06:14:13,43650.0,100.0,1319300.0
830,2021-10-11 06:14:08,43650.0,600.0,1319200.0
831,2021-10-11 06:14:08,43650.0,5000.0,1318600.0
832,2021-10-11 06:14:08,43650.0,1800.0,1313600.0
833,2021-10-11 06:13:57,43650.0,1000.0,1311800.0
834,2021-10-11 06:13:43,43650.0,7200.0,1310800.0
835,2021-10-11 06:13:19,43650.0,100.0,1303600.0
836,2021-10-11 06:13:19,43650.0,100.0,1303500.0
837,2021-10-11 06:13:19,43650.0,100.0,1303400.0
838,2021-10-11 06:13:19,43650.0,10000.0,1303300.0
839,2021-10-11 06:13:19,43650.0,100.0,1293300.0
840,2021-10-11 06:13:19,43650.0,100.0,1293200.0
841,2021-10-11 06:13:19,43650.0,2300.0,1293100.0
842,2021-10-11 06:13:06,43650.0,100.0,1290800.0
843,2021-10-11 06:12:59,43650.0,300.0,1290700.0
844,2021-10-11 06:12:38,43650.0,100.0,1290400.0
845,2021-10-11 06:12:35,43650.0,100.0,1290300.0
846,2021-10-11 06:12:19,43650.0,300.0,1290200.0
847,2021-10-11 06:12:01,43650.0,300.0,1289900.0
848,2021-10-11 06:12:00,43650.0,100.0,1289600.0
849,2021-10-11 06:11:36,43650.0,200.0,1289500.0
850,2021-10-11 06:11:36,43650.0,300.0,1289300.0
851,2021-10-11 06:11:36,43650.0,100.0,1289000.0
852,2021-10-11 06:11:36,43650.0,800.0,1288900.0
853,2021-10-11 06:11:32,43700.0,200.0,1288100.0
854,2021-10-11 06:11:28,43650.0,1000.0,1287900.0
855,2021-10-11 06:11:20,43700.0,800.0,1286900.0
856,2021-10-11 06:11:20,43700.0,200.0,1286100.0
857,2021-10-11 06:11:13,43650.0,10000.0,1285900.0
858,2021-10-11 06:11:07,43700.0,300.0,1275900.0
859,2021-10-11 06:11:05,43700.0,500.0,1275600.0
860,2021-10-11 06:11:05,43700.0,100.0,1275100.0
861,2021-10-11 06:10:56,43700.0,1100.0,1275000.0
862,2021-10-11 06:10:53,43700.0,300.0,1273900.0
863,2021-10-11 06:10:48,43650.0,10000.0,1273600.0
864,2021-10-11 06:10:36,43700.0,7500.0,1263600.0
865,2021-10-11 06:10:36,43700.0,3400.0,1256100.0
866,2021-10-11 06:10:36,43650.0,5000.0,1252700.0
867,2021-10-11 06:10:36,43650.0,400.0,1247700.0
868,2021-10-11 06:10:36,43650.0,3700.0,1247300.0
869,2021-10-11 06:10:33,43650.0,1300.0,1243600.0
870,2021-10-11 06:10:33,43650.0,200.0,1242300.0
871,2021-10-11 06:10:09,43650.0,100.0,1242100.0
872,2021-10-11 06:10:05,43650.0,1400.0,1242000.0
873,2021-10-11 06:09:43,43650.0,1300.0,1240600.0
874,2021-10-11 06:09:41,43650.0,8700.0,1239300.0
875,2021-10-11 06:09:41,43650.0,500.0,1230600.0
876,2021-10-11 06:09:41,43650.0,400.0,1230100.0
877,2021-10-11 06:09:41,43650.0,2400.0,1229700.0
878,2021-10-11 06:09:37,43650.0,100.0,1227300.0
879,2021-10-11 06:09:32,43650.0,9600.0,1227200.0
880,2021-10-11 06:09:32,43650.0,400.0,1217600.0
881,2021-10-11 06:09:26,43700.0,800.0,1217200.0
882,2021-10-11 06:09:21,43700.0,200.0,1216400.0
883,2021-10-11 06:09:14,43700.0,200.0,1216200.0
884,2021-10-11 06:09:14,43700.0,200.0,1216000.0
885,2021-10-11 06:09:12,43700.0,100.0,1215800.0
886,2021-10-11 06:09:03,43700.0,300.0,1215700.0
887,2021-10-11 06:08:59,43700.0,100.0,1215400.0
888,2021-10-11 06:08:58,43700.0,1000.0,1215300.0
889,2021-10-11 06:08:58,43700.0,1100.0,1214300.0
890,2021-10-11 06:08:58,43700.0,1200.0,1213200.0
891,2021-10-11 06:08:58,43700.0,1400.0,1212000.0
892,2021-10-11 06:08:41,43700.0,3600.0,1210600.0
893,2021-10-11 06:08:40,43700.0,500.0,1207000.0
894,2021-10-11 06:08:39,43700.0,900.0,1206500.0
895,2021-10-11 06:08:29,43750.0,300.0,1205600.0
896,2021-10-11 06:08:25,43750.0,100.0,1205300.0
897,2021-10-11 06:08:25,43750.0,100.0,1205200.0
898,2021-10-11 06:08:22,43750.0,300.0,1205100.0
899,2021-10-11 06:08:17,43750.0,100.0,1204800.0
900,2021-10-11 06:08:13,43750.0,100.0,1204700.0
901,2021-10-11 06:08:10,43750.0,1000.0,1204600.0
902,2021-10-11 06:08:07,43750.0,100.0,1203600.0
903,2021-10-11 06:08:03,43750.0,100.0,1203500.0
904,2021-10-11 06:08:00,43750.0,100.0,1203400.0
905,2021-10-11 06:07:57,43750.0,100.0,1203300.0
906,2021-10-11 06:07:49,43750.0,100.0,1203200.0
907,2021-10-11 06:07:44,43800.0,100.0,1203100.0
908,2021-10-11 06:07:43,43800.0,3500.0,1203000.0
909,2021-10-11 06:07:43,43750.0,2800.0,1199500.0
910,2021-10-11 06:07:40,43750.0,100.0,1196700.0
911,2021-10-11 06:07:35,43750.0,100.0,1196600.0
912,2021-10-11 06:07:34,43750.0,200.0,1196500.0
913,2021-10-11 06:07:34,43750.0,1800.0,1196300.0
914,2021-10-11 06:07:31,43750.0,300.0,1194500.0
915,2021-10-11 06:07:31,43750.0,1000.0,1194200.0
916,2021-10-11 06:07:31,43750.0,700.0,1193200.0
917,2021-10-11 06:07:31,43750.0,1000.0,1192500.0
918,2021-10-11 06:07:31,43750.0,4000.0,1191500.0
919,2021-10-11 06:07:31,43750.0,1200.0,1187500.0
920,2021-10-11 06:07:28,43750.0,10800.0,1186300.0
921,2021-10-11 06:07:28,43750.0,100.0,1175500.0
922,2021-10-11 06:07:28,43750.0,100.0,1175400.0
923,2021-10-11 06:07:28,43750.0,100.0,1175300.0
924,2021-10-11 06:07:28,43750.0,500.0,1175200.0
925,2021-10-11 06:07:28,43750.0,6300.0,1174700.0
926,2021-10-11 06:07:16,43750.0,3000.0,1168400.0
927,2021-10-11 06:06:40,43750.0,500.0,1165400.0
928,2021-10-11 06:06:24,43750.0,200.0,1164900.0
929,2021-10-11 06:06:24,43700.0,200.0,1164700.0
930,2021-10-11 06:06:24,43700.0,200.0,1164500.0
931,2021-10-11 06:06:24,43700.0,100.0,1164300.0
932,2021-10-11 06:06:24,43700.0,100.0,1164200.0
933,2021-10-11 06:06:24,43700.0,200.0,1164100.0
934,2021-10-11 06:06:24,43700.0,100.0,1163900.0
935,2021-10-11 06:06:24,43700.0,200.0,1163800.0
936,2021-10-11 06:06:24,43700.0,100.0,1163600.0
937,2021-10-11 06:06:22,43700.0,100.0,1163500.0
938,2021-10-11 06:06:22,43700.0,200.0,1163400.0
939,2021-10-11 06:06:22,43700.0,5000.0,1163200.0
940,2021-10-11 06:06:22,43700.0,4700.0,1158200.0
941,2021-10-11 06:06:20,43700.0,400.0,1153500.0
942,2021-10-11 06:06:20,43700.0,1000.0,1153100.0
943,2021-10-11 06:06:20,43700.0,700.0,1152100.0
944,2021-10-11 06:06:19,43700.0,3200.0,1151400.0
945,2021-10-11 06:06:19,43700.0,1000.0,1148200.0
946,2021-10-11 06:06:19,43700.0,100.0,1147200.0
947,2021-10-11 06:06:19,43700.0,100.0,1147100.0
948,2021-10-11 06:06:19,43700.0,500.0,1147000.0
949,2021-10-11 06:06:19,43700.0,300.0,1146500.0
950,2021-10-11 06:06:19,43700.0,100.0,1146200.0
951,2021-10-11 06:06:19,43700.0,100.0,1146100.0
952,2021-10-11 06:06:19,43700.0,100.0,1146000.0
953,2021-10-11 06:06:19,43700.0,1500.0,1145900.0
954,2021-10-11 06:06:19,43700.0,500.0,1144400.0
955,2021-10-11 06:06:19,43700.0,400.0,1143900.0
956,2021-10-11 06:06:19,43650.0,2100.0,1143500.0
957,2021-10-11 06:06:00,43650.0,300.0,1141400.0
958,2021-10-11 06:06:00,43650.0,4600.0,1141100.0
959,2021-10-11 06:05:53,43700.0,200.0,1136500.0
960,2021-10-11 06:05:52,43700.0,6400.0,1136300.0
961,2021-10-11 06:05:46,43650.0,400.0,1129900.0
962,2021-10-11 06:05:46,43650.0,1600.0,1129500.0
963,2021-10-11 06:05:31,43700.0,2000.0,1127900.0
964,2021-10-11 06:05:25,43700.0,1100.0,1125900.0
965,2021-10-11 06:05:25,43700.0,3900.0,1124800.0
966,2021-10-11 06:05:11,43700.0,900.0,1120900.0
967,2021-10-11 06:04:57,43700.0,200.0,1120000.0
968,2021-10-11 06:04:57,43700.0,500.0,1119800.0
969,2021-10-11 06:04:46,43650.0,8400.0,1119300.0
970,2021-10-11 06:04:46,43650.0,300.0,1110900.0
971,2021-10-11 06:04:46,43650.0,1300.0,1110600.0
972,2021-10-11 06:04:40,43700.0,500.0,1109300.0
973,2021-10-11 06:04:11,43650.0,1000.0,1108800.0
974,2021-10-11 06:04:11,43650.0,100.0,1107800.0
975,2021-10-11 06:04:11,43650.0,1500.0,1107700.0
976,2021-10-11 06:04:11,43650.0,1100.0,1106200.0
977,2021-10-11 06:04:08,43650.0,8900.0,1105100.0
978,2021-10-11 06:04:08,43650.0,5000.0,1096200.0
979,2021-10-11 06:04:08,43650.0,200.0,1091200.0
980,2021-10-11 06:04:08,43650.0,1000.0,1091000.0
981,2021-10-11 06:04:08,43650.0,500.0,1090000.0
982,2021-10-11 06:04:08,43650.0,600.0,1089500.0
983,2021-10-11 06:04:06,43650.0,300.0,1088900.0
984,2021-10-11 06:03:43,43650.0,400.0,1088600.0
985,2021-10-11 06:03:33,43650.0,1000.0,1088200.0
986,2021-10-11 06:02:52,43650.0,600.0,1087200.0
987,2021-10-11 06:02:49,43650.0,600.0,1086600.0
988,2021-10-11 06:02:48,43600.0,1000.0,1086000.0
989,2021-10-11 06:02:48,43600.0,2900.0,1085000.0
990,2021-10-11 06:02:48,43600.0,500.0,1082100.0
991,2021-10-11 06:02:45,43600.0,600.0,1081600.0
992,2021-10-11 06:02:41,43600.0,600.0,1081000.0
993,2021-10-11 06:02:38,43600.0,400.0,1080400.0
994,2021-10-11 06:02:38,43600.0,200.0,1080000.0
995,2021-10-11 06:02:35,43600.0,100.0,1079800.0
996,2021-10-11 06:02:35,43600.0,500.0,1079700.0
997,2021-10-11 06:02:35,43600.0,1000.0,1079200.0
998,2021-10-11 06:02:32,43600.0,600.0,1078200.0
999,2021-10-11 06:02:29,43600.0,600.0,1077600.0
1000,2021-10-11 06:02:24,43600.0,400.0,1077000.0
1001,2021-10-11 06:02:22,43600.0,400.0,1076600.0
1002,2021-10-11 06:02:17,43600.0,200.0,1076200.0
1003,2021-10-11 06:02:13,43600.0,2400.0,1076000.0
1004,2021-10-11 06:02:11,43600.0,400.0,1073600.0
1005,2021-10-11 06:02:00,43600.0,1400.0,1073200.0
1006,2021-10-11 06:01:59,43600.0,5000.0,1071800.0
1007,2021-10-11 06:01:44,43600.0,5000.0,1066800.0
1008,2021-10-11 06:01:44,43600.0,500.0,1061800.0
1009,2021-10-11 06:01:44,43600.0,100.0,1061300.0
1010,2021-10-11 06:01:44,43600.0,1000.0,1061200.0
1011,2021-10-11 06:01:44,43600.0,300.0,1060200.0
1012,2021-10-11 06:01:44,43600.0,200.0,1059900.0
1013,2021-10-11 06:01:42,43650.0,200.0,1059700.0
1014,2021-10-11 06:01:35,43650.0,900.0,1059500.0
1015,2021-10-11 06:01:35,43650.0,500.0,1058600.0
1016,2021-10-11 06:01:35,43650.0,1000.0,1058100.0
1017,2021-10-11 06:01:35,43650.0,200.0,1057100.0
1018,2021-10-11 06:01:35,43650.0,100.0,1056900.0
1019,2021-10-11 06:01:35,43650.0,100.0,1056800.0
1020,2021-10-11 06:01:35,43650.0,200.0,1056700.0
1021,2021-10-11 06:01:17,43600.0,300.0,1056500.0
1022,2021-10-11 06:01:17,43600.0,100.0,1056200.0
1023,2021-10-11 06:01:17,43600.0,900.0,1056100.0
1024,2021-10-11 06:01:17,43600.0,5000.0,1055200.0
1025,2021-10-11 06:01:17,43600.0,1000.0,1050200.0
1026,2021-10-11 06:01:17,43600.0,1000.0,1049200.0
1027,2021-10-11 06:01:17,43600.0,5000.0,1048200.0
1028,2021-10-11 06:01:17,43600.0,1000.0,1043200.0
1029,2021-10-11 06:01:17,43600.0,1000.0,1042200.0
1030,2021-10-11 06:01:17,43600.0,300.0,1041200.0
1031,2021-10-11 06:01:17,43600.0,500.0,1040900.0
1032,2021-10-11 06:01:17,43600.0,1000.0,1040400.0
1033,2021-10-11 06:01:17,43600.0,500.0,1039400.0
1034,2021-10-11 06:01:17,43600.0,2400.0,1038900.0
1035,2021-10-11 06:01:00,43650.0,200.0,1036500.0
1036,2021-10-11 06:01:00,43650.0,200.0,1036300.0
1037,2021-10-11 06:01:00,43650.0,1600.0,1036100.0
1038,2021-10-11 06:00:54,43650.0,3000.0,1034500.0
1039,2021-10-11 06:00:48,43650.0,1400.0,1031500.0
1040,2021-10-11 06:00:48,43650.0,500.0,1030100.0
1041,2021-10-11 06:00:48,43650.0,100.0,1029600.0
1042,2021-10-11 06:00:48,43650.0,500.0,1029500.0
1043,2021-10-11 06:00:48,43650.0,100.0,1029000.0
1044,2021-10-11 06:00:48,43650.0,200.0,1028900.0
1045,2021-10-11 06:00:48,43650.0,2500.0,1028700.0
1046,2021-10-11 06:00:48,43650.0,5000.0,1026200.0
1047,2021-10-11 06:00:48,43650.0,200.0,1021200.0
1048,2021-10-11 06:00:48,43650.0,1000.0,1021000.0
1049,2021-10-11 06:00:48,43650.0,2000.0,1020000.0
1050,2021-10-11 06:00:48,43650.0,100.0,1018000.0
1051,2021-10-11 06:00:48,43650.0,500.0,1017900.0
1052,2021-10-11 06:00:48,43650.0,600.0,1017400.0
1053,2021-10-11 06:00:24,43600.0,300.0,1016800.0
1054,2021-10-11 06:00:23,43650.0,100.0,1016500.0
1055,2021-10-11 06:00:19,43600.0,400.0,1016400.0
1056,2021-10-11 06:00:18,43650.0,100.0,1016000.0
1057,2021-10-11 06:00:11,43600.0,500.0,1015900.0
1058,2021-10-11 06:00:08,43600.0,100.0,1015400.0
1059,2021-10-11 06:00:06,43600.0,1000.0,1015300.0
1060,2021-10-11 06:00:04,43600.0,100.0,1014300.0
1061,2021-10-11 06:00:01,43600.0,5000.0,1014200.0
1062,2021-10-11 06:00:01,43600.0,100.0,1009200.0
1063,2021-10-11 06:00:01,43600.0,200.0,1009100.0
1064,2021-10-11 06:00:01,43600.0,1000.0,1008900.0
1065,2021-10-11 06:00:01,43600.0,200.0,1007900.0
1066,2021-10-11 06:00:01,43600.0,8700.0,1007700.0
1067,2021-10-11 06:00:01,43600.0,100.0,999000.0
1068,2021-10-11 06:00:01,43600.0,200.0,998900.0
1069,2021-10-11 06:00:01,43600.0,1000.0,998700.0
1070,2021-10-11 06:00:00,43550.0,1000.0,997700.0
1071,2021-10-11 06:00:00,43600.0,200.0,996700.0
1072,2021-10-11 06:00:00,43600.0,100.0,996500.0
1073,2021-10-11 06:00:00,43600.0,300.0,996400.0
1074,2021-10-11 04:29:44,43600.0,400.0,996100.0
1075,2021-10-11 04:29:44,43600.0,600.0,995700.0
1076,2021-10-11 04:29:28,43600.0,400.0,995100.0
1077,2021-10-11 04:29:28,43600.0,600.0,994700.0
1078,2021-10-11 04:29:28,43600.0,200.0,994100.0
1079,2021-10-11 04:29:28,43600.0,800.0,993900.0
1080,2021-10-11 04:29:20,43600.0,9200.0,993100.0
1081,2021-10-11 04:29:20,43600.0,100.0,983900.0
1082,2021-10-11 04:29:20,43600.0,500.0,983800.0
1083,2021-10-11 04:29:20,43600.0,200.0,983300.0
1084,2021-10-11 04:29:19,43600.0,100.0,983100.0
1085,2021-10-11 04:29:18,43600.0,500.0,983000.0
1086,2021-10-11 04:29:13,43600.0,2000.0,982500.0
1087,2021-10-11 04:29:05,43600.0,4300.0,980500.0
1088,2021-10-11 04:28:56,43600.0,2900.0,976200.0
1089,2021-10-11 04:28:56,43600.0,400.0,973300.0
1090,2021-10-11 04:28:56,43600.0,500.0,972900.0
1091,2021-10-11 04:28:56,43600.0,100.0,972400.0
1092,2021-10-11 04:28:56,43600.0,1800.0,972300.0
1093,2021-10-11 04:28:56,43600.0,1000.0,970500.0
1094,2021-10-11 04:28:56,43600.0,1000.0,969500.0
1095,2021-10-11 04:28:56,43600.0,200.0,968500.0
1096,2021-10-11 04:28:56,43600.0,100.0,968300.0
1097,2021-10-11 04:28:55,43600.0,100.0,968200.0
1098,2021-10-11 04:28:55,43600.0,900.0,968100.0
1099,2021-10-11 04:28:49,43600.0,100.0,967200.0
1100,2021-10-11 04:28:40,43600.0,200.0,967100.0
1101,2021-10-11 04:28:37,43550.0,2000.0,966900.0
1102,2021-10-11 04:28:34,43600.0,300.0,964900.0
1103,2021-10-11 04:28:34,43600.0,100.0,964600.0
1104,2021-10-11 04:28:34,43600.0,100.0,964500.0
1105,2021-10-11 04:28:23,43600.0,800.0,964400.0
1106,2021-10-11 04:28:23,43600.0,5500.0,963600.0
1107,2021-10-11 04:28:23,43600.0,4500.0,958100.0
1108,2021-10-11 04:28:23,43600.0,1000.0,953600.0
1109,2021-10-11 04:28:22,43600.0,4000.0,952600.0
1110,2021-10-11 04:28:22,43600.0,100.0,948600.0
1111,2021-10-11 04:28:22,43600.0,5900.0,948500.0
1112,2021-10-11 04:28:17,43600.0,500.0,942600.0
1113,2021-10-11 04:28:17,43550.0,3000.0,942100.0
1114,2021-10-11 04:28:10,43600.0,800.0,939100.0
1115,2021-10-11 04:28:02,43600.0,100.0,938300.0
1116,2021-10-11 04:27:58,43600.0,600.0,938200.0
1117,2021-10-11 04:27:54,43600.0,600.0,937600.0
1118,2021-10-11 04:27:50,43600.0,600.0,937000.0
1119,2021-10-11 04:27:46,43600.0,600.0,936400.0
1120,2021-10-11 04:27:41,43600.0,300.0,935800.0
1121,2021-10-11 04:27:41,43600.0,100.0,935500.0
1122,2021-10-11 04:27:41,43600.0,200.0,935400.0
1123,2021-10-11 04:27:37,43600.0,100.0,935200.0
1124,2021-10-11 04:27:37,43600.0,600.0,935100.0
1125,2021-10-11 04:27:36,43600.0,1000.0,934500.0
1126,2021-10-11 04:27:36,43600.0,2000.0,933500.0
1127,2021-10-11 04:27:36,43600.0,200.0,931500.0
1128,2021-10-11 04:27:36,43600.0,300.0,931300.0
1129,2021-10-11 04:27:36,43600.0,100.0,931000.0
1130,2021-10-11 04:27:36,43600.0,1400.0,930900.0
1131,2021-10-11 04:27:32,43600.0,600.0,929500.0
1132,2021-10-11 04:27:27,43600.0,600.0,928900.0
1133,2021-10-11 04:27:23,43600.0,600.0,928300.0
1134,2021-10-11 04:27:19,43600.0,400.0,927700.0
1135,2021-10-11 04:27:18,43550.0,2000.0,927300.0
1136,2021-10-11 04:27:04,43600.0,200.0,925300.0
1137,2021-10-11 04:26:59,43600.0,400.0,925100.0
1138,2021-10-11 04:26:56,43600.0,400.0,924700.0
1139,2021-10-11 04:26:54,43600.0,400.0,924300.0
1140,2021-10-11 04:26:54,43550.0,100.0,923900.0
1141,2021-10-11 04:26:54,43550.0,500.0,923800.0
1142,2021-10-11 04:26:53,43550.0,400.0,923300.0
1143,2021-10-11 04:26:47,43550.0,400.0,922900.0
1144,2021-10-11 04:26:44,43550.0,400.0,922500.0
1145,2021-10-11 04:26:43,43550.0,300.0,922100.0
1146,2021-10-11 04:26:41,43550.0,400.0,921800.0
1147,2021-10-11 04:26:40,43550.0,900.0,921400.0
1148,2021-10-11 04:26:38,43550.0,400.0,920500.0
1149,2021-10-11 04:26:38,43550.0,500.0,920100.0
1150,2021-10-11 04:26:35,43550.0,400.0,919600.0
1151,2021-10-11 04:26:34,43550.0,400.0,919200.0
1152,2021-10-11 04:26:34,43550.0,500.0,918800.0
1153,2021-10-11 04:26:34,43550.0,200.0,918300.0
1154,2021-10-11 04:26:34,43550.0,1000.0,918100.0
1155,2021-10-11 04:26:34,43550.0,3000.0,917100.0
1156,2021-10-11 04:26:34,43550.0,4900.0,914100.0
1157,2021-10-11 04:26:30,43550.0,100.0,909200.0
1158,2021-10-11 04:26:30,43550.0,100.0,909100.0
1159,2021-10-11 04:26:30,43550.0,200.0,909000.0
1160,2021-10-11 04:26:26,43550.0,100.0,908800.0
1161,2021-10-11 04:26:26,43550.0,100.0,908700.0
1162,2021-10-11 04:26:23,43550.0,200.0,908600.0
1163,2021-10-11 04:26:18,43550.0,200.0,908400.0
1164,2021-10-11 04:26:15,43550.0,200.0,908200.0
1165,2021-10-11 04:26:10,43550.0,200.0,908000.0
1166,2021-10-11 04:26:06,43550.0,600.0,907800.0
1167,2021-10-11 04:26:06,43550.0,1700.0,907200.0
1168,2021-10-11 04:26:02,43550.0,200.0,905500.0
1169,2021-10-11 04:25:59,43550.0,200.0,905300.0
1170,2021-10-11 04:25:58,43550.0,400.0,905100.0
1171,2021-10-11 04:25:53,43550.0,200.0,904700.0
1172,2021-10-11 04:25:46,43550.0,200.0,904500.0
1173,2021-10-11 04:25:35,43550.0,200.0,904300.0
1174,2021-10-11 04:25:28,43550.0,100.0,904100.0
1175,2021-10-11 04:24:56,43550.0,6800.0,904000.0
1176,2021-10-11 04:24:56,43550.0,1400.0,897200.0
1177,2021-10-11 04:24:56,43550.0,100.0,895800.0
1178,2021-10-11 04:24:56,43550.0,200.0,895700.0
1179,2021-10-11 04:24:56,43550.0,2800.0,895500.0
1180,2021-10-11 04:24:56,43550.0,600.0,892700.0
1181,2021-10-11 04:24:56,43550.0,2500.0,892100.0
1182,2021-10-11 04:24:56,43550.0,100.0,889600.0
1183,2021-10-11 04:24:46,43550.0,1400.0,889500.0
1184,2021-10-11 04:23:58,43550.0,1000.0,888100.0
1185,2021-10-11 04:23:58,43550.0,5000.0,887100.0
1186,2021-10-11 04:23:58,43550.0,200.0,882100.0
1187,2021-10-11 04:23:58,43550.0,1000.0,881900.0
1188,2021-10-11 04:23:58,43550.0,100.0,880900.0
1189,2021-10-11 04:23:58,43550.0,200.0,880800.0
1190,2021-10-11 04:23:58,43550.0,4000.0,880600.0
1191,2021-10-11 04:23:52,43550.0,1000.0,876600.0
1192,2021-10-11 04:23:52,43550.0,300.0,875600.0
1193,2021-10-11 04:23:52,43550.0,100.0,875300.0
1194,2021-10-11 04:23:36,43500.0,200.0,875200.0
1195,2021-10-11 04:23:36,43500.0,100.0,875000.0
1196,2021-10-11 04:23:36,43500.0,100.0,874900.0
1197,2021-10-11 04:23:36,43500.0,100.0,874800.0
1198,2021-10-11 04:23:36,43500.0,5000.0,874700.0
1199,2021-10-11 04:23:36,43500.0,200.0,869700.0
1200,2021-10-11 04:23:36,43500.0,100.0,869500.0
1201,2021-10-11 04:23:36,43500.0,200.0,869400.0
1202,2021-10-11 04:23:36,43500.0,7700.0,869200.0
1203,2021-10-11 04:23:36,43500.0,2300.0,861500.0
1204,2021-10-11 04:22:47,43500.0,100.0,859200.0
1205,2021-10-11 04:22:35,43500.0,2600.0,859100.0
1206,2021-10-11 04:22:35,43500.0,500.0,856500.0
1207,2021-10-11 04:22:35,43500.0,200.0,856000.0
1208,2021-10-11 04:22:35,43500.0,300.0,855800.0
1209,2021-10-11 04:22:35,43500.0,100.0,855500.0
1210,2021-10-11 04:22:35,43500.0,10000.0,855400.0
1211,2021-10-11 04:22:35,43500.0,100.0,845400.0
1212,2021-10-11 04:22:35,43500.0,800.0,845300.0
1213,2021-10-11 04:22:35,43500.0,1000.0,844500.0
1214,2021-10-11 04:22:35,43500.0,400.0,843500.0
1215,2021-10-11 04:21:39,43500.0,100.0,843100.0
1216,2021-10-11 04:21:26,43500.0,100.0,843000.0
1217,2021-10-11 04:21:26,43500.0,3000.0,842900.0
1218,2021-10-11 04:21:26,43500.0,200.0,839900.0
1219,2021-10-11 04:21:26,43500.0,700.0,839700.0
1220,2021-10-11 04:21:19,43500.0,100.0,839000.0
1221,2021-10-11 04:21:18,43500.0,2900.0,838900.0
1222,2021-10-11 04:20:38,43500.0,6300.0,836000.0
1223,2021-10-11 04:20:38,43500.0,100.0,829700.0
1224,2021-10-11 04:20:33,43500.0,900.0,829600.0
1225,2021-10-11 04:20:33,43500.0,1000.0,828700.0
1226,2021-10-11 04:20:33,43500.0,100.0,827700.0
1227,2021-10-11 04:20:14,43500.0,400.0,827600.0
1228,2021-10-11 04:20:07,43500.0,1000.0,827200.0
1229,2021-10-11 04:20:07,43500.0,19000.0,826200.0
1230,2021-10-11 04:17:43,43450.0,200.0,807200.0
1231,2021-10-11 04:17:27,43500.0,100.0,807000.0
1232,2021-10-11 04:17:18,43500.0,3200.0,806900.0
1233,2021-10-11 04:16:52,43500.0,100.0,803700.0
1234,2021-10-11 04:16:46,43500.0,500.0,803600.0
1235,2021-10-11 04:16:28,43450.0,300.0,803100.0
1236,2021-10-11 04:16:28,43450.0,200.0,802800.0
1237,2021-10-11 04:16:12,43450.0,200.0,802600.0
1238,2021-10-11 04:14:38,43450.0,9600.0,802400.0
1239,2021-10-11 04:14:38,43450.0,400.0,792800.0
1240,2021-10-11 04:13:58,43500.0,2100.0,792400.0
1241,2021-10-11 04:13:58,43500.0,3000.0,790300.0
1242,2021-10-11 04:13:58,43500.0,2100.0,787300.0
1243,2021-10-11 04:13:36,43450.0,200.0,785200.0
1244,2021-10-11 04:13:10,43450.0,400.0,785000.0
1245,2021-10-11 04:13:10,43450.0,500.0,784600.0
1246,2021-10-11 04:13:10,43450.0,1100.0,784100.0
1247,2021-10-11 04:12:56,43450.0,1200.0,783000.0
1248,2021-10-11 04:12:56,43450.0,500.0,781800.0
1249,2021-10-11 04:12:56,43450.0,3300.0,781300.0
1250,2021-10-11 04:12:19,43450.0,4500.0,778000.0
1251,2021-10-11 04:12:18,43500.0,100.0,773500.0
1252,2021-10-11 04:11:40,43450.0,2200.0,773400.0
1253,2021-10-11 04:11:07,43450.0,5000.0,771200.0
1254,2021-10-11 04:11:07,43450.0,200.0,766200.0
1255,2021-10-11 04:11:07,43450.0,500.0,766000.0
1256,2021-10-11 04:11:07,43450.0,300.0,765500.0
1257,2021-10-11 04:11:06,43450.0,200.0,765200.0
1258,2021-10-11 04:11:06,43450.0,300.0,765000.0
1259,2021-10-11 04:10:55,43500.0,5000.0,764700.0
1260,2021-10-11 04:10:38,43500.0,2600.0,759700.0
1261,2021-10-11 04:10:15,43450.0,3000.0,757100.0
1262,2021-10-11 04:10:14,43450.0,100.0,754100.0
1263,2021-10-11 04:09:48,43450.0,2000.0,754000.0
1264,2021-10-11 04:09:04,43450.0,100.0,752000.0
1265,2021-10-11 04:08:35,43500.0,500.0,751900.0
1266,2021-10-11 04:08:31,43500.0,500.0,751400.0
1267,2021-10-11 04:08:06,43500.0,1900.0,750900.0
1268,2021-10-11 04:07:32,43500.0,1300.0,749000.0
1269,2021-10-11 04:07:18,43500.0,6200.0,747700.0
1270,2021-10-11 04:07:17,43450.0,600.0,741500.0
1271,2021-10-11 04:07:05,43450.0,1400.0,740900.0
1272,2021-10-11 04:06:55,43450.0,2500.0,739500.0
1273,2021-10-11 04:06:14,43450.0,800.0,737000.0
1274,2021-10-11 04:05:53,43450.0,100.0,736200.0
1275,2021-10-11 04:05:53,43450.0,200.0,736100.0
1276,2021-10-11 04:05:53,43450.0,1400.0,735900.0
1277,2021-10-11 04:05:48,43500.0,300.0,734500.0
1278,2021-10-11 04:05:39,43450.0,100.0,734200.0
1279,2021-10-11 04:05:32,43450.0,500.0,734100.0
1280,2021-10-11 04:04:54,43450.0,3000.0,733600.0
1281,2021-10-11 04:04:51,43450.0,3500.0,730600.0
1282,2021-10-11 04:04:50,43450.0,500.0,727100.0
1283,2021-10-11 04:04:45,43450.0,1000.0,726600.0
1284,2021-10-11 04:04:41,43450.0,100.0,725600.0
1285,2021-10-11 04:04:41,43450.0,1300.0,725500.0
1286,2021-10-11 04:04:41,43450.0,100.0,724200.0
1287,2021-10-11 04:04:41,43450.0,100.0,724100.0
1288,2021-10-11 04:04:41,43450.0,400.0,724000.0
1289,2021-10-11 04:04:14,43500.0,4000.0,723600.0
1290,2021-10-11 04:03:58,43500.0,5000.0,719600.0
1291,2021-10-11 04:03:41,43450.0,500.0,714600.0
1292,2021-10-11 04:03:15,43450.0,900.0,714100.0
1293,2021-10-11 04:03:15,43450.0,8100.0,713200.0
1294,2021-10-11 04:01:01,43450.0,1000.0,705100.0
1295,2021-10-11 04:01:01,43450.0,900.0,704100.0
1296,2021-10-11 04:00:59,43450.0,200.0,703200.0
1297,2021-10-11 04:00:49,43450.0,2600.0,703000.0
1298,2021-10-11 04:00:49,43450.0,1000.0,700400.0
1299,2021-10-11 04:00:49,43450.0,300.0,699400.0
1300,2021-10-11 04:00:45,43500.0,100.0,699100.0
1301,2021-10-11 04:00:44,43450.0,1000.0,699000.0
1302,2021-10-11 04:00:38,43500.0,2300.0,698000.0
1303,2021-10-11 04:00:38,43450.0,1000.0,695700.0
1304,2021-10-11 03:59:52,43450.0,100.0,694700.0
1305,2021-10-11 03:59:00,43450.0,1400.0,694600.0
1306,2021-10-11 03:58:51,43450.0,1000.0,693200.0
1307,2021-10-11 03:58:51,43450.0,2000.0,692200.0
1308,2021-10-11 03:58:51,43450.0,2000.0,690200.0
1309,2021-10-11 03:58:51,43450.0,100.0,688200.0
1310,2021-10-11 03:58:51,43450.0,200.0,688100.0
1311,2021-10-11 03:58:51,43450.0,800.0,687900.0
1312,2021-10-11 03:58:51,43450.0,100.0,687100.0
1313,2021-10-11 03:58:47,43400.0,100.0,687000.0
1314,2021-10-11 03:58:39,43450.0,100.0,686900.0
1315,2021-10-11 03:58:35,43450.0,500.0,686800.0
1316,2021-10-11 03:57:18,43450.0,2100.0,686300.0
1317,2021-10-11 03:57:15,43400.0,1300.0,684200.0
1318,2021-10-11 03:56:32,43450.0,2200.0,682900.0
1319,2021-10-11 03:56:32,43450.0,700.0,680700.0
1320,2021-10-11 03:56:32,43450.0,100.0,680000.0
1321,2021-10-11 03:56:09,43450.0,200.0,679900.0
1322,2021-10-11 03:55:37,43450.0,300.0,679700.0
1323,2021-10-11 03:55:07,43450.0,1000.0,679400.0
1324,2021-10-11 03:55:06,43450.0,400.0,678400.0
1325,2021-10-11 03:55:06,43450.0,600.0,678000.0
1326,2021-10-11 03:54:26,43450.0,400.0,677400.0
1327,2021-10-11 03:54:26,43450.0,100.0,677000.0
1328,2021-10-11 03:53:35,43450.0,100.0,676900.0
1329,2021-10-11 03:50:38,43450.0,700.0,676800.0
1330,2021-10-11 03:49:57,43450.0,400.0,676100.0
1331,2021-10-11 03:49:21,43450.0,100.0,675700.0
1332,2021-10-11 03:49:21,43450.0,300.0,675600.0
1333,2021-10-11 03:49:21,43450.0,100.0,675300.0
1334,2021-10-11 03:49:21,43450.0,1000.0,675200.0
1335,2021-10-11 03:49:21,43450.0,500.0,674200.0
1336,2021-10-11 03:49:21,43450.0,1000.0,673700.0
1337,2021-10-11 03:48:32,43450.0,200.0,672700.0
1338,2021-10-11 03:48:08,43450.0,100.0,672500.0
1339,2021-10-11 03:47:32,43450.0,100.0,672400.0
1340,2021-10-11 03:47:18,43450.0,5000.0,672300.0
1341,2021-10-11 03:47:18,43450.0,300.0,667300.0
1342,2021-10-11 03:47:15,43400.0,100.0,667000.0
1343,2021-10-11 03:46:30,43300.0,200.0,666900.0
1344,2021-10-11 03:46:19,43400.0,2000.0,666700.0
1345,2021-10-11 03:46:19,43300.0,100.0,664700.0
1346,2021-10-11 03:46:19,43300.0,1000.0,664600.0
1347,2021-10-11 03:46:19,43300.0,100.0,663600.0
1348,2021-10-11 03:46:19,43300.0,100.0,663500.0
1349,2021-10-11 03:46:19,43300.0,100.0,663400.0
1350,2021-10-11 03:46:19,43300.0,1400.0,663300.0
1351,2021-10-11 03:46:15,43400.0,5000.0,661900.0
1352,2021-10-11 03:46:05,43300.0,700.0,656900.0
1353,2021-10-11 03:46:05,43300.0,100.0,656200.0
1354,2021-10-11 03:46:05,43300.0,300.0,656100.0
1355,2021-10-11 03:46:05,43300.0,8900.0,655800.0
1356,2021-10-11 03:45:55,43400.0,300.0,646900.0
1357,2021-10-11 03:45:53,43300.0,400.0,646600.0
1358,2021-10-11 03:45:53,43350.0,300.0,646200.0
1359,2021-10-11 03:45:26,43400.0,1000.0,645900.0
1360,2021-10-11 03:45:01,43400.0,500.0,644900.0
1361,2021-10-11 03:45:01,43400.0,200.0,644400.0
1362,2021-10-11 03:45:01,43400.0,100.0,644200.0
1363,2021-10-11 03:45:01,43400.0,700.0,644100.0
1364,2021-10-11 03:44:44,43450.0,800.0,643400.0
1365,2021-10-11 03:44:39,43400.0,200.0,642600.0
1366,2021-10-11 03:44:04,43400.0,6400.0,642400.0
1367,2021-10-11 03:43:58,43400.0,1500.0,636000.0
1368,2021-10-11 03:43:32,43400.0,500.0,634500.0
1369,2021-10-11 03:43:21,43400.0,1000.0,634000.0
1370,2021-10-11 03:43:20,43400.0,100.0,633000.0
1371,2021-10-11 03:43:20,43400.0,6900.0,632900.0
1372,2021-10-11 03:42:52,43450.0,1300.0,626000.0
1373,2021-10-11 03:42:24,43450.0,100.0,624700.0
1374,2021-10-11 03:42:18,43500.0,100.0,624600.0
1375,2021-10-11 03:41:53,43450.0,900.0,624500.0
1376,2021-10-11 03:41:53,43450.0,100.0,623600.0
1377,2021-10-11 03:41:47,43450.0,1900.0,623500.0
1378,2021-10-11 03:41:47,43450.0,100.0,621600.0
1379,2021-10-11 03:41:43,43400.0,5000.0,621500.0
1380,2021-10-11 03:41:42,43450.0,4900.0,616500.0
1381,2021-10-11 03:41:42,43450.0,100.0,611600.0
1382,2021-10-11 03:41:25,43400.0,2600.0,611500.0
1383,2021-10-11 03:41:25,43400.0,300.0,608900.0
1384,2021-10-11 03:41:25,43400.0,500.0,608600.0
1385,2021-10-11 03:41:25,43400.0,4700.0,608100.0
1386,2021-10-11 03:41:25,43400.0,200.0,603400.0
1387,2021-10-11 03:40:38,43400.0,100.0,603200.0
1388,2021-10-11 03:40:38,43400.0,2000.0,603100.0
1389,2021-10-11 03:40:38,43350.0,600.0,601100.0
1390,2021-10-11 03:40:38,43350.0,1900.0,600500.0
1391,2021-10-11 03:40:37,43350.0,200.0,598600.0
1392,2021-10-11 03:40:37,43350.0,2300.0,598400.0
1393,2021-10-11 03:40:02,43350.0,700.0,596100.0
1394,2021-10-11 03:40:01,43350.0,1000.0,595400.0
1395,2021-10-11 03:39:52,43350.0,300.0,594400.0
1396,2021-10-11 03:39:52,43350.0,700.0,594100.0
1397,2021-10-11 03:39:52,43350.0,1000.0,593400.0
1398,2021-10-11 03:39:36,43350.0,200.0,592400.0
1399,2021-10-11 03:39:22,43350.0,100.0,592200.0
1400,2021-10-11 03:39:18,43350.0,200.0,592100.0
1401,2021-10-11 03:39:04,43350.0,300.0,591900.0
1402,2021-10-11 03:38:55,43350.0,2000.0,591600.0
1403,2021-10-11 03:38:11,43300.0,500.0,589600.0
1404,2021-10-11 03:38:11,43300.0,200.0,589100.0
1405,2021-10-11 03:37:39,43250.0,200.0,588900.0
1406,2021-10-11 03:37:30,43250.0,300.0,588700.0
1407,2021-10-11 03:37:18,43250.0,1000.0,588400.0
1408,2021-10-11 03:37:18,43250.0,400.0,587400.0
1409,2021-10-11 03:36:16,43200.0,300.0,587000.0
1410,2021-10-11 03:36:16,43200.0,100.0,586700.0
1411,2021-10-11 03:36:16,43200.0,100.0,586600.0
1412,2021-10-11 03:36:16,43200.0,500.0,586500.0
1413,2021-10-11 03:36:16,43200.0,100.0,586000.0
1414,2021-10-11 03:36:16,43200.0,200.0,585900.0
1415,2021-10-11 03:36:16,43200.0,1000.0,585700.0
1416,2021-10-11 03:36:16,43200.0,100.0,584700.0
1417,2021-10-11 03:36:16,43200.0,100.0,584600.0
1418,2021-10-11 03:36:16,43200.0,100.0,584500.0
1419,2021-10-11 03:36:16,43200.0,100.0,584400.0
1420,2021-10-11 03:36:16,43200.0,100.0,584300.0
1421,2021-10-11 03:36:16,43200.0,1000.0,584200.0
1422,2021-10-11 03:36:16,43200.0,1000.0,583200.0
1423,2021-10-11 03:36:06,43250.0,200.0,582200.0
1424,2021-10-11 03:36:06,43250.0,100.0,582000.0
1425,2021-10-11 03:36:06,43250.0,100.0,581900.0
1426,2021-10-11 03:36:06,43250.0,2000.0,581800.0
1427,2021-10-11 03:36:06,43250.0,1000.0,579800.0
1428,2021-10-11 03:36:06,43250.0,100.0,578800.0
1429,2021-10-11 03:36:06,43250.0,200.0,578700.0
1430,2021-10-11 03:36:06,43250.0,600.0,578500.0
1431,2021-10-11 03:36:06,43300.0,100.0,577900.0
1432,2021-10-11 03:36:06,43300.0,200.0,577800.0
1433,2021-10-11 03:35:52,43300.0,100.0,577600.0
1434,2021-10-11 03:35:52,43300.0,1000.0,577500.0
1435,2021-10-11 03:35:52,43300.0,2000.0,576500.0
1436,2021-10-11 03:35:52,43300.0,300.0,574500.0
1437,2021-10-11 03:35:52,43300.0,12900.0,574200.0
1438,2021-10-11 03:35:12,43350.0,500.0,561300.0
1439,2021-10-11 03:34:08,43300.0,100.0,560800.0
1440,2021-10-11 03:33:58,43300.0,200.0,560700.0
1441,2021-10-11 03:33:44,43300.0,100.0,560500.0
1442,2021-10-11 03:33:12,43300.0,800.0,560400.0
1443,2021-10-11 03:33:12,43300.0,1000.0,559600.0
1444,2021-10-11 03:33:12,43300.0,200.0,558600.0
1445,2021-10-11 03:33:02,43300.0,100.0,558400.0
1446,2021-10-11 03:33:02,43300.0,2000.0,558300.0
1447,2021-10-11 03:33:02,43300.0,200.0,556300.0
1448,2021-10-11 03:33:02,43300.0,100.0,556100.0
1449,2021-10-11 03:33:02,43300.0,1000.0,556000.0
1450,2021-10-11 03:33:02,43300.0,500.0,555000.0
1451,2021-10-11 03:33:02,43300.0,100.0,554500.0
1452,2021-10-11 03:33:02,43300.0,200.0,554400.0
1453,2021-10-11 03:33:02,43300.0,500.0,554200.0
1454,2021-10-11 03:33:02,43300.0,100.0,553700.0
1455,2021-10-11 03:33:02,43300.0,100.0,553600.0
1456,2021-10-11 03:33:02,43300.0,1000.0,553500.0
1457,2021-10-11 03:33:02,43300.0,200.0,552500.0
1458,2021-10-11 03:33:02,43300.0,100.0,552300.0
1459,2021-10-11 03:33:02,43300.0,1000.0,552200.0
1460,2021-10-11 03:33:02,43300.0,200.0,551200.0
1461,2021-10-11 03:33:02,43300.0,100.0,551000.0
1462,2021-10-11 03:33:02,43300.0,200.0,550900.0
1463,2021-10-11 03:33:02,43300.0,1000.0,550700.0
1464,2021-10-11 03:33:02,43300.0,300.0,549700.0
1465,2021-10-11 03:33:02,43350.0,1000.0,549400.0
1466,2021-10-11 03:32:45,43350.0,200.0,548400.0
1467,2021-10-11 03:32:45,43350.0,500.0,548200.0
1468,2021-10-11 03:32:45,43350.0,300.0,547700.0
1469,2021-10-11 03:32:33,43350.0,1700.0,547400.0
1470,2021-10-11 03:32:33,43350.0,1000.0,545700.0
1471,2021-10-11 03:32:33,43350.0,100.0,544700.0
1472,2021-10-11 03:32:33,43350.0,300.0,544600.0
1473,2021-10-11 03:32:33,43350.0,100.0,544300.0
1474,2021-10-11 03:32:33,43350.0,100.0,544200.0
1475,2021-10-11 03:32:33,43350.0,400.0,544100.0
1476,2021-10-11 03:32:33,43350.0,200.0,543700.0
1477,2021-10-11 03:32:33,43350.0,200.0,543500.0
1478,2021-10-11 03:32:33,43350.0,100.0,543300.0
1479,2021-10-11 03:32:33,43350.0,100.0,543200.0
1480,2021-10-11 03:32:33,43350.0,100.0,543100.0
1481,2021-10-11 03:32:33,43350.0,5000.0,543000.0
1482,2021-10-11 03:32:33,43350.0,1000.0,538000.0
1483,2021-10-11 03:32:33,43350.0,100.0,537000.0
1484,2021-10-11 03:32:33,43350.0,100.0,536900.0
1485,2021-10-11 03:32:33,43350.0,100.0,536800.0
1486,2021-10-11 03:32:33,43350.0,100.0,536700.0
1487,2021-10-11 03:32:33,43350.0,2000.0,536600.0
1488,2021-10-11 03:32:33,43350.0,1000.0,534600.0
1489,2021-10-11 03:32:33,43350.0,100.0,533600.0
1490,2021-10-11 03:32:33,43350.0,100.0,533500.0
1491,2021-10-11 03:32:33,43350.0,200.0,533400.0
1492,2021-10-11 03:32:33,43350.0,700.0,533200.0
1493,2021-10-11 03:32:33,43400.0,1000.0,532500.0
1494,2021-10-11 03:32:25,43450.0,600.0,531500.0
1495,2021-10-11 03:32:25,43400.0,400.0,530900.0
1496,2021-10-11 03:32:24,43400.0,1900.0,530500.0
1497,2021-10-11 03:32:24,43400.0,700.0,528600.0
1498,2021-10-11 03:32:12,43400.0,1900.0,527900.0
1499,2021-10-11 03:32:12,43400.0,100.0,526000.0
1500,2021-10-11 03:31:46,43400.0,100.0,525900.0
1501,2021-10-11 03:31:46,43400.0,4800.0,525800.0
1502,2021-10-11 03:31:39,43400.0,100.0,521000.0
1503,2021-10-11 03:31:07,43400.0,100.0,520900.0
1504,2021-10-11 03:31:06,43400.0,100.0,520800.0
1505,2021-10-11 03:31:06,43400.0,200.0,520700.0
1506,2021-10-11 03:31:06,43400.0,200.0,520500.0
1507,2021-10-11 03:31:06,43400.0,1000.0,520300.0
1508,2021-10-11 03:31:06,43400.0,2000.0,519300.0
1509,2021-10-11 03:31:06,43400.0,700.0,517300.0
1510,2021-10-11 03:31:06,43400.0,100.0,516600.0
1511,2021-10-11 03:31:06,43400.0,100.0,516500.0
1512,2021-10-11 03:31:06,43400.0,200.0,516400.0
1513,2021-10-11 03:31:06,43400.0,100.0,516200.0
1514,2021-10-11 03:31:06,43400.0,300.0,516100.0
1515,2021-10-11 03:30:40,43400.0,200.0,515800.0
1516,2021-10-11 03:30:40,43400.0,1800.0,515600.0
1517,2021-10-11 03:30:38,43450.0,300.0,513800.0
1518,2021-10-11 03:30:38,43450.0,3300.0,513500.0
1519,2021-10-11 03:29:49,43450.0,500.0,510200.0
1520,2021-10-11 03:29:32,43400.0,700.0,509700.0
1521,2021-10-11 03:29:32,43400.0,500.0,509000.0
1522,2021-10-11 03:29:32,43400.0,1000.0,508500.0
1523,2021-10-11 03:29:32,43400.0,100.0,507500.0
1524,2021-10-11 03:29:32,43400.0,100.0,507400.0
1525,2021-10-11 03:29:32,43400.0,100.0,507300.0
1526,2021-10-11 03:29:32,43400.0,500.0,507200.0
1527,2021-10-11 03:29:32,43400.0,1000.0,506700.0
1528,2021-10-11 03:29:32,43400.0,200.0,505700.0
1529,2021-10-11 03:29:32,43400.0,300.0,505500.0
1530,2021-10-11 03:29:32,43400.0,200.0,505200.0
1531,2021-10-11 03:29:32,43400.0,2000.0,505000.0
1532,2021-10-11 03:29:32,43400.0,200.0,503000.0
1533,2021-10-11 03:29:32,43400.0,100.0,502800.0
1534,2021-10-11 03:29:28,43450.0,1000.0,502700.0
1535,2021-10-11 03:28:48,43450.0,400.0,501700.0
1536,2021-10-11 03:28:48,43450.0,1600.0,501300.0
1537,2021-10-11 03:28:38,43450.0,700.0,499700.0
1538,2021-10-11 03:28:20,43450.0,200.0,499000.0
1539,2021-10-11 03:28:07,43450.0,1000.0,498800.0
1540,2021-10-11 03:28:07,43450.0,500.0,497800.0
1541,2021-10-11 03:27:38,43450.0,600.0,497300.0
1542,2021-10-11 03:27:38,43450.0,100.0,496700.0
1543,2021-10-11 03:27:18,43450.0,100.0,496600.0
1544,2021-10-11 03:27:18,43450.0,100.0,496500.0
1545,2021-10-11 03:27:18,43450.0,1100.0,496400.0
1546,2021-10-11 03:26:12,43450.0,300.0,495300.0
1547,2021-10-11 03:26:12,43450.0,1700.0,495000.0
1548,2021-10-11 03:25:51,43450.0,100.0,493300.0
1549,2021-10-11 03:25:51,43450.0,3200.0,493200.0
1550,2021-10-11 03:25:17,43450.0,1000.0,490000.0
1551,2021-10-11 03:24:32,43450.0,800.0,489000.0
1552,2021-10-11 03:24:32,43450.0,200.0,488200.0
1553,2021-10-11 03:24:22,43450.0,200.0,488000.0
1554,2021-10-11 03:24:07,43450.0,400.0,487800.0
1555,2021-10-11 03:23:58,43450.0,5000.0,487400.0
1556,2021-10-11 03:23:30,43400.0,100.0,482400.0
1557,2021-10-11 03:23:30,43400.0,400.0,482300.0
1558,2021-10-11 03:23:00,43400.0,6600.0,481900.0
1559,2021-10-11 03:23:00,43450.0,400.0,475300.0
1560,2021-10-11 03:22:49,43450.0,4600.0,474900.0
1561,2021-10-11 03:22:49,43450.0,500.0,470300.0
1562,2021-10-11 03:22:49,43450.0,500.0,469800.0
1563,2021-10-11 03:22:49,43450.0,100.0,469300.0
1564,2021-10-11 03:22:49,43450.0,2300.0,469200.0
1565,2021-10-11 03:21:58,43450.0,700.0,466900.0
1566,2021-10-11 03:21:58,43450.0,200.0,466200.0
1567,2021-10-11 03:21:58,43450.0,100.0,466000.0
1568,2021-10-11 03:21:49,43450.0,500.0,465900.0
1569,2021-10-11 03:21:49,43450.0,500.0,465400.0
1570,2021-10-11 03:21:33,43450.0,1500.0,464900.0
1571,2021-10-11 03:21:33,43450.0,200.0,463400.0
1572,2021-10-11 03:21:33,43450.0,800.0,463200.0
1573,2021-10-11 03:20:54,43450.0,500.0,462400.0
1574,2021-10-11 03:20:38,43500.0,1000.0,461900.0
1575,2021-10-11 03:20:03,43450.0,800.0,460900.0
1576,2021-10-11 03:19:22,43450.0,900.0,460100.0
1577,2021-10-11 03:19:22,43450.0,100.0,459200.0
1578,2021-10-11 03:18:47,43500.0,500.0,459100.0
1579,2021-10-11 03:18:47,43500.0,500.0,458600.0
1580,2021-10-11 03:18:47,43500.0,200.0,458100.0
1581,2021-10-11 03:18:27,43500.0,500.0,457900.0
1582,2021-10-11 03:17:18,43550.0,1500.0,457400.0
1583,2021-10-11 03:16:48,43500.0,1000.0,455900.0
1584,2021-10-11 03:16:48,43500.0,1000.0,454900.0
1585,2021-10-11 03:16:22,43450.0,100.0,453900.0
1586,2021-10-11 03:15:39,43500.0,100.0,453800.0
1587,2021-10-11 03:15:39,43500.0,100.0,453700.0
1588,2021-10-11 03:15:21,43500.0,100.0,453600.0
1589,2021-10-11 03:15:04,43500.0,200.0,453500.0
1590,2021-10-11 03:15:04,43500.0,200.0,453300.0
1591,2021-10-11 03:15:04,43500.0,300.0,453100.0
1592,2021-10-11 03:15:01,43550.0,100.0,452800.0
1593,2021-10-11 03:15:00,43550.0,100.0,452700.0
1594,2021-10-11 03:14:45,43550.0,500.0,452600.0
1595,2021-10-11 03:14:44,43500.0,1500.0,452100.0
1596,2021-10-11 03:13:58,43550.0,5000.0,450600.0
1597,2021-10-11 03:13:58,43550.0,6400.0,445600.0
1598,2021-10-11 03:13:58,43550.0,300.0,439200.0
1599,2021-10-11 03:13:58,43550.0,1100.0,438900.0
1600,2021-10-11 03:13:23,43500.0,500.0,437800.0
1601,2021-10-11 03:13:09,43500.0,2000.0,437300.0
1602,2021-10-11 03:13:04,43500.0,500.0,435300.0
1603,2021-10-11 03:12:26,43500.0,5000.0,434800.0
1604,2021-10-11 03:12:26,43500.0,1000.0,429800.0
1605,2021-10-11 03:12:26,43500.0,800.0,428800.0
1606,2021-10-11 03:12:19,43500.0,3900.0,428000.0
1607,2021-10-11 03:12:19,43500.0,500.0,424100.0
1608,2021-10-11 03:12:19,43500.0,100.0,423600.0
1609,2021-10-11 03:12:19,43500.0,500.0,423500.0
1610,2021-10-11 03:11:50,43500.0,2500.0,423000.0
1611,2021-10-11 03:11:50,43500.0,500.0,420500.0
1612,2021-10-11 03:10:57,43450.0,500.0,420000.0
1613,2021-10-11 03:10:38,43450.0,100.0,419500.0
1614,2021-10-11 03:10:38,43450.0,400.0,419400.0
1615,2021-10-11 03:10:26,43450.0,200.0,419000.0
1616,2021-10-11 03:10:10,43400.0,100.0,418800.0
1617,2021-10-11 03:10:10,43400.0,100.0,418700.0
1618,2021-10-11 03:10:10,43400.0,100.0,418600.0
1619,2021-10-11 03:10:10,43400.0,100.0,418500.0
1620,2021-10-11 03:10:10,43400.0,2600.0,418400.0
1621,2021-10-11 03:09:58,43400.0,100.0,415800.0
1622,2021-10-11 03:09:58,43400.0,1500.0,415700.0
1623,2021-10-11 03:09:58,43400.0,100.0,414200.0
1624,2021-10-11 03:09:58,43400.0,200.0,414100.0
1625,2021-10-11 03:09:58,43400.0,1000.0,413900.0
1626,2021-10-11 03:09:58,43400.0,300.0,412900.0
1627,2021-10-11 03:09:58,43400.0,100.0,412600.0
1628,2021-10-11 03:09:58,43400.0,200.0,412500.0
1629,2021-10-11 03:09:58,43400.0,200.0,412300.0
1630,2021-10-11 03:09:58,43400.0,10000.0,412100.0
1631,2021-10-11 03:09:58,43400.0,1000.0,402100.0
1632,2021-10-11 03:09:58,43400.0,1000.0,401100.0
1633,2021-10-11 03:09:58,43400.0,100.0,400100.0
1634,2021-10-11 03:09:58,43400.0,100.0,400000.0
1635,2021-10-11 03:09:58,43400.0,1500.0,399900.0
1636,2021-10-11 03:09:29,43450.0,100.0,398400.0
1637,2021-10-11 03:09:29,43450.0,300.0,398300.0
1638,2021-10-11 03:09:02,43450.0,200.0,398000.0
1639,2021-10-11 03:09:02,43450.0,500.0,397800.0
1640,2021-10-11 03:08:59,43450.0,300.0,397300.0
1641,2021-10-11 03:08:59,43450.0,200.0,397000.0
1642,2021-10-11 03:08:26,43450.0,800.0,396800.0
1643,2021-10-11 03:08:26,43450.0,200.0,396000.0
1644,2021-10-11 03:08:16,43450.0,300.0,395800.0
1645,2021-10-11 03:08:16,43450.0,4500.0,395500.0
1646,2021-10-11 03:08:11,43500.0,300.0,391000.0
1647,2021-10-11 03:08:11,43500.0,1700.0,390700.0
1648,2021-10-11 03:08:01,43500.0,100.0,389000.0
1649,2021-10-11 03:07:49,43500.0,100.0,388900.0
1650,2021-10-11 03:07:49,43450.0,900.0,388800.0
1651,2021-10-11 03:07:34,43500.0,200.0,387900.0
1652,2021-10-11 03:07:18,43500.0,300.0,387700.0
1653,2021-10-11 03:07:18,43500.0,300.0,387400.0
1654,2021-10-11 03:07:18,43500.0,500.0,387100.0
1655,2021-10-11 03:07:18,43500.0,2000.0,386600.0
1656,2021-10-11 03:07:18,43500.0,100.0,384600.0
1657,2021-10-11 03:07:18,43500.0,2000.0,384500.0
1658,2021-10-11 03:07:18,43500.0,400.0,382500.0
1659,2021-10-11 03:06:54,43450.0,3500.0,382100.0
1660,2021-10-11 03:06:52,43450.0,300.0,378600.0
1661,2021-10-11 03:06:33,43450.0,100.0,378300.0
1662,2021-10-11 03:06:33,43450.0,700.0,378200.0
1663,2021-10-11 03:06:21,43450.0,300.0,377500.0
1664,2021-10-11 03:06:21,43450.0,300.0,377200.0
1665,2021-10-11 03:05:46,43450.0,700.0,376900.0
1666,2021-10-11 03:05:46,43450.0,300.0,376200.0
1667,2021-10-11 03:05:23,43400.0,400.0,375900.0
1668,2021-10-11 03:05:02,43400.0,500.0,375500.0
1669,2021-10-11 03:04:49,43400.0,7600.0,375000.0
1670,2021-10-11 03:04:49,43400.0,1000.0,367400.0
1671,2021-10-11 03:04:49,43400.0,500.0,366400.0
1672,2021-10-11 03:04:49,43400.0,700.0,365900.0
1673,2021-10-11 03:04:49,43450.0,100.0,365200.0
1674,2021-10-11 03:04:49,43450.0,100.0,365100.0
1675,2021-10-11 03:04:48,43500.0,100.0,365000.0
1676,2021-10-11 03:04:48,43500.0,300.0,364900.0
1677,2021-10-11 03:04:48,43500.0,200.0,364600.0
1678,2021-10-11 03:04:48,43500.0,200.0,364400.0
1679,2021-10-11 03:04:48,43500.0,1200.0,364200.0
1680,2021-10-11 03:04:40,43500.0,100.0,363000.0
1681,2021-10-11 03:04:40,43450.0,400.0,362900.0
1682,2021-10-11 03:04:40,43450.0,100.0,362500.0
1683,2021-10-11 03:04:40,43450.0,500.0,362400.0
1684,2021-10-11 03:04:23,43450.0,1000.0,361900.0
1685,2021-10-11 03:04:01,43450.0,2000.0,360900.0
1686,2021-10-11 03:03:58,43450.0,100.0,358900.0
1687,2021-10-11 03:03:58,43450.0,200.0,358800.0
1688,2021-10-11 03:03:58,43450.0,2000.0,358600.0
1689,2021-10-11 03:03:39,43400.0,200.0,356600.0
1690,2021-10-11 03:03:25,43400.0,100.0,356400.0
1691,2021-10-11 03:03:25,43400.0,100.0,356300.0
1692,2021-10-11 03:02:51,43350.0,200.0,356200.0
1693,2021-10-11 03:02:42,43400.0,300.0,356000.0
1694,2021-10-11 03:02:42,43400.0,300.0,355700.0
1695,2021-10-11 03:02:33,43400.0,200.0,355400.0
1696,2021-10-11 03:02:30,43400.0,800.0,355200.0
1697,2021-10-11 03:02:30,43400.0,1200.0,354400.0
1698,2021-10-11 03:02:28,43400.0,100.0,353200.0
1699,2021-10-11 03:02:26,43400.0,200.0,353100.0
1700,2021-10-11 03:02:22,43400.0,100.0,352900.0
1701,2021-10-11 03:02:17,43400.0,3400.0,352800.0
1702,2021-10-11 03:02:17,43400.0,200.0,349400.0
1703,2021-10-11 03:02:17,43400.0,1000.0,349200.0
1704,2021-10-11 03:02:17,43400.0,400.0,348200.0
1705,2021-10-11 03:02:14,43400.0,300.0,347800.0
1706,2021-10-11 03:02:11,43350.0,200.0,347500.0
1707,2021-10-11 03:02:01,43400.0,2800.0,347300.0
1708,2021-10-11 03:02:01,43400.0,2200.0,344500.0
1709,2021-10-11 03:01:57,43400.0,1000.0,342300.0
1710,2021-10-11 03:01:53,43400.0,200.0,341300.0
1711,2021-10-11 03:01:52,43400.0,1000.0,341100.0
1712,2021-10-11 03:01:52,43400.0,100.0,340100.0
1713,2021-10-11 03:01:50,43400.0,200.0,340000.0
1714,2021-10-11 03:01:46,43400.0,100.0,339800.0
1715,2021-10-11 03:01:42,43400.0,500.0,339700.0
1716,2021-10-11 03:01:39,43400.0,3000.0,339200.0
1717,2021-10-11 03:01:25,43400.0,300.0,336200.0
1718,2021-10-11 03:00:38,43400.0,600.0,335900.0
1719,2021-10-11 03:00:19,43400.0,100.0,335300.0
1720,2021-10-11 03:00:07,43400.0,100.0,335200.0
1721,2021-10-11 02:59:32,43400.0,100.0,335100.0
1722,2021-10-11 02:59:29,43400.0,100.0,335000.0
1723,2021-10-11 02:58:32,43400.0,200.0,334900.0
1724,2021-10-11 02:58:03,43400.0,200.0,334700.0
1725,2021-10-11 02:58:03,43400.0,100.0,334500.0
1726,2021-10-11 02:58:03,43400.0,200.0,334400.0
1727,2021-10-11 02:58:03,43400.0,100.0,334200.0
1728,2021-10-11 02:58:03,43400.0,400.0,334100.0
1729,2021-10-11 02:57:55,43350.0,100.0,333700.0
1730,2021-10-11 02:57:54,43400.0,100.0,333600.0
1731,2021-10-11 02:57:41,43400.0,200.0,333500.0
1732,2021-10-11 02:57:18,43400.0,1900.0,333300.0
1733,2021-10-11 02:57:09,43350.0,400.0,331400.0
1734,2021-10-11 02:56:57,43350.0,400.0,331000.0
1735,2021-10-11 02:56:57,43350.0,100.0,330600.0
1736,2021-10-11 02:56:41,43350.0,500.0,330500.0
1737,2021-10-11 02:56:26,43400.0,100.0,330000.0
1738,2021-10-11 02:56:26,43400.0,300.0,329900.0
1739,2021-10-11 02:56:00,43400.0,100.0,329600.0
1740,2021-10-11 02:56:00,43400.0,2000.0,329500.0
1741,2021-10-11 02:55:08,43400.0,100.0,327500.0
1742,2021-10-11 02:54:56,43400.0,200.0,327400.0
1743,2021-10-11 02:54:51,43450.0,100.0,327200.0
1744,2021-10-11 02:54:44,43450.0,400.0,327100.0
1745,2021-10-11 02:54:44,43450.0,100.0,326700.0
1746,2021-10-11 02:54:41,43450.0,100.0,326600.0
1747,2021-10-11 02:53:59,43450.0,100.0,326500.0
1748,2021-10-11 02:53:58,43450.0,200.0,326400.0
1749,2021-10-11 02:53:58,43400.0,1100.0,326200.0
1750,2021-10-11 02:53:58,43400.0,100.0,325100.0
1751,2021-10-11 02:53:58,43400.0,800.0,325000.0
1752,2021-10-11 02:53:25,43400.0,100.0,324200.0
1753,2021-10-11 02:53:08,43450.0,100.0,324100.0
1754,2021-10-11 02:53:08,43450.0,900.0,324000.0
1755,2021-10-11 02:53:06,43400.0,100.0,323100.0
1756,2021-10-11 02:53:06,43400.0,100.0,323000.0
1757,2021-10-11 02:52:39,43400.0,100.0,322900.0
1758,2021-10-11 02:51:24,43400.0,100.0,322800.0
1759,2021-10-11 02:51:23,43450.0,4100.0,322700.0
1760,2021-10-11 02:51:17,43450.0,2100.0,318600.0
1761,2021-10-11 02:51:01,43450.0,100.0,316500.0
1762,2021-10-11 02:50:38,43450.0,100.0,316400.0
1763,2021-10-11 02:50:38,43450.0,500.0,316300.0
1764,2021-10-11 02:50:38,43450.0,4300.0,315800.0
1765,2021-10-11 02:50:38,43450.0,500.0,311500.0
1766,2021-10-11 02:50:20,43400.0,200.0,311000.0
1767,2021-10-11 02:50:13,43400.0,100.0,310800.0
1768,2021-10-11 02:50:02,43350.0,100.0,310700.0
1769,2021-10-11 02:49:50,43400.0,100.0,310600.0
1770,2021-10-11 02:49:37,43400.0,400.0,310500.0
1771,2021-10-11 02:49:37,43400.0,100.0,310100.0
1772,2021-10-11 02:49:37,43400.0,500.0,310000.0
1773,2021-10-11 02:49:31,43450.0,200.0,309500.0
1774,2021-10-11 02:49:31,43450.0,300.0,309300.0
1775,2021-10-11 02:49:29,43400.0,200.0,309000.0
1776,2021-10-11 02:49:28,43400.0,1300.0,308800.0
1777,2021-10-11 02:49:28,43400.0,100.0,307500.0
1778,2021-10-11 02:49:28,43400.0,100.0,307400.0
1779,2021-10-11 02:49:28,43400.0,400.0,307300.0
1780,2021-10-11 02:49:28,43400.0,1500.0,306900.0
1781,2021-10-11 02:49:28,43400.0,300.0,305400.0
1782,2021-10-11 02:49:28,43400.0,500.0,305100.0
1783,2021-10-11 02:49:28,43400.0,200.0,304600.0
1784,2021-10-11 02:49:28,43400.0,100.0,304400.0
1785,2021-10-11 02:49:28,43400.0,100.0,304300.0
1786,2021-10-11 02:49:28,43400.0,1000.0,304200.0
1787,2021-10-11 02:49:28,43400.0,100.0,303200.0
1788,2021-10-11 02:49:28,43400.0,100.0,303100.0
1789,2021-10-11 02:49:28,43400.0,2000.0,303000.0
1790,2021-10-11 02:49:28,43400.0,1000.0,301000.0
1791,2021-10-11 02:49:28,43400.0,1000.0,300000.0
1792,2021-10-11 02:49:28,43400.0,100.0,299000.0
1793,2021-10-11 02:49:28,43400.0,100.0,298900.0
1794,2021-10-11 02:49:10,43450.0,1000.0,298800.0
1795,2021-10-11 02:49:04,43450.0,100.0,297800.0
1796,2021-10-11 02:48:45,43450.0,100.0,297700.0
1797,2021-10-11 02:48:45,43450.0,500.0,297600.0
1798,2021-10-11 02:48:45,43450.0,100.0,297100.0
1799,2021-10-11 02:48:44,43450.0,100.0,297000.0
1800,2021-10-11 02:48:44,43450.0,4900.0,296900.0
1801,2021-10-11 02:48:41,43450.0,100.0,292000.0
1802,2021-10-11 02:48:41,43450.0,600.0,291900.0
1803,2021-10-11 02:48:41,43450.0,4300.0,291300.0
1804,2021-10-11 02:48:39,43450.0,3000.0,287000.0
1805,2021-10-11 02:48:36,43450.0,2700.0,284000.0
1806,2021-10-11 02:48:36,43450.0,100.0,281300.0
1807,2021-10-11 02:48:36,43450.0,200.0,281200.0
1808,2021-10-11 02:48:22,43450.0,100.0,281000.0
1809,2021-10-11 02:48:22,43450.0,200.0,280900.0
1810,2021-10-11 02:48:22,43450.0,100.0,280700.0
1811,2021-10-11 02:48:22,43450.0,300.0,280600.0
1812,2021-10-11 02:47:40,43500.0,100.0,280300.0
1813,2021-10-11 02:47:25,43500.0,100.0,280200.0
1814,2021-10-11 02:47:25,43500.0,8500.0,280100.0
1815,2021-10-11 02:47:23,43500.0,400.0,271600.0
1816,2021-10-11 02:47:15,43500.0,100.0,271200.0
1817,2021-10-11 02:47:13,43500.0,1000.0,271100.0
1818,2021-10-11 02:47:04,43500.0,100.0,270100.0
1819,2021-10-11 02:47:00,43500.0,400.0,270000.0
1820,2021-10-11 02:47:00,43500.0,1600.0,269600.0
1821,2021-10-11 02:46:52,43500.0,100.0,268000.0
1822,2021-10-11 02:46:33,43500.0,3300.0,267900.0
1823,2021-10-11 02:46:33,43500.0,6700.0,264600.0
1824,2021-10-11 02:46:24,43500.0,200.0,257900.0
1825,2021-10-11 02:46:23,43500.0,3100.0,257700.0
1826,2021-10-11 02:46:23,43500.0,400.0,254600.0
1827,2021-10-11 02:46:23,43500.0,1000.0,254200.0
1828,2021-10-11 02:46:23,43500.0,100.0,253200.0
1829,2021-10-11 02:46:23,43500.0,200.0,253100.0
1830,2021-10-11 02:46:23,43500.0,200.0,252900.0
1831,2021-10-11 02:45:57,43500.0,100.0,252700.0
1832,2021-10-11 02:45:51,43500.0,500.0,252600.0
1833,2021-10-11 02:45:51,43500.0,200.0,252100.0
1834,2021-10-11 02:45:51,43500.0,300.0,251900.0
1835,2021-10-11 02:45:48,43500.0,100.0,251600.0
1836,2021-10-11 02:45:42,43500.0,500.0,251500.0
1837,2021-10-11 02:45:28,43500.0,200.0,251000.0
1838,2021-10-11 02:45:27,43500.0,300.0,250800.0
1839,2021-10-11 02:45:24,43500.0,200.0,250500.0
1840,2021-10-11 02:45:20,43500.0,200.0,250300.0
1841,2021-10-11 02:45:16,43500.0,1500.0,250100.0
1842,2021-10-11 02:45:16,43500.0,1100.0,248600.0
1843,2021-10-11 02:45:00,43500.0,400.0,247500.0
1844,2021-10-11 02:44:41,43500.0,1000.0,247100.0
1845,2021-10-11 02:44:35,43500.0,500.0,246100.0
1846,2021-10-11 02:44:34,43500.0,100.0,245600.0
1847,2021-10-11 02:44:33,43500.0,100.0,245500.0
1848,2021-10-11 02:44:33,43500.0,1000.0,245400.0
1849,2021-10-11 02:44:33,43500.0,500.0,244400.0
1850,2021-10-11 02:44:33,43500.0,500.0,243900.0
1851,2021-10-11 02:44:33,43500.0,1000.0,243400.0
1852,2021-10-11 02:44:33,43500.0,200.0,242400.0
1853,2021-10-11 02:44:33,43500.0,100.0,242200.0
1854,2021-10-11 02:44:33,43500.0,200.0,242100.0
1855,2021-10-11 02:44:05,43500.0,1000.0,241900.0
1856,2021-10-11 02:44:04,43500.0,2000.0,240900.0
1857,2021-10-11 02:43:59,43500.0,1200.0,238900.0
1858,2021-10-11 02:43:59,43500.0,100.0,237700.0
1859,2021-10-11 02:43:59,43500.0,1200.0,237600.0
1860,2021-10-11 02:43:32,43500.0,900.0,236400.0
1861,2021-10-11 02:43:30,43500.0,100.0,235500.0
1862,2021-10-11 02:43:30,43500.0,900.0,235400.0
1863,2021-10-11 02:43:26,43500.0,800.0,234500.0
1864,2021-10-11 02:43:22,43500.0,100.0,233700.0
1865,2021-10-11 02:43:22,43500.0,100.0,233600.0
1866,2021-10-11 02:43:22,43500.0,100.0,233500.0
1867,2021-10-11 02:43:22,43500.0,400.0,233400.0
1868,2021-10-11 02:43:22,43500.0,100.0,233000.0
1869,2021-10-11 02:43:22,43500.0,200.0,232900.0
1870,2021-10-11 02:43:22,43500.0,300.0,232700.0
1871,2021-10-11 02:43:22,43500.0,100.0,232400.0
1872,2021-10-11 02:43:22,43500.0,100.0,232300.0
1873,2021-10-11 02:43:22,43500.0,200.0,232200.0
1874,2021-10-11 02:43:22,43500.0,500.0,232000.0
1875,2021-10-11 02:43:22,43500.0,500.0,231500.0
1876,2021-10-11 02:43:22,43500.0,600.0,231000.0
1877,2021-10-11 02:43:14,43500.0,200.0,230400.0
1878,2021-10-11 02:43:14,43500.0,500.0,230200.0
1879,2021-10-11 02:43:14,43500.0,100.0,229700.0
1880,2021-10-11 02:43:08,43500.0,200.0,229600.0
1881,2021-10-11 02:43:08,43500.0,300.0,229400.0
1882,2021-10-11 02:42:41,43500.0,100.0,229100.0
1883,2021-10-11 02:42:22,43550.0,1000.0,229000.0
1884,2021-10-11 02:41:56,43500.0,3000.0,228000.0
1885,2021-10-11 02:41:44,43500.0,400.0,225000.0
1886,2021-10-11 02:41:44,43500.0,100.0,224600.0
1887,2021-10-11 02:41:44,43500.0,100.0,224500.0
1888,2021-10-11 02:41:44,43500.0,100.0,224400.0
1889,2021-10-11 02:41:44,43500.0,100.0,224300.0
1890,2021-10-11 02:41:44,43500.0,200.0,224200.0
1891,2021-10-11 02:41:44,43500.0,200.0,224000.0
1892,2021-10-11 02:41:44,43500.0,100.0,223800.0
1893,2021-10-11 02:41:44,43500.0,200.0,223700.0
1894,2021-10-11 02:41:44,43500.0,1000.0,223500.0
1895,2021-10-11 02:41:44,43500.0,100.0,222500.0
1896,2021-10-11 02:41:44,43500.0,2000.0,222400.0
1897,2021-10-11 02:41:44,43500.0,100.0,220400.0
1898,2021-10-11 02:41:44,43500.0,300.0,220300.0
1899,2021-10-11 02:41:14,43500.0,200.0,220000.0
1900,2021-10-11 02:40:52,43550.0,100.0,219800.0
1901,2021-10-11 02:40:44,43550.0,300.0,219700.0
1902,2021-10-11 02:40:44,43550.0,300.0,219400.0
1903,2021-10-11 02:40:44,43550.0,2200.0,219100.0
1904,2021-10-11 02:40:39,43600.0,5000.0,216900.0
1905,2021-10-11 02:40:39,43600.0,100.0,211900.0
1906,2021-10-11 02:40:39,43600.0,500.0,211800.0
1907,2021-10-11 02:40:39,43600.0,2200.0,211300.0
1908,2021-10-11 02:40:29,43550.0,100.0,209100.0
1909,2021-10-11 02:40:06,43550.0,700.0,209000.0
1910,2021-10-11 02:40:00,43550.0,1300.0,208300.0
1911,2021-10-11 02:40:00,43550.0,200.0,207000.0
1912,2021-10-11 02:40:00,43550.0,1500.0,206800.0
1913,2021-10-11 02:39:55,43550.0,300.0,205300.0
1914,2021-10-11 02:39:55,43550.0,200.0,205000.0
1915,2021-10-11 02:39:55,43550.0,4500.0,204800.0
1916,2021-10-11 02:39:09,43550.0,3000.0,200300.0
1917,2021-10-11 02:38:56,43550.0,2000.0,197300.0
1918,2021-10-11 02:38:06,43550.0,5000.0,195300.0
1919,2021-10-11 02:38:04,43500.0,1500.0,190300.0
1920,2021-10-11 02:38:04,43500.0,300.0,188800.0
1921,2021-10-11 02:38:04,43500.0,1200.0,188500.0
1922,2021-10-11 02:37:47,43550.0,300.0,187300.0
1923,2021-10-11 02:37:46,43550.0,200.0,187000.0
1924,2021-10-11 02:37:46,43550.0,2000.0,186800.0
1925,2021-10-11 02:37:46,43550.0,100.0,184800.0
1926,2021-10-11 02:37:46,43550.0,100.0,184700.0
1927,2021-10-11 02:37:46,43550.0,600.0,184600.0
1928,2021-10-11 02:37:46,43550.0,2000.0,184000.0
1929,2021-10-11 02:37:46,43550.0,200.0,182000.0
1930,2021-10-11 02:37:43,43600.0,500.0,181800.0
1931,2021-10-11 02:37:22,43600.0,2300.0,181300.0
1932,2021-10-11 02:37:19,43600.0,100.0,179000.0
1933,2021-10-11 02:37:19,43600.0,500.0,178900.0
1934,2021-10-11 02:37:19,43600.0,400.0,178400.0
1935,2021-10-11 02:37:19,43600.0,100.0,178000.0
1936,2021-10-11 02:37:19,43600.0,100.0,177900.0
1937,2021-10-11 02:36:51,43550.0,1500.0,177800.0
1938,2021-10-11 02:36:46,43550.0,400.0,176300.0
1939,2021-10-11 02:36:19,43550.0,900.0,175900.0
1940,2021-10-11 02:36:19,43550.0,1000.0,175000.0
1941,2021-10-11 02:36:19,43550.0,300.0,174000.0
1942,2021-10-11 02:36:19,43550.0,100.0,173700.0
1943,2021-10-11 02:36:19,43550.0,100.0,173600.0
1944,2021-10-11 02:36:19,43550.0,100.0,173500.0
1945,2021-10-11 02:36:19,43550.0,400.0,173400.0
1946,2021-10-11 02:36:19,43550.0,500.0,173000.0
1947,2021-10-11 02:36:19,43550.0,1600.0,172500.0
1948,2021-10-11 02:36:13,43600.0,100.0,170900.0
1949,2021-10-11 02:36:00,43600.0,1000.0,170800.0
1950,2021-10-11 02:36:00,43600.0,100.0,169800.0
1951,2021-10-11 02:36:00,43600.0,200.0,169700.0
1952,2021-10-11 02:36:00,43600.0,1500.0,169500.0
1953,2021-10-11 02:35:52,43650.0,300.0,168000.0
1954,2021-10-11 02:35:42,43600.0,1500.0,167700.0
1955,2021-10-11 02:35:42,43600.0,200.0,166200.0
1956,2021-10-11 02:35:42,43600.0,200.0,166000.0
1957,2021-10-11 02:35:42,43600.0,100.0,165800.0
1958,2021-10-11 02:35:21,43650.0,200.0,165700.0
1959,2021-10-11 02:33:59,43650.0,700.0,165500.0
1960,2021-10-11 02:33:59,43650.0,100.0,164800.0
1961,2021-10-11 02:33:59,43650.0,100.0,164700.0
1962,2021-10-11 02:33:59,43650.0,1000.0,164600.0
1963,2021-10-11 02:33:59,43650.0,4700.0,163600.0
1964,2021-10-11 02:33:45,43600.0,100.0,158900.0
1965,2021-10-11 02:33:41,43600.0,100.0,158800.0
1966,2021-10-11 02:33:40,43650.0,300.0,158700.0
1967,2021-10-11 02:33:40,43650.0,100.0,158400.0
1968,2021-10-11 02:33:40,43650.0,1000.0,158300.0
1969,2021-10-11 02:33:40,43650.0,3600.0,157300.0
1970,2021-10-11 02:33:17,43600.0,300.0,153700.0
1971,2021-10-11 02:33:17,43600.0,400.0,153400.0
1972,2021-10-11 02:32:46,43600.0,400.0,153000.0
1973,2021-10-11 02:32:46,43600.0,200.0,152600.0
1974,2021-10-11 02:32:35,43600.0,100.0,152400.0
1975,2021-10-11 02:32:35,43600.0,100.0,152300.0
1976,2021-10-11 02:32:30,43600.0,400.0,152200.0
1977,2021-10-11 02:32:30,43600.0,100.0,151800.0
1978,2021-10-11 02:31:51,43600.0,1100.0,151700.0
1979,2021-10-11 02:31:51,43600.0,3900.0,150600.0
1980,2021-10-11 02:31:37,43600.0,1100.0,146700.0
1981,2021-10-11 02:31:31,43600.0,100.0,145600.0
1982,2021-10-11 02:31:31,43600.0,500.0,145500.0
1983,2021-10-11 02:31:31,43600.0,200.0,145000.0
1984,2021-10-11 02:31:31,43600.0,4000.0,144800.0
1985,2021-10-11 02:31:31,43600.0,500.0,140800.0
1986,2021-10-11 02:31:31,43600.0,1800.0,140300.0
1987,2021-10-11 02:31:31,43600.0,400.0,138500.0
1988,2021-10-11 02:31:31,43600.0,1000.0,138100.0
1989,2021-10-11 02:31:31,43600.0,400.0,137100.0
1990,2021-10-11 02:31:25,43600.0,100.0,136700.0
1991,2021-10-11 02:31:03,43600.0,1000.0,136600.0
1992,2021-10-11 02:30:48,43600.0,200.0,135600.0
1993,2021-10-11 02:30:39,43600.0,1900.0,135400.0
1994,2021-10-11 02:29:56,43600.0,100.0,133500.0
1995,2021-10-11 02:29:26,43550.0,400.0,133400.0
1996,2021-10-11 02:29:26,43550.0,600.0,133000.0
1997,2021-10-11 02:28:52,43600.0,2000.0,132400.0
1998,2021-10-11 02:28:52,43600.0,400.0,130400.0
1999,2021-10-11 02:28:52,43600.0,3900.0,130000.0
2000,2021-10-11 02:28:45,43600.0,5000.0,126100.0
2001,2021-10-11 02:28:11,43600.0,200.0,121100.0
2002,2021-10-11 02:27:54,43600.0,400.0,120900.0
2003,2021-10-11 02:27:54,43600.0,600.0,120500.0
2004,2021-10-11 02:27:28,43600.0,300.0,119900.0
2005,2021-10-11 02:27:19,43600.0,500.0,119600.0
2006,2021-10-11 02:27:19,43600.0,1600.0,119100.0
2007,2021-10-11 02:26:54,43600.0,100.0,117500.0
2008,2021-10-11 02:26:20,43600.0,100.0,117400.0
2009,2021-10-11 02:26:20,43600.0,200.0,117300.0
2010,2021-10-11 02:26:09,43600.0,200.0,117100.0
2011,2021-10-11 02:26:04,43600.0,1100.0,116900.0
2012,2021-10-11 02:25:53,43600.0,100.0,115800.0
2013,2021-10-11 02:25:52,43600.0,400.0,115700.0
2014,2021-10-11 02:25:52,43600.0,200.0,115300.0
2015,2021-10-11 02:25:52,43600.0,2400.0,115100.0
2016,2021-10-11 02:25:24,43600.0,1600.0,112700.0
2017,2021-10-11 02:25:21,43600.0,3400.0,111100.0
2018,2021-10-11 02:25:13,43600.0,100.0,107700.0
2019,2021-10-11 02:25:13,43600.0,1500.0,107600.0
2020,2021-10-11 02:25:08,43600.0,700.0,106100.0
2021,2021-10-11 02:24:57,43600.0,200.0,105400.0
2022,2021-10-11 02:24:55,43600.0,300.0,105200.0
2023,2021-10-11 02:24:55,43600.0,3000.0,104900.0
2024,2021-10-11 02:24:55,43600.0,500.0,101900.0
2025,2021-10-11 02:24:55,43600.0,200.0,101400.0
2026,2021-10-11 02:24:55,43600.0,2000.0,101200.0
2027,2021-10-11 02:24:55,43600.0,1600.0,99200.0
2028,2021-10-11 02:24:30,43600.0,100.0,97600.0
2029,2021-10-11 02:24:29,43600.0,2000.0,97500.0
2030,2021-10-11 02:24:25,43600.0,1500.0,95500.0
2031,2021-10-11 02:24:20,43600.0,200.0,94000.0
2032,2021-10-11 02:24:20,43600.0,100.0,93800.0
2033,2021-10-11 02:24:20,43600.0,1000.0,93700.0
2034,2021-10-11 02:24:20,43600.0,500.0,92700.0
2035,2021-10-11 02:24:20,43600.0,100.0,92200.0
2036,2021-10-11 02:24:20,43600.0,100.0,92100.0
2037,2021-10-11 02:24:20,43600.0,500.0,92000.0
2038,2021-10-11 02:24:20,43600.0,1000.0,91500.0
2039,2021-10-11 02:24:20,43600.0,1000.0,90500.0
2040,2021-10-11 02:24:20,43600.0,300.0,89500.0
2041,2021-10-11 02:23:59,43600.0,4700.0,89200.0
2042,2021-10-11 02:23:59,43600.0,900.0,84500.0
2043,2021-10-11 02:23:59,43600.0,1800.0,83600.0
2044,2021-10-11 02:23:59,43600.0,300.0,81800.0
2045,2021-10-11 02:23:59,43600.0,2000.0,81500.0
2046,2021-10-11 02:23:59,43600.0,100.0,79500.0
2047,2021-10-11 02:23:59,43600.0,1200.0,79400.0
2048,2021-10-11 02:23:50,43600.0,300.0,78200.0
2049,2021-10-11 02:23:48,43550.0,1000.0,77900.0
2050,2021-10-11 02:23:48,43550.0,1400.0,76900.0
2051,2021-10-11 02:23:44,43550.0,200.0,75500.0
2052,2021-10-11 02:23:20,43550.0,200.0,75300.0
2053,2021-10-11 02:23:18,43550.0,100.0,75100.0
2054,2021-10-11 02:23:18,43550.0,100.0,75000.0
2055,2021-10-11 02:23:18,43550.0,1000.0,74900.0
2056,2021-10-11 02:23:18,43550.0,200.0,73900.0
2057,2021-10-11 02:23:18,43550.0,3000.0,73700.0
2058,2021-10-11 02:23:18,43550.0,3800.0,70700.0
2059,2021-10-11 02:22:59,43600.0,1000.0,66900.0
2060,2021-10-11 02:22:51,43600.0,100.0,65900.0
2061,2021-10-11 02:22:41,43600.0,100.0,65800.0
2062,2021-10-11 02:22:38,43550.0,100.0,65700.0
2063,2021-10-11 02:22:35,43550.0,100.0,65600.0
2064,2021-10-11 02:21:52,43550.0,700.0,65500.0
2065,2021-10-11 02:21:52,43550.0,3000.0,64800.0
2066,2021-10-11 02:21:52,43550.0,200.0,61800.0
2067,2021-10-11 02:21:52,43550.0,1000.0,61600.0
2068,2021-10-11 02:21:52,43550.0,1000.0,60600.0
2069,2021-10-11 02:21:52,43550.0,100.0,59600.0
