,Time,Price,Volume_per_trade,Volume
0,2021-10-08 07:45:01,57200.0,1500.0,2255600.0
1,2021-10-08 07:45:01,57200.0,100.0,2254100.0
2,2021-10-08 07:45:01,57200.0,500.0,2254000.0
3,2021-10-08 07:45:01,57200.0,300.0,2253500.0
4,2021-10-08 07:45:01,57200.0,300.0,2253200.0
5,2021-10-08 07:45:01,57200.0,300.0,2252900.0
6,2021-10-08 07:45:01,57200.0,200.0,2252600.0
7,2021-10-08 07:45:01,57200.0,1000.0,2252400.0
8,2021-10-08 07:45:01,57200.0,100.0,2251400.0
9,2021-10-08 07:45:01,57200.0,700.0,2251300.0
10,2021-10-08 07:45:01,57200.0,1300.0,2250600.0
11,2021-10-08 07:45:01,57200.0,2000.0,2249300.0
12,2021-10-08 07:45:01,57200.0,1700.0,2247300.0
13,2021-10-08 07:45:01,57200.0,100.0,2245600.0
14,2021-10-08 07:45:01,57200.0,5000.0,2245500.0
15,2021-10-08 07:45:01,57200.0,100.0,2240500.0
16,2021-10-08 07:45:01,57200.0,500.0,2240400.0
17,2021-10-08 07:45:01,57200.0,500.0,2239900.0
18,2021-10-08 07:45:01,57200.0,2100.0,2239400.0
19,2021-10-08 07:45:01,57200.0,500.0,2237300.0
20,2021-10-08 07:45:01,57200.0,2000.0,2236800.0
21,2021-10-08 07:45:01,57200.0,1000.0,2234800.0
22,2021-10-08 07:45:01,57200.0,1000.0,2233800.0
23,2021-10-08 07:45:01,57200.0,6000.0,2232800.0
24,2021-10-08 07:45:01,57200.0,400.0,2226800.0
25,2021-10-08 07:45:01,57200.0,1000.0,2226400.0
26,2021-10-08 07:45:01,57200.0,1000.0,2225400.0
27,2021-10-08 07:45:01,57200.0,1000.0,2224400.0
28,2021-10-08 07:45:01,57200.0,4000.0,2223400.0
29,2021-10-08 07:45:01,57200.0,500.0,2219400.0
30,2021-10-08 07:45:01,57200.0,1000.0,2218900.0
31,2021-10-08 07:45:01,57200.0,200.0,2217900.0
32,2021-10-08 07:45:01,57200.0,100.0,2217700.0
33,2021-10-08 07:45:01,57200.0,100.0,2217600.0
34,2021-10-08 07:45:01,57200.0,100.0,2217500.0
35,2021-10-08 07:45:01,57200.0,200.0,2217400.0
36,2021-10-08 07:45:01,57200.0,3000.0,2217200.0
37,2021-10-08 07:45:01,57200.0,1700.0,2214200.0
38,2021-10-08 07:29:27,57100.0,500.0,2212500.0
39,2021-10-08 07:29:27,57300.0,200.0,2212000.0
40,2021-10-08 07:29:27,57300.0,100.0,2211800.0
41,2021-10-08 07:29:17,57400.0,2000.0,2211700.0
42,2021-10-08 07:29:09,57400.0,100.0,2209700.0
43,2021-10-08 07:29:09,57400.0,100.0,2209600.0
44,2021-10-08 07:29:09,57400.0,400.0,2209500.0
45,2021-10-08 07:28:59,57400.0,100.0,2209100.0
46,2021-10-08 07:28:22,57600.0,1700.0,2209000.0
47,2021-10-08 07:28:22,57600.0,100.0,2207300.0
48,2021-10-08 07:28:22,57600.0,500.0,2207200.0
49,2021-10-08 07:28:22,57600.0,100.0,2206700.0
50,2021-10-08 07:28:22,57600.0,200.0,2206600.0
51,2021-10-08 07:28:22,57600.0,200.0,2206400.0
52,2021-10-08 07:28:22,57600.0,1200.0,2206200.0
53,2021-10-08 07:28:22,57600.0,3800.0,2205000.0
54,2021-10-08 07:28:22,57500.0,2200.0,2201200.0
55,2021-10-08 07:28:22,57500.0,700.0,2199000.0
56,2021-10-08 07:28:22,57500.0,700.0,2198300.0
57,2021-10-08 07:28:22,57500.0,2200.0,2197600.0
58,2021-10-08 07:28:22,57500.0,400.0,2195400.0
59,2021-10-08 07:28:22,57500.0,200.0,2195000.0
60,2021-10-08 07:28:22,57500.0,500.0,2194800.0
61,2021-10-08 07:28:22,57500.0,100.0,2194300.0
62,2021-10-08 07:28:22,57500.0,500.0,2194200.0
63,2021-10-08 07:28:22,57500.0,200.0,2193700.0
64,2021-10-08 07:28:22,57500.0,1400.0,2193500.0
65,2021-10-08 07:28:22,57500.0,4500.0,2192100.0
66,2021-10-08 07:28:22,57500.0,400.0,2187600.0
67,2021-10-08 07:28:22,57500.0,1000.0,2187200.0
68,2021-10-08 07:28:12,57500.0,100.0,2186200.0
69,2021-10-08 07:28:12,57500.0,100.0,2186100.0
70,2021-10-08 07:28:12,57500.0,100.0,2186000.0
71,2021-10-08 07:28:12,57500.0,200.0,2185900.0
72,2021-10-08 07:28:04,57400.0,100.0,2185700.0
73,2021-10-08 07:27:47,57400.0,400.0,2185600.0
74,2021-10-08 07:27:42,57400.0,800.0,2185200.0
75,2021-10-08 07:27:42,57400.0,1900.0,2184400.0
76,2021-10-08 07:27:37,57400.0,200.0,2182500.0
77,2021-10-08 07:27:37,57400.0,100.0,2182300.0
78,2021-10-08 07:27:37,57400.0,500.0,2182200.0
79,2021-10-08 07:27:37,57400.0,500.0,2181700.0
80,2021-10-08 07:27:37,57400.0,700.0,2181200.0
81,2021-10-08 07:27:37,57400.0,100.0,2180500.0
82,2021-10-08 07:27:37,57400.0,1000.0,2180400.0
83,2021-10-08 07:27:35,57300.0,600.0,2179400.0
84,2021-10-08 07:27:32,57400.0,1000.0,2178800.0
85,2021-10-08 07:27:30,57400.0,100.0,2177800.0
86,2021-10-08 07:27:25,57400.0,100.0,2177700.0
87,2021-10-08 07:27:25,57400.0,100.0,2177600.0
88,2021-10-08 07:27:25,57400.0,400.0,2177500.0
89,2021-10-08 07:27:18,57400.0,600.0,2177100.0
90,2021-10-08 07:27:18,57400.0,1000.0,2176500.0
91,2021-10-08 07:27:18,57400.0,1000.0,2175500.0
92,2021-10-08 07:27:18,57400.0,2400.0,2174500.0
93,2021-10-08 07:27:00,57300.0,5000.0,2172100.0
94,2021-10-08 07:26:48,57400.0,600.0,2167100.0
95,2021-10-08 07:26:39,57400.0,1000.0,2166500.0
96,2021-10-08 07:26:37,57300.0,5000.0,2165500.0
97,2021-10-08 07:26:30,57400.0,500.0,2160500.0
98,2021-10-08 07:26:30,57400.0,100.0,2160000.0
99,2021-10-08 07:26:12,57400.0,600.0,2159900.0
100,2021-10-08 07:26:07,57400.0,700.0,2159300.0
101,2021-10-08 07:26:07,57400.0,300.0,2158600.0
102,2021-10-08 07:26:04,57300.0,300.0,2158300.0
103,2021-10-08 07:25:42,57300.0,1000.0,2158000.0
104,2021-10-08 07:25:41,57300.0,1300.0,2157000.0
105,2021-10-08 07:25:41,57300.0,300.0,2155700.0
106,2021-10-08 07:25:41,57300.0,200.0,2155400.0
107,2021-10-08 07:25:30,57300.0,200.0,2155200.0
108,2021-10-08 07:25:23,57300.0,200.0,2155000.0
109,2021-10-08 07:25:23,57300.0,300.0,2154800.0
110,2021-10-08 07:25:19,57400.0,200.0,2154500.0
111,2021-10-08 07:25:18,57400.0,400.0,2154300.0
112,2021-10-08 07:25:16,57400.0,600.0,2153900.0
113,2021-10-08 07:25:16,57400.0,100.0,2153300.0
114,2021-10-08 07:25:16,57400.0,100.0,2153200.0
115,2021-10-08 07:25:16,57400.0,2000.0,2153100.0
116,2021-10-08 07:25:16,57400.0,2200.0,2151100.0
117,2021-10-08 07:25:00,57400.0,600.0,2148900.0
118,2021-10-08 07:24:55,57400.0,1700.0,2148300.0
119,2021-10-08 07:24:55,57400.0,300.0,2146600.0
120,2021-10-08 07:24:41,57400.0,600.0,2146300.0
121,2021-10-08 07:24:40,57300.0,200.0,2145700.0
122,2021-10-08 07:24:23,57400.0,500.0,2145500.0
123,2021-10-08 07:24:23,57400.0,100.0,2145000.0
124,2021-10-08 07:24:12,57400.0,600.0,2144900.0
125,2021-10-08 07:24:12,57400.0,1300.0,2144300.0
126,2021-10-08 07:24:12,57400.0,600.0,2143000.0
127,2021-10-08 07:24:12,57400.0,600.0,2142400.0
128,2021-10-08 07:24:10,57400.0,500.0,2141800.0
129,2021-10-08 07:24:01,57400.0,300.0,2141300.0
130,2021-10-08 07:24:01,57400.0,500.0,2141000.0
131,2021-10-08 07:23:48,57400.0,100.0,2140500.0
132,2021-10-08 07:23:48,57400.0,200.0,2140400.0
133,2021-10-08 07:23:45,57400.0,900.0,2140200.0
134,2021-10-08 07:23:41,57400.0,200.0,2139300.0
135,2021-10-08 07:23:24,57400.0,2000.0,2139100.0
136,2021-10-08 07:23:19,57400.0,700.0,2137100.0
137,2021-10-08 07:23:19,57400.0,700.0,2136400.0
138,2021-10-08 07:23:19,57400.0,300.0,2135700.0
139,2021-10-08 07:23:11,57400.0,600.0,2135400.0
140,2021-10-08 07:23:10,57400.0,1300.0,2134800.0
141,2021-10-08 07:23:09,57400.0,1700.0,2133500.0
142,2021-10-08 07:23:09,57400.0,100.0,2131800.0
143,2021-10-08 07:23:09,57400.0,400.0,2131700.0
144,2021-10-08 07:22:53,57500.0,600.0,2131300.0
145,2021-10-08 07:22:42,57500.0,200.0,2130700.0
146,2021-10-08 07:22:34,57500.0,600.0,2130500.0
147,2021-10-08 07:22:25,57500.0,5000.0,2129900.0
148,2021-10-08 07:22:16,57500.0,600.0,2124900.0
149,2021-10-08 07:21:58,57500.0,500.0,2124300.0
150,2021-10-08 07:21:58,57500.0,100.0,2123800.0
151,2021-10-08 07:21:54,57500.0,100.0,2123700.0
152,2021-10-08 07:21:43,57500.0,200.0,2123600.0
153,2021-10-08 07:21:40,57500.0,200.0,2123400.0
154,2021-10-08 07:21:40,57500.0,400.0,2123200.0
155,2021-10-08 07:21:22,57500.0,100.0,2122800.0
156,2021-10-08 07:21:22,57500.0,100.0,2122700.0
157,2021-10-08 07:21:22,57500.0,200.0,2122600.0
158,2021-10-08 07:21:22,57500.0,200.0,2122400.0
159,2021-10-08 07:21:04,57500.0,100.0,2122200.0
160,2021-10-08 07:21:04,57500.0,500.0,2122100.0
161,2021-10-08 07:20:53,57500.0,200.0,2121600.0
162,2021-10-08 07:20:53,57500.0,500.0,2121400.0
163,2021-10-08 07:20:53,57500.0,500.0,2120900.0
164,2021-10-08 07:20:53,57500.0,500.0,2120400.0
165,2021-10-08 07:20:53,57500.0,100.0,2119900.0
166,2021-10-08 07:20:53,57500.0,1000.0,2119800.0
167,2021-10-08 07:20:53,57500.0,500.0,2118800.0
168,2021-10-08 07:20:53,57500.0,500.0,2118300.0
169,2021-10-08 07:20:53,57500.0,1000.0,2117800.0
170,2021-10-08 07:20:53,57500.0,3000.0,2116800.0
171,2021-10-08 07:20:53,57500.0,500.0,2113800.0
172,2021-10-08 07:20:53,57500.0,100.0,2113300.0
173,2021-10-08 07:20:53,57500.0,100.0,2113200.0
174,2021-10-08 07:20:53,57500.0,1000.0,2113100.0
175,2021-10-08 07:20:53,57500.0,200.0,2112100.0
176,2021-10-08 07:20:53,57500.0,500.0,2111900.0
177,2021-10-08 07:20:53,57500.0,500.0,2111400.0
178,2021-10-08 07:20:53,57500.0,4000.0,2110900.0
179,2021-10-08 07:20:53,57500.0,100.0,2106900.0
180,2021-10-08 07:20:53,57500.0,200.0,2106800.0
181,2021-10-08 07:20:48,57500.0,800.0,2106600.0
182,2021-10-08 07:20:48,57500.0,100.0,2105800.0
183,2021-10-08 07:20:48,57500.0,1800.0,2105700.0
184,2021-10-08 07:20:48,57500.0,200.0,2103900.0
185,2021-10-08 07:20:48,57500.0,2900.0,2103700.0
186,2021-10-08 07:20:48,57500.0,1700.0,2100800.0
187,2021-10-08 07:20:48,57400.0,2000.0,2099100.0
188,2021-10-08 07:20:46,57400.0,600.0,2097100.0
189,2021-10-08 07:20:28,57400.0,400.0,2096500.0
190,2021-10-08 07:20:27,57400.0,200.0,2096100.0
191,2021-10-08 07:20:10,57400.0,600.0,2095900.0
192,2021-10-08 07:20:10,57400.0,200.0,2095300.0
193,2021-10-08 07:19:51,57400.0,300.0,2095100.0
194,2021-10-08 07:19:51,57400.0,600.0,2094800.0
195,2021-10-08 07:19:44,57400.0,1300.0,2094200.0
196,2021-10-08 07:19:44,57400.0,700.0,2092900.0
197,2021-10-08 07:19:18,57300.0,400.0,2092200.0
198,2021-10-08 07:19:18,57400.0,600.0,2091800.0
199,2021-10-08 07:19:15,57500.0,600.0,2091200.0
200,2021-10-08 07:19:12,57500.0,100.0,2090600.0
201,2021-10-08 07:18:55,57400.0,200.0,2090500.0
202,2021-10-08 07:18:55,57400.0,300.0,2090300.0
203,2021-10-08 07:18:45,57400.0,2700.0,2090000.0
204,2021-10-08 07:18:45,57400.0,2300.0,2087300.0
205,2021-10-08 07:18:39,57400.0,600.0,2085000.0
206,2021-10-08 07:18:20,57400.0,600.0,2084400.0
207,2021-10-08 07:18:14,57400.0,300.0,2083800.0
208,2021-10-08 07:18:14,57400.0,600.0,2083500.0
209,2021-10-08 07:18:14,57400.0,600.0,2082900.0
210,2021-10-08 07:18:14,57400.0,600.0,2082300.0
211,2021-10-08 07:18:14,57400.0,3400.0,2081700.0
212,2021-10-08 07:17:57,57400.0,2000.0,2078300.0
213,2021-10-08 07:17:34,57400.0,300.0,2076300.0
214,2021-10-08 07:17:13,57400.0,100.0,2076000.0
215,2021-10-08 07:17:13,57400.0,500.0,2075900.0
216,2021-10-08 07:17:13,57400.0,700.0,2075400.0
217,2021-10-08 07:17:13,57400.0,2200.0,2074700.0
218,2021-10-08 07:17:13,57400.0,700.0,2072500.0
219,2021-10-08 07:17:13,57400.0,100.0,2071800.0
220,2021-10-08 07:17:12,57300.0,100.0,2071700.0
221,2021-10-08 07:17:12,57300.0,100.0,2071600.0
222,2021-10-08 07:17:08,57400.0,600.0,2071500.0
223,2021-10-08 07:17:03,57400.0,300.0,2070900.0
224,2021-10-08 07:16:50,57300.0,600.0,2070600.0
225,2021-10-08 07:16:50,57300.0,100.0,2070000.0
226,2021-10-08 07:16:50,57300.0,500.0,2069900.0
227,2021-10-08 07:16:50,57300.0,600.0,2069400.0
228,2021-10-08 07:16:50,57300.0,600.0,2068800.0
229,2021-10-08 07:16:50,57300.0,500.0,2068200.0
230,2021-10-08 07:16:27,57300.0,100.0,2067700.0
231,2021-10-08 07:16:27,57300.0,100.0,2067600.0
232,2021-10-08 07:16:24,57400.0,600.0,2067500.0
233,2021-10-08 07:16:24,57400.0,600.0,2066900.0
234,2021-10-08 07:16:23,57400.0,700.0,2066300.0
235,2021-10-08 07:16:22,57400.0,2200.0,2065600.0
236,2021-10-08 07:16:02,57400.0,500.0,2063400.0
237,2021-10-08 07:16:02,57400.0,700.0,2062900.0
238,2021-10-08 07:16:02,57400.0,2200.0,2062200.0
239,2021-10-08 07:16:02,57400.0,100.0,2060000.0
240,2021-10-08 07:16:02,57400.0,3000.0,2059900.0
241,2021-10-08 07:15:59,57300.0,500.0,2056900.0
242,2021-10-08 07:15:59,57300.0,200.0,2056400.0
243,2021-10-08 07:15:56,57400.0,2000.0,2056200.0
244,2021-10-08 07:15:56,57400.0,700.0,2054200.0
245,2021-10-08 07:15:43,57300.0,400.0,2053500.0
246,2021-10-08 07:15:43,57300.0,600.0,2053100.0
247,2021-10-08 07:15:23,57300.0,2000.0,2052500.0
248,2021-10-08 07:15:10,57300.0,900.0,2050500.0
249,2021-10-08 07:15:05,57300.0,2000.0,2049600.0
250,2021-10-08 07:14:55,57300.0,500.0,2047600.0
251,2021-10-08 07:14:35,57300.0,700.0,2047100.0
252,2021-10-08 07:14:35,57300.0,2200.0,2046400.0
253,2021-10-08 07:14:35,57300.0,1000.0,2044200.0
254,2021-10-08 07:14:35,57300.0,100.0,2043200.0
255,2021-10-08 07:14:28,57200.0,500.0,2043100.0
256,2021-10-08 07:14:25,57200.0,200.0,2042600.0
257,2021-10-08 07:14:25,57200.0,400.0,2042400.0
258,2021-10-08 07:14:24,57200.0,300.0,2042000.0
259,2021-10-08 07:14:24,57200.0,2200.0,2041700.0
260,2021-10-08 07:14:24,57200.0,700.0,2039500.0
261,2021-10-08 07:14:24,57200.0,2200.0,2038800.0
262,2021-10-08 07:14:24,57200.0,200.0,2036600.0
263,2021-10-08 07:14:24,57200.0,200.0,2036400.0
264,2021-10-08 07:14:24,57200.0,1500.0,2036200.0
265,2021-10-08 07:14:24,57200.0,300.0,2034700.0
266,2021-10-08 07:13:44,57100.0,2200.0,2034400.0
267,2021-10-08 07:13:44,57100.0,700.0,2032200.0
268,2021-10-08 07:13:44,57100.0,1500.0,2031500.0
269,2021-10-08 07:13:38,57100.0,500.0,2030000.0
270,2021-10-08 07:13:30,57100.0,200.0,2029500.0
271,2021-10-08 07:13:30,57100.0,400.0,2029300.0
272,2021-10-08 07:13:24,57100.0,300.0,2028900.0
273,2021-10-08 07:13:24,57100.0,700.0,2028600.0
274,2021-10-08 07:13:24,57100.0,800.0,2027900.0
275,2021-10-08 07:13:13,57100.0,200.0,2027100.0
276,2021-10-08 07:13:12,57100.0,600.0,2026900.0
277,2021-10-08 07:13:10,57100.0,600.0,2026300.0
278,2021-10-08 07:13:10,57100.0,200.0,2025700.0
279,2021-10-08 07:13:10,57100.0,200.0,2025500.0
280,2021-10-08 07:11:58,57000.0,100.0,2025300.0
281,2021-10-08 07:11:58,57000.0,200.0,2025200.0
282,2021-10-08 07:11:58,57000.0,1700.0,2025000.0
283,2021-10-08 07:11:58,57000.0,200.0,2023300.0
284,2021-10-08 07:11:46,57000.0,1000.0,2023100.0
285,2021-10-08 07:11:41,57000.0,600.0,2022100.0
286,2021-10-08 07:11:34,57000.0,3200.0,2021500.0
287,2021-10-08 07:11:34,57000.0,100.0,2018300.0
288,2021-10-08 07:11:31,57000.0,10000.0,2018200.0
289,2021-10-08 07:11:21,56900.0,1000.0,2008200.0
290,2021-10-08 07:11:05,57000.0,600.0,2007200.0
291,2021-10-08 07:11:02,57000.0,3000.0,2006600.0
292,2021-10-08 07:10:48,57000.0,1000.0,2003600.0
293,2021-10-08 07:10:47,57000.0,600.0,2002600.0
294,2021-10-08 07:10:44,57000.0,4700.0,2002000.0
295,2021-10-08 07:10:44,57000.0,300.0,1997300.0
296,2021-10-08 07:10:41,57000.0,300.0,1997000.0
297,2021-10-08 07:10:41,57000.0,200.0,1996700.0
298,2021-10-08 07:10:40,57000.0,200.0,1996500.0
299,2021-10-08 07:10:40,57000.0,500.0,1996300.0
300,2021-10-08 07:10:31,57000.0,1000.0,1995800.0
301,2021-10-08 07:10:29,57000.0,600.0,1994800.0
302,2021-10-08 07:10:23,57000.0,600.0,1994200.0
303,2021-10-08 07:10:23,57000.0,4400.0,1993600.0
304,2021-10-08 07:10:22,57000.0,3000.0,1989200.0
305,2021-10-08 07:10:16,57000.0,2600.0,1986200.0
306,2021-10-08 07:10:16,57000.0,500.0,1983600.0
307,2021-10-08 07:10:16,57000.0,1900.0,1983100.0
308,2021-10-08 07:10:10,57000.0,600.0,1981200.0
309,2021-10-08 07:10:09,57000.0,500.0,1980600.0
310,2021-10-08 07:10:09,57000.0,300.0,1980100.0
311,2021-10-08 07:09:43,56900.0,500.0,1979800.0
312,2021-10-08 07:09:39,56900.0,100.0,1979300.0
313,2021-10-08 07:09:37,56900.0,400.0,1979200.0
314,2021-10-08 07:09:37,56900.0,1000.0,1978800.0
315,2021-10-08 07:09:26,56900.0,1300.0,1977800.0
316,2021-10-08 07:09:26,56900.0,200.0,1976500.0
317,2021-10-08 07:09:26,56900.0,700.0,1976300.0
318,2021-10-08 07:09:26,56900.0,300.0,1975600.0
319,2021-10-08 07:09:26,56900.0,1300.0,1975300.0
320,2021-10-08 07:09:26,56800.0,300.0,1974000.0
321,2021-10-08 07:09:26,56800.0,100.0,1973700.0
322,2021-10-08 07:09:26,56800.0,600.0,1973600.0
323,2021-10-08 07:09:16,56900.0,600.0,1973000.0
324,2021-10-08 07:08:58,56900.0,100.0,1972400.0
325,2021-10-08 07:08:58,56900.0,500.0,1972300.0
326,2021-10-08 07:08:50,56900.0,500.0,1971800.0
327,2021-10-08 07:08:44,56900.0,100.0,1971300.0
328,2021-10-08 07:08:44,56900.0,400.0,1971200.0
329,2021-10-08 07:08:43,56900.0,500.0,1970800.0
330,2021-10-08 07:08:37,56900.0,100.0,1970300.0
331,2021-10-08 07:08:34,56900.0,2000.0,1970200.0
332,2021-10-08 07:08:25,56900.0,600.0,1968200.0
333,2021-10-08 07:08:25,56900.0,400.0,1967600.0
334,2021-10-08 07:08:25,56900.0,100.0,1967200.0
335,2021-10-08 07:08:23,56900.0,500.0,1967100.0
336,2021-10-08 07:08:20,56900.0,200.0,1966600.0
337,2021-10-08 07:08:15,56900.0,600.0,1966400.0
338,2021-10-08 07:08:10,56900.0,500.0,1965800.0
339,2021-10-08 07:08:08,56900.0,1200.0,1965300.0
340,2021-10-08 07:08:08,56900.0,5000.0,1964100.0
341,2021-10-08 07:08:03,57000.0,100.0,1959100.0
342,2021-10-08 07:08:03,57000.0,600.0,1959000.0
343,2021-10-08 07:07:45,57000.0,600.0,1958400.0
344,2021-10-08 07:07:27,57000.0,400.0,1957800.0
345,2021-10-08 07:07:27,57000.0,200.0,1957400.0
346,2021-10-08 07:07:14,57000.0,200.0,1957200.0
347,2021-10-08 07:07:14,57000.0,600.0,1957000.0
348,2021-10-08 07:07:14,57000.0,100.0,1956400.0
349,2021-10-08 07:07:14,57000.0,500.0,1956300.0
350,2021-10-08 07:07:14,57000.0,300.0,1955800.0
351,2021-10-08 07:07:14,57000.0,3100.0,1955500.0
352,2021-10-08 07:07:12,57000.0,1900.0,1952400.0
353,2021-10-08 07:07:12,57000.0,4600.0,1950500.0
354,2021-10-08 07:06:57,57000.0,5000.0,1945900.0
355,2021-10-08 07:06:51,57100.0,600.0,1940900.0
356,2021-10-08 07:06:34,57100.0,100.0,1940300.0
357,2021-10-08 07:06:34,57100.0,400.0,1940200.0
358,2021-10-08 07:06:34,57000.0,400.0,1939800.0
359,2021-10-08 07:06:34,57000.0,50000.0,1939400.0
360,2021-10-08 07:06:34,57000.0,1000.0,1889400.0
361,2021-10-08 07:06:34,57000.0,700.0,1888400.0
362,2021-10-08 07:06:34,57000.0,3000.0,1887700.0
363,2021-10-08 07:06:34,57000.0,2000.0,1884700.0
364,2021-10-08 07:06:34,57000.0,2000.0,1882700.0
365,2021-10-08 07:06:34,57000.0,500.0,1880700.0
366,2021-10-08 07:06:34,57000.0,100.0,1880200.0
367,2021-10-08 07:06:34,57000.0,3000.0,1880100.0
368,2021-10-08 07:06:34,57000.0,100.0,1877100.0
369,2021-10-08 07:06:34,57000.0,5000.0,1877000.0
370,2021-10-08 07:06:34,57000.0,1000.0,1872000.0
371,2021-10-08 07:06:34,57000.0,5000.0,1871000.0
372,2021-10-08 07:06:34,57000.0,1000.0,1866000.0
373,2021-10-08 07:06:34,57000.0,200.0,1865000.0
374,2021-10-08 07:06:33,57100.0,600.0,1864800.0
375,2021-10-08 07:06:22,57100.0,600.0,1864200.0
376,2021-10-08 07:06:22,57100.0,600.0,1863600.0
377,2021-10-08 07:06:22,57100.0,400.0,1863000.0
378,2021-10-08 07:06:22,57100.0,400.0,1862600.0
379,2021-10-08 07:06:22,57100.0,100.0,1862200.0
380,2021-10-08 07:06:22,57100.0,600.0,1862100.0
381,2021-10-08 07:06:22,57100.0,300.0,1861500.0
382,2021-10-08 07:06:18,57100.0,100.0,1861200.0
383,2021-10-08 07:06:12,57100.0,200.0,1861100.0
384,2021-10-08 07:06:12,57100.0,600.0,1860900.0
385,2021-10-08 07:06:12,57100.0,1000.0,1860300.0
386,2021-10-08 07:06:12,57100.0,5000.0,1859300.0
387,2021-10-08 07:06:12,57100.0,200.0,1854300.0
388,2021-10-08 07:06:12,57100.0,800.0,1854100.0
389,2021-10-08 07:06:12,57100.0,100.0,1853300.0
390,2021-10-08 07:06:12,57100.0,2100.0,1853200.0
391,2021-10-08 07:06:08,57100.0,500.0,1851100.0
392,2021-10-08 07:06:07,57200.0,200.0,1850600.0
393,2021-10-08 07:06:04,57100.0,100.0,1850400.0
394,2021-10-08 07:05:48,57100.0,1300.0,1850300.0
395,2021-10-08 07:05:48,57100.0,2000.0,1849000.0
396,2021-10-08 07:05:48,57100.0,100.0,1847000.0
397,2021-10-08 07:05:48,57100.0,1600.0,1846900.0
398,2021-10-08 07:05:45,57100.0,600.0,1845300.0
399,2021-10-08 07:05:22,57100.0,100.0,1844700.0
400,2021-10-08 07:05:14,57100.0,700.0,1844600.0
401,2021-10-08 07:05:14,57100.0,600.0,1843900.0
402,2021-10-08 07:05:14,57100.0,500.0,1843300.0
403,2021-10-08 07:04:57,57100.0,100.0,1842800.0
404,2021-10-08 07:04:57,57100.0,100.0,1842700.0
405,2021-10-08 07:04:54,57200.0,100.0,1842600.0
406,2021-10-08 07:04:44,57200.0,600.0,1842500.0
407,2021-10-08 07:04:32,57200.0,600.0,1841900.0
408,2021-10-08 07:04:21,57200.0,3000.0,1841300.0
409,2021-10-08 07:04:21,57200.0,1000.0,1838300.0
410,2021-10-08 07:04:21,57200.0,500.0,1837300.0
411,2021-10-08 07:04:21,57200.0,2000.0,1836800.0
412,2021-10-08 07:04:21,57200.0,100.0,1834800.0
413,2021-10-08 07:04:21,57200.0,600.0,1834700.0
414,2021-10-08 07:04:21,57200.0,10000.0,1834100.0
415,2021-10-08 07:04:21,57200.0,600.0,1824100.0
416,2021-10-08 07:04:21,57200.0,600.0,1823500.0
417,2021-10-08 07:04:21,57200.0,100.0,1822900.0
418,2021-10-08 07:04:21,57200.0,600.0,1822800.0
419,2021-10-08 07:04:21,57200.0,600.0,1822200.0
420,2021-10-08 07:04:21,57200.0,1000.0,1821600.0
421,2021-10-08 07:04:21,57200.0,600.0,1820600.0
422,2021-10-08 07:04:21,57200.0,600.0,1820000.0
423,2021-10-08 07:04:21,57300.0,2000.0,1819400.0
424,2021-10-08 07:04:21,57300.0,1000.0,1817400.0
425,2021-10-08 07:04:21,57300.0,600.0,1816400.0
426,2021-10-08 07:04:21,57300.0,600.0,1815800.0
427,2021-10-08 07:04:21,57300.0,600.0,1815200.0
428,2021-10-08 07:04:21,57300.0,600.0,1814600.0
429,2021-10-08 07:04:21,57300.0,600.0,1814000.0
430,2021-10-08 07:04:21,57300.0,2300.0,1813400.0
431,2021-10-08 07:04:21,57300.0,600.0,1811100.0
432,2021-10-08 07:04:21,57300.0,600.0,1810500.0
433,2021-10-08 07:04:21,57300.0,600.0,1809900.0
434,2021-10-08 07:04:21,57300.0,600.0,1809300.0
435,2021-10-08 07:04:21,57300.0,600.0,1808700.0
436,2021-10-08 07:04:21,57300.0,600.0,1808100.0
437,2021-10-08 07:04:21,57300.0,600.0,1807500.0
438,2021-10-08 07:04:21,57300.0,600.0,1806900.0
439,2021-10-08 07:04:21,57300.0,600.0,1806300.0
440,2021-10-08 07:04:21,57300.0,600.0,1805700.0
441,2021-10-08 07:04:21,57300.0,2000.0,1805100.0
442,2021-10-08 07:04:21,57300.0,600.0,1803100.0
443,2021-10-08 07:04:21,57300.0,600.0,1802500.0
444,2021-10-08 07:04:21,57300.0,600.0,1801900.0
445,2021-10-08 07:04:21,57300.0,600.0,1801300.0
446,2021-10-08 07:04:21,57300.0,1700.0,1800700.0
447,2021-10-08 07:04:19,57400.0,300.0,1799000.0
448,2021-10-08 07:04:19,57400.0,300.0,1798700.0
449,2021-10-08 07:04:08,57400.0,200.0,1798400.0
450,2021-10-08 07:04:05,57400.0,100.0,1798200.0
451,2021-10-08 07:03:58,57400.0,100.0,1798100.0
452,2021-10-08 07:03:53,57400.0,200.0,1798000.0
453,2021-10-08 07:03:43,57400.0,700.0,1797800.0
454,2021-10-08 07:03:43,57400.0,1300.0,1797100.0
455,2021-10-08 07:03:34,57400.0,600.0,1795800.0
456,2021-10-08 07:03:34,57400.0,300.0,1795200.0
457,2021-10-08 07:03:13,57400.0,300.0,1794900.0
458,2021-10-08 07:03:04,57400.0,600.0,1794600.0
459,2021-10-08 07:03:03,57400.0,100.0,1794000.0
460,2021-10-08 07:02:57,57400.0,100.0,1793900.0
461,2021-10-08 07:02:56,57400.0,100.0,1793800.0
462,2021-10-08 07:02:37,57400.0,300.0,1793700.0
463,2021-10-08 07:02:19,57400.0,600.0,1793400.0
464,2021-10-08 07:02:19,57400.0,100.0,1792800.0
465,2021-10-08 07:02:18,57400.0,500.0,1792700.0
466,2021-10-08 07:02:18,57400.0,1700.0,1792200.0
467,2021-10-08 07:02:15,57400.0,1800.0,1790500.0
468,2021-10-08 07:02:15,57400.0,400.0,1788700.0
469,2021-10-08 07:02:15,57400.0,200.0,1788300.0
470,2021-10-08 07:02:15,57400.0,500.0,1788100.0
471,2021-10-08 07:01:24,57400.0,100.0,1787600.0
472,2021-10-08 07:01:23,57400.0,200.0,1787500.0
473,2021-10-08 07:01:23,57400.0,100.0,1787300.0
474,2021-10-08 07:01:07,57400.0,600.0,1787200.0
475,2021-10-08 07:00:59,57400.0,400.0,1786600.0
476,2021-10-08 07:00:59,57400.0,100.0,1786200.0
477,2021-10-08 07:00:59,57400.0,100.0,1786100.0
478,2021-10-08 07:00:59,57400.0,3400.0,1786000.0
479,2021-10-08 07:00:24,57300.0,300.0,1782600.0
480,2021-10-08 07:00:24,57300.0,1000.0,1782300.0
481,2021-10-08 07:00:24,57300.0,100.0,1781300.0
482,2021-10-08 07:00:24,57300.0,100.0,1781200.0
483,2021-10-08 07:00:04,57300.0,100.0,1781100.0
484,2021-10-08 06:59:47,57300.0,200.0,1781000.0
485,2021-10-08 06:59:25,57300.0,800.0,1780800.0
486,2021-10-08 06:59:25,57300.0,200.0,1780000.0
487,2021-10-08 06:57:35,57300.0,400.0,1779800.0
488,2021-10-08 06:57:35,57300.0,100.0,1779400.0
489,2021-10-08 06:57:00,57300.0,100.0,1779300.0
490,2021-10-08 06:56:02,57300.0,100.0,1779200.0
491,2021-10-08 06:55:11,57300.0,200.0,1779100.0
492,2021-10-08 06:55:05,57400.0,600.0,1778900.0
493,2021-10-08 06:54:54,57400.0,500.0,1778300.0
494,2021-10-08 06:54:54,57400.0,1400.0,1777800.0
495,2021-10-08 06:54:54,57400.0,100.0,1776400.0
496,2021-10-08 06:54:47,57400.0,100.0,1776300.0
497,2021-10-08 06:54:47,57400.0,200.0,1776200.0
498,2021-10-08 06:54:47,57400.0,300.0,1776000.0
499,2021-10-08 06:54:27,57400.0,600.0,1775700.0
500,2021-10-08 06:54:10,57400.0,100.0,1775100.0
501,2021-10-08 06:54:10,57400.0,300.0,1775000.0
502,2021-10-08 06:54:10,57400.0,200.0,1774700.0
503,2021-10-08 06:53:51,57400.0,600.0,1774500.0
504,2021-10-08 06:53:46,57400.0,100.0,1773900.0
505,2021-10-08 06:53:34,57400.0,600.0,1773800.0
506,2021-10-08 06:53:14,57400.0,600.0,1773200.0
507,2021-10-08 06:53:03,57400.0,500.0,1772600.0
508,2021-10-08 06:52:38,57300.0,100.0,1772100.0
509,2021-10-08 06:52:35,57300.0,600.0,1772000.0
510,2021-10-08 06:52:35,57300.0,300.0,1771400.0
511,2021-10-08 06:52:20,57400.0,600.0,1771100.0
512,2021-10-08 06:52:17,57400.0,100.0,1770500.0
513,2021-10-08 06:51:47,57300.0,300.0,1770400.0
514,2021-10-08 06:51:44,57300.0,600.0,1770100.0
515,2021-10-08 06:51:43,57300.0,600.0,1769500.0
516,2021-10-08 06:51:43,57300.0,600.0,1768900.0
517,2021-10-08 06:51:43,57300.0,100.0,1768300.0
518,2021-10-08 06:51:43,57300.0,500.0,1768200.0
519,2021-10-08 06:51:43,57300.0,200.0,1767700.0
520,2021-10-08 06:51:12,57300.0,400.0,1767500.0
521,2021-10-08 06:51:12,57300.0,2000.0,1767100.0
522,2021-10-08 06:51:12,57300.0,600.0,1765100.0
523,2021-10-08 06:51:12,57300.0,2000.0,1764500.0
524,2021-10-08 06:50:55,57300.0,200.0,1762500.0
525,2021-10-08 06:50:30,57300.0,500.0,1762300.0
526,2021-10-08 06:50:30,57300.0,500.0,1761800.0
527,2021-10-08 06:50:30,57300.0,800.0,1761300.0
528,2021-10-08 06:50:13,57300.0,400.0,1760500.0
529,2021-10-08 06:50:13,57300.0,500.0,1760100.0
530,2021-10-08 06:50:13,57300.0,300.0,1759600.0
531,2021-10-08 06:50:13,57300.0,400.0,1759300.0
532,2021-10-08 06:50:13,57300.0,100.0,1758900.0
533,2021-10-08 06:50:13,57300.0,2000.0,1758800.0
534,2021-10-08 06:50:13,57300.0,500.0,1756800.0
535,2021-10-08 06:50:13,57300.0,500.0,1756300.0
536,2021-10-08 06:50:13,57300.0,100.0,1755800.0
537,2021-10-08 06:50:03,57300.0,100.0,1755700.0
538,2021-10-08 06:49:58,57300.0,400.0,1755600.0
539,2021-10-08 06:49:58,57300.0,200.0,1755200.0
540,2021-10-08 06:49:58,57300.0,100.0,1755000.0
541,2021-10-08 06:49:56,57300.0,600.0,1754900.0
542,2021-10-08 06:49:37,57300.0,600.0,1754300.0
543,2021-10-08 06:49:19,57300.0,600.0,1753700.0
544,2021-10-08 06:49:00,57300.0,600.0,1753100.0
545,2021-10-08 06:48:42,57300.0,600.0,1752500.0
546,2021-10-08 06:48:24,57300.0,600.0,1751900.0
547,2021-10-08 06:48:06,57300.0,600.0,1751300.0
548,2021-10-08 06:47:54,57300.0,100.0,1750700.0
549,2021-10-08 06:47:48,57300.0,200.0,1750600.0
550,2021-10-08 06:47:48,57300.0,400.0,1750400.0
551,2021-10-08 06:47:30,57300.0,1800.0,1750000.0
552,2021-10-08 06:46:53,57200.0,100.0,1748200.0
553,2021-10-08 06:45:59,57200.0,100.0,1748100.0
554,2021-10-08 06:45:53,57200.0,1300.0,1748000.0
555,2021-10-08 06:45:53,57200.0,600.0,1746700.0
556,2021-10-08 06:45:53,57200.0,100.0,1746100.0
557,2021-10-08 06:45:45,57200.0,600.0,1746000.0
558,2021-10-08 06:45:45,57200.0,500.0,1745400.0
559,2021-10-08 06:45:35,57200.0,100.0,1744900.0
560,2021-10-08 06:45:35,57200.0,600.0,1744800.0
561,2021-10-08 06:45:35,57200.0,600.0,1744200.0
562,2021-10-08 06:45:35,57200.0,600.0,1743600.0
563,2021-10-08 06:45:35,57200.0,600.0,1743000.0
564,2021-10-08 06:45:35,57200.0,2000.0,1742400.0
565,2021-10-08 06:45:35,57200.0,500.0,1740400.0
566,2021-10-08 06:45:23,57200.0,100.0,1739900.0
567,2021-10-08 06:45:23,57200.0,400.0,1739800.0
568,2021-10-08 06:44:53,57200.0,200.0,1739400.0
569,2021-10-08 06:44:53,57200.0,400.0,1739200.0
570,2021-10-08 06:44:22,57200.0,200.0,1738800.0
571,2021-10-08 06:44:22,57200.0,600.0,1738600.0
572,2021-10-08 06:44:22,57200.0,1200.0,1738000.0
573,2021-10-08 06:44:21,57200.0,800.0,1736800.0
574,2021-10-08 06:44:21,57200.0,200.0,1736000.0
575,2021-10-08 06:44:18,57200.0,400.0,1735800.0
576,2021-10-08 06:44:18,57200.0,600.0,1735400.0
577,2021-10-08 06:43:59,57200.0,400.0,1734800.0
578,2021-10-08 06:43:55,57200.0,100.0,1734400.0
579,2021-10-08 06:43:33,57200.0,100.0,1734300.0
580,2021-10-08 06:43:33,57200.0,600.0,1734200.0
581,2021-10-08 06:43:33,57200.0,300.0,1733600.0
582,2021-10-08 06:43:01,57200.0,300.0,1733300.0
583,2021-10-08 06:43:01,57200.0,100.0,1733000.0
584,2021-10-08 06:41:59,57200.0,100.0,1732900.0
585,2021-10-08 06:41:46,57200.0,300.0,1732800.0
586,2021-10-08 06:40:59,57200.0,100.0,1732500.0
587,2021-10-08 06:40:59,57200.0,600.0,1732400.0
588,2021-10-08 06:40:59,57200.0,600.0,1731800.0
589,2021-10-08 06:40:59,57200.0,100.0,1731200.0
590,2021-10-08 06:40:59,57200.0,500.0,1731100.0
591,2021-10-08 06:40:59,57200.0,600.0,1730600.0
592,2021-10-08 06:40:59,57200.0,600.0,1730000.0
593,2021-10-08 06:40:59,57200.0,600.0,1729400.0
594,2021-10-08 06:40:59,57200.0,300.0,1728800.0
595,2021-10-08 06:40:59,57200.0,100.0,1728500.0
596,2021-10-08 06:40:59,57200.0,100.0,1728400.0
597,2021-10-08 06:40:59,57200.0,1700.0,1728300.0
598,2021-10-08 06:39:57,57200.0,100.0,1726600.0
599,2021-10-08 06:39:49,57200.0,100.0,1726500.0
600,2021-10-08 06:39:41,57200.0,100.0,1726400.0
601,2021-10-08 06:39:41,57200.0,300.0,1726300.0
602,2021-10-08 06:39:19,57200.0,300.0,1726000.0
603,2021-10-08 06:39:13,57200.0,4000.0,1725700.0
604,2021-10-08 06:38:56,57200.0,500.0,1721700.0
605,2021-10-08 06:38:29,57200.0,4900.0,1721200.0
606,2021-10-08 06:38:29,57200.0,600.0,1716300.0
607,2021-10-08 06:38:29,57300.0,600.0,1715700.0
608,2021-10-08 06:38:29,57300.0,3500.0,1715100.0
609,2021-10-08 06:38:29,57300.0,600.0,1711600.0
610,2021-10-08 06:38:29,57300.0,3000.0,1711000.0
611,2021-10-08 06:38:29,57300.0,600.0,1708000.0
612,2021-10-08 06:38:29,57300.0,600.0,1707400.0
613,2021-10-08 06:38:29,57300.0,600.0,1706800.0
614,2021-10-08 06:38:24,57300.0,600.0,1706200.0
615,2021-10-08 06:38:24,57300.0,400.0,1705600.0
616,2021-10-08 06:37:42,57300.0,200.0,1705200.0
617,2021-10-08 06:37:42,57300.0,200.0,1705000.0
618,2021-10-08 06:36:42,57300.0,400.0,1704800.0
619,2021-10-08 06:36:42,57300.0,600.0,1704400.0
620,2021-10-08 06:36:42,57300.0,600.0,1703800.0
621,2021-10-08 06:36:42,57300.0,1200.0,1703200.0
622,2021-10-08 06:36:39,57300.0,100.0,1702000.0
623,2021-10-08 06:36:13,57300.0,700.0,1701900.0
624,2021-10-08 06:36:13,57300.0,600.0,1701200.0
625,2021-10-08 06:36:13,57300.0,600.0,1700600.0
626,2021-10-08 06:36:13,57300.0,600.0,1700000.0
627,2021-10-08 06:36:13,57300.0,500.0,1699400.0
628,2021-10-08 06:35:31,57300.0,100.0,1698900.0
629,2021-10-08 06:35:31,57300.0,200.0,1698800.0
630,2021-10-08 06:35:31,57300.0,600.0,1698600.0
631,2021-10-08 06:35:31,57300.0,600.0,1698000.0
632,2021-10-08 06:35:31,57300.0,100.0,1697400.0
633,2021-10-08 06:35:31,57300.0,400.0,1697300.0
634,2021-10-08 06:35:21,57300.0,200.0,1696900.0
635,2021-10-08 06:35:21,57300.0,300.0,1696700.0
636,2021-10-08 06:35:11,57300.0,300.0,1696400.0
637,2021-10-08 06:35:11,57300.0,600.0,1696100.0
638,2021-10-08 06:35:11,57300.0,100.0,1695500.0
639,2021-10-08 06:35:11,57300.0,100.0,1695400.0
640,2021-10-08 06:35:11,57300.0,100.0,1695300.0
641,2021-10-08 06:35:11,57300.0,2000.0,1695200.0
642,2021-10-08 06:35:11,57300.0,3200.0,1693200.0
643,2021-10-08 06:34:43,57300.0,1000.0,1690000.0
644,2021-10-08 06:34:26,57300.0,300.0,1689000.0
645,2021-10-08 06:33:49,57300.0,500.0,1688700.0
646,2021-10-08 06:33:49,57300.0,2000.0,1688200.0
647,2021-10-08 06:33:49,57300.0,300.0,1686200.0
648,2021-10-08 06:33:35,57400.0,600.0,1685900.0
649,2021-10-08 06:33:17,57400.0,600.0,1685300.0
650,2021-10-08 06:32:59,57400.0,600.0,1684700.0
651,2021-10-08 06:32:41,57400.0,600.0,1684100.0
652,2021-10-08 06:32:36,57400.0,200.0,1683500.0
653,2021-10-08 06:32:36,57400.0,300.0,1683300.0
654,2021-10-08 06:32:25,57300.0,300.0,1683000.0
655,2021-10-08 06:31:55,57300.0,400.0,1682700.0
656,2021-10-08 06:31:55,57300.0,200.0,1682300.0
657,2021-10-08 06:31:55,57300.0,400.0,1682100.0
658,2021-10-08 06:31:38,57300.0,1600.0,1681700.0
659,2021-10-08 06:31:38,57300.0,600.0,1680100.0
660,2021-10-08 06:31:38,57300.0,600.0,1679500.0
661,2021-10-08 06:31:38,57300.0,200.0,1678900.0
662,2021-10-08 06:31:28,57400.0,200.0,1678700.0
663,2021-10-08 06:31:28,57400.0,100.0,1678500.0
664,2021-10-08 06:31:28,57400.0,300.0,1678400.0
665,2021-10-08 06:31:10,57400.0,600.0,1678100.0
666,2021-10-08 06:30:52,57400.0,600.0,1677500.0
667,2021-10-08 06:30:34,57400.0,600.0,1676900.0
668,2021-10-08 06:30:15,57400.0,600.0,1676300.0
669,2021-10-08 06:30:14,57400.0,100.0,1675700.0
670,2021-10-08 06:30:06,57400.0,600.0,1675600.0
671,2021-10-08 06:30:06,57400.0,200.0,1675000.0
672,2021-10-08 06:30:06,57400.0,900.0,1674800.0
673,2021-10-08 06:30:06,57400.0,1100.0,1673900.0
674,2021-10-08 06:30:06,57400.0,300.0,1672800.0
675,2021-10-08 06:29:59,57400.0,300.0,1672500.0
676,2021-10-08 06:29:59,57400.0,600.0,1672200.0
677,2021-10-08 06:29:32,57400.0,600.0,1671600.0
678,2021-10-08 06:29:21,57500.0,600.0,1671000.0
679,2021-10-08 06:29:13,57500.0,300.0,1670400.0
680,2021-10-08 06:28:47,57400.0,500.0,1670100.0
681,2021-10-08 06:28:29,57400.0,100.0,1669600.0
682,2021-10-08 06:28:29,57400.0,300.0,1669500.0
683,2021-10-08 06:28:08,57400.0,300.0,1669200.0
684,2021-10-08 06:28:03,57400.0,600.0,1668900.0
685,2021-10-08 06:28:03,57400.0,100.0,1668300.0
686,2021-10-08 06:27:36,57400.0,500.0,1668200.0
687,2021-10-08 06:27:30,57400.0,200.0,1667700.0
688,2021-10-08 06:27:30,57400.0,200.0,1667500.0
689,2021-10-08 06:27:30,57400.0,500.0,1667300.0
690,2021-10-08 06:27:30,57400.0,100.0,1666800.0
691,2021-10-08 06:27:30,57400.0,2000.0,1666700.0
692,2021-10-08 06:27:30,57400.0,100.0,1664700.0
693,2021-10-08 06:27:30,57400.0,600.0,1664600.0
694,2021-10-08 06:27:30,57400.0,500.0,1664000.0
695,2021-10-08 06:27:30,57400.0,600.0,1663500.0
696,2021-10-08 06:27:30,57400.0,600.0,1662900.0
697,2021-10-08 06:27:14,57500.0,500.0,1662300.0
698,2021-10-08 06:27:14,57500.0,100.0,1661800.0
699,2021-10-08 06:26:56,57500.0,600.0,1661700.0
700,2021-10-08 06:26:53,57500.0,300.0,1661100.0
701,2021-10-08 06:26:38,57500.0,200.0,1660800.0
702,2021-10-08 06:26:38,57500.0,400.0,1660600.0
703,2021-10-08 06:26:20,57500.0,600.0,1660200.0
704,2021-10-08 06:26:01,57500.0,100.0,1659600.0
705,2021-10-08 06:26:01,57500.0,100.0,1659500.0
706,2021-10-08 06:26:01,57500.0,400.0,1659400.0
707,2021-10-08 06:25:43,57500.0,600.0,1659000.0
708,2021-10-08 06:25:25,57500.0,600.0,1658400.0
709,2021-10-08 06:25:07,57500.0,600.0,1657800.0
710,2021-10-08 06:24:49,57500.0,600.0,1657200.0
711,2021-10-08 06:24:31,57500.0,100.0,1656600.0
712,2021-10-08 06:24:25,57400.0,500.0,1656500.0
713,2021-10-08 06:23:41,57400.0,100.0,1656000.0
714,2021-10-08 06:23:41,57400.0,600.0,1655900.0
715,2021-10-08 06:23:41,57400.0,300.0,1655300.0
716,2021-10-08 06:23:31,57400.0,300.0,1655000.0
717,2021-10-08 06:23:31,57400.0,600.0,1654700.0
718,2021-10-08 06:23:31,57400.0,600.0,1654100.0
719,2021-10-08 06:23:31,57400.0,200.0,1653500.0
720,2021-10-08 06:23:31,57400.0,300.0,1653300.0
721,2021-10-08 06:23:23,57400.0,300.0,1653000.0
722,2021-10-08 06:23:23,57400.0,300.0,1652700.0
723,2021-10-08 06:23:23,57400.0,400.0,1652400.0
724,2021-10-08 06:23:15,57400.0,200.0,1652000.0
725,2021-10-08 06:23:15,57400.0,200.0,1651800.0
726,2021-10-08 06:23:15,57400.0,600.0,1651600.0
727,2021-10-08 06:23:14,57400.0,100.0,1651000.0
728,2021-10-08 06:22:50,57400.0,500.0,1650900.0
729,2021-10-08 06:22:31,57400.0,300.0,1650400.0
730,2021-10-08 06:22:30,57400.0,300.0,1650100.0
731,2021-10-08 06:22:30,57400.0,600.0,1649800.0
732,2021-10-08 06:22:30,57400.0,100.0,1649200.0
733,2021-10-08 06:21:53,57400.0,100.0,1649100.0
734,2021-10-08 06:21:53,57400.0,600.0,1649000.0
735,2021-10-08 06:21:53,57400.0,300.0,1648400.0
736,2021-10-08 06:20:35,57400.0,300.0,1648100.0
737,2021-10-08 06:20:29,57400.0,100.0,1647800.0
738,2021-10-08 06:20:21,57400.0,200.0,1647700.0
739,2021-10-08 06:20:21,57400.0,3800.0,1647500.0
740,2021-10-08 06:20:21,57400.0,600.0,1643700.0
741,2021-10-08 06:20:17,57400.0,600.0,1643100.0
742,2021-10-08 06:19:59,57500.0,100.0,1642500.0
743,2021-10-08 06:19:59,57500.0,200.0,1642400.0
744,2021-10-08 06:19:59,57500.0,200.0,1642200.0
745,2021-10-08 06:19:59,57500.0,100.0,1642000.0
746,2021-10-08 06:19:40,57500.0,600.0,1641900.0
747,2021-10-08 06:19:22,57500.0,300.0,1641300.0
748,2021-10-08 06:19:22,57500.0,200.0,1641000.0
749,2021-10-08 06:19:22,57500.0,100.0,1640800.0
750,2021-10-08 06:19:04,57500.0,600.0,1640700.0
751,2021-10-08 06:18:57,57500.0,300.0,1640100.0
752,2021-10-08 06:18:57,57500.0,800.0,1639800.0
753,2021-10-08 06:18:57,57500.0,100.0,1639000.0
754,2021-10-08 06:18:57,57500.0,200.0,1638900.0
755,2021-10-08 06:18:57,57500.0,100.0,1638700.0
756,2021-10-08 06:18:50,57400.0,500.0,1638600.0
757,2021-10-08 06:18:46,57400.0,600.0,1638100.0
758,2021-10-08 06:18:40,57400.0,600.0,1637500.0
759,2021-10-08 06:18:40,57400.0,600.0,1636900.0
760,2021-10-08 06:18:40,57400.0,100.0,1636300.0
761,2021-10-08 06:18:40,57400.0,600.0,1636200.0
762,2021-10-08 06:18:32,57400.0,600.0,1635600.0
763,2021-10-08 06:18:32,57400.0,3700.0,1635000.0
764,2021-10-08 06:18:15,57400.0,100.0,1631300.0
765,2021-10-08 06:17:40,57400.0,200.0,1631200.0
766,2021-10-08 06:17:40,57400.0,200.0,1631000.0
767,2021-10-08 06:17:40,57400.0,1600.0,1630800.0
768,2021-10-08 06:17:28,57400.0,100.0,1629200.0
769,2021-10-08 06:17:21,57400.0,1300.0,1629100.0
770,2021-10-08 06:17:21,57400.0,1000.0,1627800.0
771,2021-10-08 06:17:21,57400.0,1500.0,1626800.0
772,2021-10-08 06:17:21,57400.0,600.0,1625300.0
773,2021-10-08 06:17:21,57400.0,600.0,1624700.0
774,2021-10-08 06:17:15,57500.0,600.0,1624100.0
775,2021-10-08 06:17:15,57500.0,3000.0,1623500.0
776,2021-10-08 06:16:57,57500.0,600.0,1620500.0
777,2021-10-08 06:16:39,57500.0,600.0,1619900.0
778,2021-10-08 06:16:21,57500.0,500.0,1619300.0
779,2021-10-08 06:16:21,57500.0,100.0,1618800.0
780,2021-10-08 06:16:03,57500.0,600.0,1618700.0
781,2021-10-08 06:15:45,57500.0,600.0,1618100.0
782,2021-10-08 06:15:26,57500.0,600.0,1617500.0
783,2021-10-08 06:15:16,57500.0,200.0,1616900.0
784,2021-10-08 06:15:09,57500.0,500.0,1616700.0
785,2021-10-08 06:15:09,57500.0,600.0,1616200.0
786,2021-10-08 06:14:53,57500.0,600.0,1615600.0
787,2021-10-08 06:14:53,57500.0,100.0,1615000.0
788,2021-10-08 06:14:53,57500.0,900.0,1614900.0
789,2021-10-08 06:14:53,57500.0,300.0,1614000.0
790,2021-10-08 06:14:42,57500.0,200.0,1613700.0
791,2021-10-08 06:14:33,57500.0,500.0,1613500.0
792,2021-10-08 06:14:32,57500.0,800.0,1613000.0
793,2021-10-08 06:14:32,57500.0,400.0,1612200.0
794,2021-10-08 06:14:32,57500.0,200.0,1611800.0
795,2021-10-08 06:14:26,57500.0,200.0,1611600.0
796,2021-10-08 06:14:14,57500.0,600.0,1611400.0
797,2021-10-08 06:14:09,57500.0,600.0,1610800.0
798,2021-10-08 06:14:09,57500.0,1000.0,1610200.0
799,2021-10-08 06:14:09,57500.0,600.0,1609200.0
800,2021-10-08 06:14:09,57500.0,600.0,1608600.0
801,2021-10-08 06:14:00,57500.0,100.0,1608000.0
802,2021-10-08 06:13:57,57600.0,100.0,1607900.0
803,2021-10-08 06:13:56,57600.0,600.0,1607800.0
804,2021-10-08 06:13:51,57600.0,100.0,1607200.0
805,2021-10-08 06:13:45,57600.0,400.0,1607100.0
806,2021-10-08 06:13:34,57500.0,500.0,1606700.0
807,2021-10-08 06:13:30,57500.0,1000.0,1606200.0
808,2021-10-08 06:13:30,57500.0,500.0,1605200.0
809,2021-10-08 06:12:50,57500.0,100.0,1604700.0
810,2021-10-08 06:12:50,57500.0,400.0,1604600.0
811,2021-10-08 06:12:34,57500.0,200.0,1604200.0
812,2021-10-08 06:12:34,57500.0,600.0,1604000.0
813,2021-10-08 06:12:34,57500.0,3000.0,1603400.0
814,2021-10-08 06:12:34,57500.0,1200.0,1600400.0
815,2021-10-08 06:12:25,57600.0,600.0,1599200.0
816,2021-10-08 06:12:14,57600.0,200.0,1598600.0
817,2021-10-08 06:11:53,57500.0,1300.0,1598400.0
818,2021-10-08 06:11:32,57500.0,200.0,1597100.0
819,2021-10-08 06:11:32,57500.0,200.0,1596900.0
820,2021-10-08 06:11:32,57500.0,100.0,1596700.0
821,2021-10-08 06:11:31,57500.0,200.0,1596600.0
822,2021-10-08 06:11:31,57500.0,400.0,1596400.0
823,2021-10-08 06:11:26,57500.0,600.0,1596000.0
824,2021-10-08 06:11:26,57500.0,200.0,1595400.0
825,2021-10-08 06:11:12,57500.0,300.0,1595200.0
826,2021-10-08 06:11:12,57500.0,300.0,1594900.0
827,2021-10-08 06:11:11,57500.0,100.0,1594600.0
828,2021-10-08 06:11:07,57500.0,1000.0,1594500.0
829,2021-10-08 06:10:54,57500.0,500.0,1593500.0
830,2021-10-08 06:10:54,57500.0,600.0,1593000.0
831,2021-10-08 06:10:53,57500.0,5000.0,1592400.0
832,2021-10-08 06:10:52,57500.0,5000.0,1587400.0
833,2021-10-08 06:10:49,57500.0,5000.0,1582400.0
834,2021-10-08 06:10:39,57500.0,11000.0,1577400.0
835,2021-10-08 06:10:36,57400.0,300.0,1566400.0
836,2021-10-08 06:10:36,57400.0,100.0,1566100.0
837,2021-10-08 06:10:36,57500.0,600.0,1566000.0
838,2021-10-08 06:10:34,57500.0,5000.0,1565400.0
839,2021-10-08 06:10:21,57500.0,5000.0,1560400.0
840,2021-10-08 06:10:18,57500.0,600.0,1555400.0
841,2021-10-08 06:09:59,57500.0,300.0,1554800.0
842,2021-10-08 06:09:58,57400.0,100.0,1554500.0
843,2021-10-08 06:09:57,57400.0,500.0,1554400.0
844,2021-10-08 06:09:52,57400.0,300.0,1553900.0
845,2021-10-08 06:09:52,57400.0,200.0,1553600.0
846,2021-10-08 06:09:45,57400.0,400.0,1553400.0
847,2021-10-08 06:09:15,57400.0,200.0,1553000.0
848,2021-10-08 06:09:13,57400.0,300.0,1552800.0
849,2021-10-08 06:09:06,57400.0,100.0,1552500.0
850,2021-10-08 06:09:05,57400.0,200.0,1552400.0
851,2021-10-08 06:08:56,57400.0,100.0,1552200.0
852,2021-10-08 06:08:56,57400.0,200.0,1552100.0
853,2021-10-08 06:08:56,57400.0,700.0,1551900.0
854,2021-10-08 06:08:48,57400.0,600.0,1551200.0
855,2021-10-08 06:08:48,57400.0,200.0,1550600.0
856,2021-10-08 06:08:46,57400.0,300.0,1550400.0
857,2021-10-08 06:08:32,57400.0,100.0,1550100.0
858,2021-10-08 06:08:27,57400.0,500.0,1550000.0
859,2021-10-08 06:08:18,57400.0,500.0,1549500.0
860,2021-10-08 06:08:11,57500.0,600.0,1549000.0
861,2021-10-08 06:08:03,57500.0,100.0,1548400.0
862,2021-10-08 06:08:02,57500.0,20000.0,1548300.0
863,2021-10-08 06:08:02,57500.0,3000.0,1528300.0
864,2021-10-08 06:08:02,57500.0,100.0,1525300.0
865,2021-10-08 06:08:02,57500.0,4000.0,1525200.0
866,2021-10-08 06:08:02,57500.0,600.0,1521200.0
867,2021-10-08 06:08:02,57500.0,2000.0,1520600.0
868,2021-10-08 06:07:53,57700.0,600.0,1518600.0
869,2021-10-08 06:07:52,57700.0,700.0,1518000.0
870,2021-10-08 06:07:52,57700.0,400.0,1517300.0
871,2021-10-08 06:07:52,57700.0,400.0,1516900.0
872,2021-10-08 06:07:47,57500.0,2200.0,1516500.0
873,2021-10-08 06:07:47,57600.0,600.0,1514300.0
874,2021-10-08 06:07:47,57600.0,5000.0,1513700.0
875,2021-10-08 06:07:47,57600.0,200.0,1508700.0
876,2021-10-08 06:07:28,57600.0,400.0,1508500.0
877,2021-10-08 06:07:28,57600.0,600.0,1508100.0
878,2021-10-08 06:07:16,57700.0,600.0,1507500.0
879,2021-10-08 06:07:06,57700.0,600.0,1506900.0
880,2021-10-08 06:07:06,57700.0,400.0,1506300.0
881,2021-10-08 06:07:06,57700.0,600.0,1505900.0
882,2021-10-08 06:07:06,57700.0,600.0,1505300.0
883,2021-10-08 06:07:06,57700.0,100.0,1504700.0
884,2021-10-08 06:07:06,57700.0,1500.0,1504600.0
885,2021-10-08 06:07:06,57700.0,200.0,1503100.0
886,2021-10-08 06:06:50,57700.0,100.0,1502900.0
887,2021-10-08 06:06:40,57700.0,300.0,1502800.0
888,2021-10-08 06:06:40,57700.0,1000.0,1502500.0
889,2021-10-08 06:06:40,57700.0,600.0,1501500.0
890,2021-10-08 06:06:40,57700.0,1300.0,1500900.0
891,2021-10-08 06:06:11,57700.0,100.0,1499600.0
892,2021-10-08 06:06:11,57700.0,300.0,1499500.0
893,2021-10-08 06:06:08,57700.0,500.0,1499200.0
894,2021-10-08 06:06:06,57700.0,500.0,1498700.0
895,2021-10-08 06:06:03,57700.0,1000.0,1498200.0
896,2021-10-08 06:05:58,57700.0,8600.0,1497200.0
897,2021-10-08 06:05:58,57700.0,100.0,1488600.0
898,2021-10-08 06:05:58,57700.0,1300.0,1488500.0
899,2021-10-08 06:05:39,57700.0,100.0,1487200.0
900,2021-10-08 06:05:35,57700.0,3600.0,1487100.0
901,2021-10-08 06:05:35,57700.0,600.0,1483500.0
902,2021-10-08 06:05:35,57700.0,600.0,1482900.0
903,2021-10-08 06:05:35,57700.0,200.0,1482300.0
904,2021-10-08 06:05:22,57700.0,400.0,1482100.0
905,2021-10-08 06:05:22,57700.0,600.0,1481700.0
906,2021-10-08 06:05:22,57700.0,200.0,1481100.0
907,2021-10-08 06:05:22,57700.0,600.0,1480900.0
908,2021-10-08 06:05:22,57700.0,200.0,1480300.0
909,2021-10-08 06:05:09,58000.0,600.0,1480100.0
910,2021-10-08 06:04:51,58000.0,400.0,1479500.0
911,2021-10-08 06:04:51,57900.0,200.0,1479100.0
912,2021-10-08 06:04:33,58000.0,600.0,1478900.0
913,2021-10-08 06:04:22,58000.0,300.0,1478300.0
914,2021-10-08 06:04:15,58000.0,600.0,1478000.0
915,2021-10-08 06:03:57,58000.0,100.0,1477400.0
916,2021-10-08 06:03:57,57900.0,500.0,1477300.0
917,2021-10-08 06:03:54,58000.0,100.0,1476800.0
918,2021-10-08 06:03:54,57700.0,100.0,1476700.0
919,2021-10-08 06:03:28,57700.0,100.0,1476600.0
920,2021-10-08 06:03:09,57700.0,200.0,1476500.0
921,2021-10-08 06:02:58,57700.0,600.0,1476300.0
922,2021-10-08 06:02:58,57700.0,400.0,1475700.0
923,2021-10-08 06:02:52,57700.0,100.0,1475300.0
924,2021-10-08 06:02:43,57700.0,1700.0,1475200.0
925,2021-10-08 06:02:42,57700.0,500.0,1473500.0
926,2021-10-08 06:02:41,57700.0,1000.0,1473000.0
927,2021-10-08 06:02:31,57700.0,200.0,1472000.0
928,2021-10-08 06:02:28,57700.0,100.0,1471800.0
929,2021-10-08 06:02:15,57700.0,1000.0,1471700.0
930,2021-10-08 06:02:11,57600.0,500.0,1470700.0
931,2021-10-08 06:02:11,57600.0,300.0,1470200.0
932,2021-10-08 06:02:08,57600.0,800.0,1469900.0
933,2021-10-08 06:02:03,57600.0,300.0,1469100.0
934,2021-10-08 06:01:55,57600.0,400.0,1468800.0
935,2021-10-08 06:01:55,57800.0,100.0,1468400.0
936,2021-10-08 06:01:50,58000.0,600.0,1468300.0
937,2021-10-08 06:01:47,58000.0,200.0,1467700.0
938,2021-10-08 06:01:43,58000.0,100.0,1467500.0
939,2021-10-08 06:01:43,58000.0,500.0,1467400.0
940,2021-10-08 06:01:43,58000.0,1000.0,1466900.0
941,2021-10-08 06:01:43,58100.0,3000.0,1465900.0
942,2021-10-08 06:01:32,58100.0,500.0,1462900.0
943,2021-10-08 06:01:32,58300.0,1300.0,1462400.0
944,2021-10-08 06:01:06,58500.0,1400.0,1461100.0
945,2021-10-08 06:00:55,58500.0,600.0,1459700.0
946,2021-10-08 06:00:49,58500.0,18200.0,1459100.0
947,2021-10-08 06:00:49,58700.0,600.0,1440900.0
948,2021-10-08 06:00:49,58700.0,100.0,1440300.0
949,2021-10-08 06:00:44,58700.0,100.0,1440200.0
950,2021-10-08 06:00:36,58700.0,200.0,1440100.0
951,2021-10-08 06:00:27,58800.0,1000.0,1439900.0
952,2021-10-08 06:00:23,58700.0,200.0,1438900.0
953,2021-10-08 06:00:18,58800.0,200.0,1438700.0
954,2021-10-08 06:00:15,58800.0,1900.0,1438500.0
955,2021-10-08 06:00:15,58800.0,500.0,1436600.0
956,2021-10-08 06:00:15,58800.0,300.0,1436100.0
957,2021-10-08 06:00:15,58800.0,500.0,1435800.0
958,2021-10-08 06:00:15,58800.0,300.0,1435300.0
959,2021-10-08 06:00:07,58500.0,500.0,1435000.0
960,2021-10-08 06:00:06,58800.0,100.0,1434500.0
961,2021-10-08 06:00:06,58500.0,1300.0,1434400.0
962,2021-10-08 06:00:06,58600.0,600.0,1433100.0
963,2021-10-08 06:00:06,58600.0,100.0,1432500.0
964,2021-10-08 06:00:03,58800.0,100.0,1432400.0
965,2021-10-08 06:00:03,58800.0,1000.0,1432300.0
966,2021-10-08 06:00:03,58800.0,100.0,1431300.0
967,2021-10-08 06:00:03,58800.0,8000.0,1431200.0
968,2021-10-08 06:00:03,58800.0,100.0,1423200.0
969,2021-10-08 06:00:03,58800.0,200.0,1423100.0
970,2021-10-08 06:00:03,58800.0,200.0,1422900.0
971,2021-10-08 06:00:03,58800.0,2000.0,1422700.0
972,2021-10-08 06:00:03,58800.0,300.0,1420700.0
973,2021-10-08 06:00:03,58800.0,500.0,1420400.0
974,2021-10-08 06:00:03,58800.0,100.0,1419900.0
975,2021-10-08 06:00:03,58800.0,2000.0,1419800.0
976,2021-10-08 06:00:03,58800.0,300.0,1417800.0
977,2021-10-08 06:00:03,58800.0,500.0,1417500.0
978,2021-10-08 06:00:03,58800.0,6600.0,1417000.0
979,2021-10-08 06:00:02,58800.0,400.0,1410400.0
980,2021-10-08 06:00:02,58800.0,2000.0,1410000.0
981,2021-10-08 06:00:01,58800.0,100.0,1408000.0
982,2021-10-08 06:00:01,58700.0,500.0,1407900.0
983,2021-10-08 06:00:00,58600.0,200.0,1407400.0
984,2021-10-08 06:00:00,58600.0,2000.0,1407200.0
985,2021-10-08 06:00:00,58800.0,900.0,1405200.0
986,2021-10-08 06:00:00,58800.0,500.0,1404300.0
987,2021-10-08 06:00:00,58800.0,1000.0,1403800.0
988,2021-10-08 06:00:00,58800.0,100.0,1402800.0
989,2021-10-08 06:00:00,58800.0,200.0,1402700.0
990,2021-10-08 06:00:00,58800.0,100.0,1402500.0
991,2021-10-08 06:00:00,58800.0,100.0,1402400.0
992,2021-10-08 06:00:00,58800.0,100.0,1402300.0
993,2021-10-08 06:00:00,58800.0,200.0,1402200.0
994,2021-10-08 06:00:00,58800.0,100.0,1402000.0
995,2021-10-08 06:00:00,58800.0,500.0,1401900.0
996,2021-10-08 06:00:00,58800.0,300.0,1401400.0
997,2021-10-08 04:29:56,58800.0,900.0,1401100.0
998,2021-10-08 04:29:54,58900.0,9100.0,1400200.0
999,2021-10-08 04:29:54,58900.0,10000.0,1391100.0
1000,2021-10-08 04:29:54,58800.0,100.0,1381100.0
1001,2021-10-08 04:29:54,58800.0,1000.0,1381000.0
1002,2021-10-08 04:29:54,58800.0,400.0,1380000.0
1003,2021-10-08 04:29:54,58800.0,100.0,1379600.0
1004,2021-10-08 04:29:54,58800.0,100.0,1379500.0
1005,2021-10-08 04:29:54,58800.0,500.0,1379400.0
1006,2021-10-08 04:29:54,58800.0,500.0,1378900.0
1007,2021-10-08 04:29:54,58800.0,100.0,1378400.0
1008,2021-10-08 04:29:54,58800.0,100.0,1378300.0
1009,2021-10-08 04:29:54,58800.0,7000.0,1378200.0
1010,2021-10-08 04:29:54,58700.0,400.0,1371200.0
1011,2021-10-08 04:29:53,58700.0,600.0,1370800.0
1012,2021-10-08 04:29:53,58700.0,200.0,1370200.0
1013,2021-10-08 04:29:53,58700.0,1000.0,1370000.0
1014,2021-10-08 04:29:53,58700.0,600.0,1369000.0
1015,2021-10-08 04:29:53,58700.0,2200.0,1368400.0
1016,2021-10-08 04:29:44,58700.0,200.0,1366200.0
1017,2021-10-08 04:29:42,58800.0,3000.0,1366000.0
1018,2021-10-08 04:29:36,58700.0,500.0,1363000.0
1019,2021-10-08 04:29:36,58800.0,4000.0,1362500.0
1020,2021-10-08 04:29:29,58700.0,200.0,1358500.0
1021,2021-10-08 04:29:29,58700.0,1800.0,1358300.0
1022,2021-10-08 04:29:27,58800.0,5000.0,1356500.0
1023,2021-10-08 04:29:16,58800.0,600.0,1351500.0
1024,2021-10-08 04:29:16,58800.0,5300.0,1350900.0
1025,2021-10-08 04:29:16,58800.0,100.0,1345600.0
1026,2021-10-08 04:29:14,58800.0,100.0,1345500.0
1027,2021-10-08 04:29:13,58800.0,100.0,1345400.0
1028,2021-10-08 04:29:13,58800.0,400.0,1345300.0
1029,2021-10-08 04:29:12,58800.0,100.0,1344900.0
1030,2021-10-08 04:29:12,58800.0,300.0,1344800.0
1031,2021-10-08 04:29:12,58800.0,500.0,1344500.0
1032,2021-10-08 04:29:12,58800.0,100.0,1344000.0
1033,2021-10-08 04:29:07,58700.0,1200.0,1343900.0
1034,2021-10-08 04:29:07,58700.0,200.0,1342700.0
1035,2021-10-08 04:29:05,58700.0,500.0,1342500.0
1036,2021-10-08 04:29:05,58700.0,6300.0,1342000.0
1037,2021-10-08 04:29:05,58700.0,8000.0,1335700.0
1038,2021-10-08 04:29:03,58600.0,500.0,1327700.0
1039,2021-10-08 04:29:00,58700.0,500.0,1327200.0
1040,2021-10-08 04:28:56,58700.0,5000.0,1326700.0
1041,2021-10-08 04:28:55,58600.0,100.0,1321700.0
1042,2021-10-08 04:28:51,58700.0,200.0,1321600.0
1043,2021-10-08 04:28:48,58600.0,2300.0,1321400.0
1044,2021-10-08 04:28:47,58600.0,1100.0,1319100.0
1045,2021-10-08 04:28:45,58600.0,9200.0,1318000.0
1046,2021-10-08 04:28:43,58600.0,300.0,1308800.0
1047,2021-10-08 04:28:43,58600.0,4900.0,1308500.0
1048,2021-10-08 04:28:43,58600.0,20000.0,1303600.0
1049,2021-10-08 04:28:39,58600.0,300.0,1283600.0
1050,2021-10-08 04:28:35,58600.0,10000.0,1283300.0
1051,2021-10-08 04:28:32,58600.0,1900.0,1273300.0
1052,2021-10-08 04:28:32,58600.0,100.0,1271400.0
1053,2021-10-08 04:28:30,58600.0,500.0,1271300.0
1054,2021-10-08 04:28:30,58600.0,500.0,1270800.0
1055,2021-10-08 04:28:26,58500.0,100.0,1270300.0
1056,2021-10-08 04:28:25,58500.0,1000.0,1270200.0
1057,2021-10-08 04:28:25,58500.0,200.0,1269200.0
1058,2021-10-08 04:28:25,58500.0,300.0,1269000.0
1059,2021-10-08 04:28:25,58500.0,100.0,1268700.0
1060,2021-10-08 04:28:25,58500.0,2000.0,1268600.0
1061,2021-10-08 04:28:25,58500.0,300.0,1266600.0
1062,2021-10-08 04:28:25,58500.0,23000.0,1266300.0
1063,2021-10-08 04:28:25,58500.0,100.0,1243300.0
1064,2021-10-08 04:28:25,58500.0,100.0,1243200.0
1065,2021-10-08 04:28:25,58500.0,500.0,1243100.0
1066,2021-10-08 04:28:22,58300.0,2000.0,1242600.0
1067,2021-10-08 04:28:21,58400.0,12500.0,1240600.0
1068,2021-10-08 04:28:02,58100.0,1200.0,1228100.0
1069,2021-10-08 04:27:57,58000.0,300.0,1226900.0
1070,2021-10-08 04:27:55,58000.0,3000.0,1226600.0
1071,2021-10-08 04:27:55,58000.0,1000.0,1223600.0
1072,2021-10-08 04:27:55,58000.0,500.0,1222600.0
1073,2021-10-08 04:27:55,58000.0,1500.0,1222100.0
1074,2021-10-08 04:27:55,58000.0,500.0,1220600.0
1075,2021-10-08 04:27:55,58000.0,5000.0,1220100.0
1076,2021-10-08 04:27:55,58000.0,1000.0,1215100.0
1077,2021-10-08 04:27:55,58000.0,100.0,1214100.0
1078,2021-10-08 04:27:55,58000.0,400.0,1214000.0
1079,2021-10-08 04:27:55,58000.0,100.0,1213600.0
1080,2021-10-08 04:27:55,58000.0,500.0,1213500.0
1081,2021-10-08 04:27:55,58000.0,10000.0,1213000.0
1082,2021-10-08 04:27:55,58000.0,700.0,1203000.0
1083,2021-10-08 04:27:54,58000.0,1300.0,1202300.0
1084,2021-10-08 04:27:54,58000.0,200.0,1201000.0
1085,2021-10-08 04:27:54,58000.0,100.0,1200800.0
1086,2021-10-08 04:27:54,58000.0,300.0,1200700.0
1087,2021-10-08 04:27:54,58000.0,3000.0,1200400.0
1088,2021-10-08 04:27:54,58000.0,100.0,1197400.0
1089,2021-10-08 04:27:54,58000.0,1000.0,1197300.0
1090,2021-10-08 04:27:54,58000.0,100.0,1196300.0
1091,2021-10-08 04:27:54,58000.0,300.0,1196200.0
1092,2021-10-08 04:27:54,58000.0,100.0,1195900.0
1093,2021-10-08 04:27:54,58000.0,1000.0,1195800.0
1094,2021-10-08 04:27:54,58000.0,1000.0,1194800.0
1095,2021-10-08 04:27:54,58000.0,300.0,1193800.0
1096,2021-10-08 04:27:54,58000.0,1200.0,1193500.0
1097,2021-10-08 04:27:51,58000.0,2800.0,1192300.0
1098,2021-10-08 04:27:51,58000.0,600.0,1189500.0
1099,2021-10-08 04:27:51,58000.0,200.0,1188900.0
1100,2021-10-08 04:27:51,58000.0,200.0,1188700.0
1101,2021-10-08 04:27:51,58000.0,100.0,1188500.0
1102,2021-10-08 04:27:51,58000.0,200.0,1188400.0
1103,2021-10-08 04:27:51,58000.0,700.0,1188200.0
1104,2021-10-08 04:27:51,58000.0,200.0,1187500.0
1105,2021-10-08 04:27:50,58000.0,3000.0,1187300.0
1106,2021-10-08 04:27:50,58000.0,200.0,1184300.0
1107,2021-10-08 04:27:50,58000.0,2000.0,1184100.0
1108,2021-10-08 04:27:50,58000.0,100.0,1182100.0
1109,2021-10-08 04:27:50,58000.0,400.0,1182000.0
1110,2021-10-08 04:27:50,58000.0,600.0,1181600.0
1111,2021-10-08 04:27:50,58000.0,100.0,1181000.0
1112,2021-10-08 04:27:50,58000.0,100.0,1180900.0
1113,2021-10-08 04:27:50,58000.0,100.0,1180800.0
1114,2021-10-08 04:27:50,58000.0,200.0,1180700.0
1115,2021-10-08 04:27:50,58000.0,100.0,1180500.0
1116,2021-10-08 04:27:50,58000.0,100.0,1180400.0
1117,2021-10-08 04:27:39,57900.0,600.0,1180300.0
1118,2021-10-08 04:27:39,57900.0,5300.0,1179700.0
1119,2021-10-08 04:27:39,57900.0,4700.0,1174400.0
1120,2021-10-08 04:27:36,57900.0,6100.0,1169700.0
1121,2021-10-08 04:27:36,57900.0,1000.0,1163600.0
1122,2021-10-08 04:27:36,57900.0,1000.0,1162600.0
1123,2021-10-08 04:27:36,57900.0,1000.0,1161600.0
1124,2021-10-08 04:27:36,57900.0,10000.0,1160600.0
1125,2021-10-08 04:27:36,57900.0,5000.0,1150600.0
1126,2021-10-08 04:27:36,57900.0,900.0,1145600.0
1127,2021-10-08 04:27:19,57900.0,100.0,1144700.0
1128,2021-10-08 04:27:19,57800.0,100.0,1144600.0
1129,2021-10-08 04:27:19,57800.0,100.0,1144500.0
1130,2021-10-08 04:27:19,57800.0,300.0,1144400.0
1131,2021-10-08 04:27:19,57800.0,3900.0,1144100.0
1132,2021-10-08 04:27:19,57800.0,500.0,1140200.0
1133,2021-10-08 04:27:19,57800.0,5000.0,1139700.0
1134,2021-10-08 04:27:18,57700.0,500.0,1134700.0
1135,2021-10-08 04:27:18,57700.0,700.0,1134200.0
1136,2021-10-08 04:27:18,57700.0,200.0,1133500.0
1137,2021-10-08 04:27:18,57700.0,100.0,1133300.0
1138,2021-10-08 04:27:18,57700.0,100.0,1133200.0
1139,2021-10-08 04:27:15,57700.0,100.0,1133100.0
1140,2021-10-08 04:27:15,57700.0,100.0,1133000.0
1141,2021-10-08 04:27:12,57600.0,500.0,1132900.0
1142,2021-10-08 04:26:57,57600.0,3900.0,1132400.0
1143,2021-10-08 04:26:53,57600.0,400.0,1128500.0
1144,2021-10-08 04:26:51,57600.0,600.0,1128100.0
1145,2021-10-08 04:26:51,57600.0,5100.0,1127500.0
1146,2021-10-08 04:26:42,57600.0,3000.0,1122400.0
1147,2021-10-08 04:26:38,57600.0,1000.0,1119400.0
1148,2021-10-08 04:26:38,57600.0,700.0,1118400.0
1149,2021-10-08 04:26:38,57600.0,200.0,1117700.0
1150,2021-10-08 04:26:37,57600.0,800.0,1117500.0
1151,2021-10-08 04:26:37,57600.0,100.0,1116700.0
1152,2021-10-08 04:26:37,57600.0,400.0,1116600.0
1153,2021-10-08 04:26:37,57600.0,500.0,1116200.0
1154,2021-10-08 04:26:37,57600.0,600.0,1115700.0
1155,2021-10-08 04:26:37,57600.0,400.0,1115100.0
1156,2021-10-08 04:26:37,57600.0,200.0,1114700.0
1157,2021-10-08 04:26:34,57500.0,100.0,1114500.0
1158,2021-10-08 04:26:29,57500.0,200.0,1114400.0
1159,2021-10-08 04:26:29,57500.0,500.0,1114200.0
1160,2021-10-08 04:26:19,57500.0,1500.0,1113700.0
1161,2021-10-08 04:26:16,57500.0,1000.0,1112200.0
1162,2021-10-08 04:26:16,57500.0,2500.0,1111200.0
1163,2021-10-08 04:26:11,57500.0,600.0,1108700.0
1164,2021-10-08 04:26:11,57500.0,200.0,1108100.0
1165,2021-10-08 04:26:07,57500.0,2000.0,1107900.0
1166,2021-10-08 04:25:53,57500.0,600.0,1105900.0
1167,2021-10-08 04:25:53,57500.0,4100.0,1105300.0
1168,2021-10-08 04:25:43,57500.0,900.0,1101200.0
1169,2021-10-08 04:25:40,57500.0,200.0,1100300.0
1170,2021-10-08 04:25:40,57500.0,100.0,1100100.0
1171,2021-10-08 04:25:40,57500.0,1100.0,1100000.0
1172,2021-10-08 04:25:35,57500.0,600.0,1098900.0
1173,2021-10-08 04:25:30,57500.0,2200.0,1098300.0
1174,2021-10-08 04:25:25,57500.0,300.0,1096100.0
1175,2021-10-08 04:25:17,57500.0,600.0,1095800.0
1176,2021-10-08 04:25:17,57500.0,900.0,1095200.0
1177,2021-10-08 04:25:17,57500.0,600.0,1094300.0
1178,2021-10-08 04:25:17,57500.0,500.0,1093700.0
1179,2021-10-08 04:25:17,57500.0,500.0,1093200.0
1180,2021-10-08 04:25:17,57500.0,2700.0,1092700.0
1181,2021-10-08 04:25:12,57500.0,3400.0,1090000.0
1182,2021-10-08 04:25:06,57500.0,400.0,1086600.0
1183,2021-10-08 04:24:56,57500.0,500.0,1086200.0
1184,2021-10-08 04:24:48,57500.0,300.0,1085700.0
1185,2021-10-08 04:24:48,57500.0,200.0,1085400.0
1186,2021-10-08 04:24:48,57500.0,500.0,1085200.0
1187,2021-10-08 04:24:48,57500.0,2000.0,1084700.0
1188,2021-10-08 04:24:48,57500.0,1000.0,1082700.0
1189,2021-10-08 04:24:39,57500.0,600.0,1081700.0
1190,2021-10-08 04:24:33,57500.0,1000.0,1081100.0
1191,2021-10-08 04:24:29,57500.0,400.0,1080100.0
1192,2021-10-08 04:24:29,57500.0,500.0,1079700.0
1193,2021-10-08 04:24:29,57500.0,100.0,1079200.0
1194,2021-10-08 04:24:29,57500.0,100.0,1079100.0
1195,2021-10-08 04:24:29,57500.0,100.0,1079000.0
1196,2021-10-08 04:24:29,57500.0,1500.0,1078900.0
1197,2021-10-08 04:24:29,57500.0,2100.0,1077400.0
1198,2021-10-08 04:24:25,57300.0,400.0,1075300.0
1199,2021-10-08 04:24:25,57300.0,1000.0,1074900.0
1200,2021-10-08 04:24:25,57300.0,100.0,1073900.0
1201,2021-10-08 04:24:25,57400.0,500.0,1073800.0
1202,2021-10-08 04:24:20,57500.0,600.0,1073300.0
1203,2021-10-08 04:24:19,57500.0,2300.0,1072700.0
1204,2021-10-08 04:24:19,57500.0,1000.0,1070400.0
1205,2021-10-08 04:24:19,57500.0,500.0,1069400.0
1206,2021-10-08 04:24:19,57500.0,100.0,1068900.0
1207,2021-10-08 04:24:19,57500.0,100.0,1068800.0
1208,2021-10-08 04:24:19,57500.0,100.0,1068700.0
1209,2021-10-08 04:24:19,57500.0,100.0,1068600.0
1210,2021-10-08 04:24:19,57500.0,900.0,1068500.0
1211,2021-10-08 04:24:15,57400.0,200.0,1067600.0
1212,2021-10-08 04:24:04,57300.0,200.0,1067400.0
1213,2021-10-08 04:23:36,57300.0,300.0,1067200.0
1214,2021-10-08 04:23:35,57500.0,1100.0,1066900.0
1215,2021-10-08 04:23:35,57500.0,1000.0,1065800.0
1216,2021-10-08 04:23:35,57500.0,100.0,1064800.0
1217,2021-10-08 04:23:35,57500.0,100.0,1064700.0
1218,2021-10-08 04:23:35,57500.0,1000.0,1064600.0
1219,2021-10-08 04:23:35,57500.0,200.0,1063600.0
1220,2021-10-08 04:23:35,57500.0,2500.0,1063400.0
1221,2021-10-08 04:23:35,57500.0,100.0,1060900.0
1222,2021-10-08 04:23:35,57500.0,700.0,1060800.0
1223,2021-10-08 04:23:35,57500.0,200.0,1060100.0
1224,2021-10-08 04:23:35,57500.0,500.0,1059900.0
1225,2021-10-08 04:23:35,57500.0,1000.0,1059400.0
1226,2021-10-08 04:23:35,57500.0,200.0,1058400.0
1227,2021-10-08 04:23:35,57500.0,1000.0,1058200.0
1228,2021-10-08 04:23:35,57500.0,500.0,1057200.0
1229,2021-10-08 04:23:35,57500.0,5000.0,1056700.0
1230,2021-10-08 04:23:35,57500.0,400.0,1051700.0
1231,2021-10-08 04:23:35,57500.0,500.0,1051300.0
1232,2021-10-08 04:23:35,57500.0,6000.0,1050800.0
1233,2021-10-08 04:23:35,57500.0,1000.0,1044800.0
1234,2021-10-08 04:23:35,57500.0,800.0,1043800.0
1235,2021-10-08 04:23:35,57500.0,10000.0,1043000.0
1236,2021-10-08 04:23:35,57500.0,700.0,1033000.0
1237,2021-10-08 04:23:35,57500.0,1000.0,1032300.0
1238,2021-10-08 04:23:35,57500.0,100.0,1031300.0
1239,2021-10-08 04:23:35,57500.0,2000.0,1031200.0
1240,2021-10-08 04:23:35,57500.0,100.0,1029200.0
1241,2021-10-08 04:23:35,57500.0,100.0,1029100.0
1242,2021-10-08 04:23:35,57500.0,200.0,1029000.0
1243,2021-10-08 04:23:35,57500.0,100.0,1028800.0
1244,2021-10-08 04:23:35,57400.0,100.0,1028700.0
1245,2021-10-08 04:23:35,57400.0,3000.0,1028600.0
1246,2021-10-08 04:23:35,57400.0,200.0,1025600.0
1247,2021-10-08 04:23:35,57400.0,100.0,1025400.0
1248,2021-10-08 04:23:35,57400.0,100.0,1025300.0
1249,2021-10-08 04:23:35,57400.0,1000.0,1025200.0
1250,2021-10-08 04:23:35,57400.0,12200.0,1024200.0
1251,2021-10-08 04:23:35,57400.0,1000.0,1012000.0
1252,2021-10-08 04:23:35,57400.0,100.0,1011000.0
1253,2021-10-08 04:23:21,57300.0,400.0,1010900.0
1254,2021-10-08 04:23:21,57300.0,500.0,1010500.0
1255,2021-10-08 04:23:21,57300.0,100.0,1010000.0
1256,2021-10-08 04:23:21,57300.0,100.0,1009900.0
1257,2021-10-08 04:23:21,57300.0,100.0,1009800.0
1258,2021-10-08 04:23:21,57300.0,100.0,1009700.0
1259,2021-10-08 04:23:21,57300.0,300.0,1009600.0
1260,2021-10-08 04:23:21,57300.0,2800.0,1009300.0
1261,2021-10-08 04:23:18,57300.0,200.0,1006500.0
1262,2021-10-08 04:23:18,57300.0,1000.0,1006300.0
1263,2021-10-08 04:23:18,57300.0,1800.0,1005300.0
1264,2021-10-08 04:23:18,57200.0,1000.0,1003500.0
1265,2021-10-08 04:23:15,57200.0,300.0,1002500.0
1266,2021-10-08 04:23:12,57200.0,5000.0,1002200.0
1267,2021-10-08 04:23:10,57200.0,100.0,997200.0
1268,2021-10-08 04:23:08,57200.0,600.0,997100.0
1269,2021-10-08 04:23:08,57200.0,3400.0,996500.0
1270,2021-10-08 04:22:54,57200.0,300.0,993100.0
1271,2021-10-08 04:22:54,57200.0,1500.0,992800.0
1272,2021-10-08 04:22:54,57200.0,5000.0,991300.0
1273,2021-10-08 04:22:54,57200.0,300.0,986300.0
1274,2021-10-08 04:22:54,57200.0,100.0,986000.0
1275,2021-10-08 04:22:54,57200.0,700.0,985900.0
1276,2021-10-08 04:22:54,57200.0,500.0,985200.0
1277,2021-10-08 04:22:54,57200.0,2000.0,984700.0
1278,2021-10-08 04:22:54,57200.0,500.0,982700.0
1279,2021-10-08 04:22:54,57200.0,700.0,982200.0
1280,2021-10-08 04:22:40,57100.0,500.0,981500.0
1281,2021-10-08 04:22:39,57100.0,100.0,981000.0
1282,2021-10-08 04:22:32,57100.0,100.0,980900.0
1283,2021-10-08 04:22:13,57100.0,400.0,980800.0
1284,2021-10-08 04:22:10,57100.0,200.0,980400.0
1285,2021-10-08 04:22:06,57100.0,1000.0,980200.0
1286,2021-10-08 04:21:46,57100.0,900.0,979200.0
1287,2021-10-08 04:21:46,57100.0,100.0,978300.0
1288,2021-10-08 04:21:34,57200.0,600.0,978200.0
1289,2021-10-08 04:21:16,57200.0,2000.0,977600.0
1290,2021-10-08 04:21:15,57200.0,600.0,975600.0
1291,2021-10-08 04:21:13,57200.0,1000.0,975000.0
1292,2021-10-08 04:21:11,57200.0,200.0,974000.0
1293,2021-10-08 04:21:04,57200.0,500.0,973800.0
1294,2021-10-08 04:21:00,57200.0,200.0,973300.0
1295,2021-10-08 04:20:59,57200.0,2000.0,973100.0
1296,2021-10-08 04:20:59,57200.0,600.0,971100.0
1297,2021-10-08 04:20:59,57200.0,300.0,970500.0
1298,2021-10-08 04:20:59,57200.0,600.0,970200.0
1299,2021-10-08 04:20:59,57200.0,100.0,969600.0
1300,2021-10-08 04:20:59,57200.0,600.0,969500.0
1301,2021-10-08 04:20:57,57300.0,600.0,968900.0
1302,2021-10-08 04:20:46,57300.0,300.0,968300.0
1303,2021-10-08 04:20:45,57300.0,1500.0,968000.0
1304,2021-10-08 04:20:39,57300.0,600.0,966500.0
1305,2021-10-08 04:20:35,57300.0,200.0,965900.0
1306,2021-10-08 04:19:41,57200.0,500.0,965700.0
1307,2021-10-08 04:19:41,57200.0,500.0,965200.0
1308,2021-10-08 04:19:31,57200.0,1500.0,964700.0
1309,2021-10-08 04:19:31,57100.0,1000.0,963200.0
1310,2021-10-08 04:19:24,57200.0,600.0,962200.0
1311,2021-10-08 04:19:06,57200.0,400.0,961600.0
1312,2021-10-08 04:19:06,57200.0,200.0,961200.0
1313,2021-10-08 04:19:02,57200.0,300.0,961000.0
1314,2021-10-08 04:19:02,57200.0,100.0,960700.0
1315,2021-10-08 04:19:02,57200.0,300.0,960600.0
1316,2021-10-08 04:19:02,57200.0,2000.0,960300.0
1317,2021-10-08 04:19:02,57200.0,100.0,958300.0
1318,2021-10-08 04:19:02,57200.0,100.0,958200.0
1319,2021-10-08 04:19:02,57000.0,100.0,958100.0
1320,2021-10-08 04:18:53,57000.0,4000.0,958000.0
1321,2021-10-08 04:18:53,57000.0,1000.0,954000.0
1322,2021-10-08 04:18:53,57000.0,600.0,953000.0
1323,2021-10-08 04:18:53,57000.0,1000.0,952400.0
1324,2021-10-08 04:18:53,57000.0,400.0,951400.0
1325,2021-10-08 04:18:53,57000.0,5000.0,951000.0
1326,2021-10-08 04:18:53,57000.0,1700.0,946000.0
1327,2021-10-08 04:18:53,57000.0,500.0,944300.0
1328,2021-10-08 04:18:53,57100.0,600.0,943800.0
1329,2021-10-08 04:18:53,57100.0,5000.0,943200.0
1330,2021-10-08 04:18:53,57100.0,100.0,938200.0
1331,2021-10-08 04:18:43,57100.0,200.0,938100.0
1332,2021-10-08 04:18:43,57100.0,400.0,937900.0
1333,2021-10-08 04:18:43,57100.0,4600.0,937500.0
1334,2021-10-08 04:18:43,57100.0,600.0,932900.0
1335,2021-10-08 04:18:41,57100.0,400.0,932300.0
1336,2021-10-08 04:18:41,57100.0,5100.0,931900.0
1337,2021-10-08 04:18:30,57100.0,600.0,926800.0
1338,2021-10-08 04:18:23,57100.0,500.0,926200.0
1339,2021-10-08 04:17:55,57000.0,1500.0,925700.0
1340,2021-10-08 04:17:53,57100.0,500.0,924200.0
1341,2021-10-08 04:17:53,57100.0,100.0,923700.0
1342,2021-10-08 04:17:45,57100.0,100.0,923600.0
1343,2021-10-08 04:17:44,57000.0,100.0,923500.0
1344,2021-10-08 04:17:44,57000.0,2900.0,923400.0
1345,2021-10-08 04:17:38,57000.0,100.0,920500.0
1346,2021-10-08 04:17:38,57000.0,4900.0,920400.0
1347,2021-10-08 04:17:33,57000.0,100.0,915500.0
1348,2021-10-08 04:17:33,57000.0,500.0,915400.0
1349,2021-10-08 04:17:23,57000.0,600.0,914900.0
1350,2021-10-08 04:17:23,57000.0,600.0,914300.0
1351,2021-10-08 04:17:23,57000.0,800.0,913700.0
1352,2021-10-08 04:17:21,57000.0,100.0,912900.0
1353,2021-10-08 04:17:18,57000.0,100.0,912800.0
1354,2021-10-08 04:17:11,57000.0,200.0,912700.0
1355,2021-10-08 04:16:56,57000.0,200.0,912500.0
1356,2021-10-08 04:16:50,57000.0,400.0,912300.0
1357,2021-10-08 04:16:50,57000.0,600.0,911900.0
1358,2021-10-08 04:16:50,57000.0,2000.0,911300.0
1359,2021-10-08 04:16:37,57000.0,1000.0,909300.0
1360,2021-10-08 04:16:36,57000.0,100.0,908300.0
1361,2021-10-08 04:16:36,57000.0,1000.0,908200.0
1362,2021-10-08 04:16:36,57000.0,400.0,907200.0
1363,2021-10-08 04:16:20,57000.0,600.0,906800.0
1364,2021-10-08 04:16:18,57000.0,1000.0,906200.0
1365,2021-10-08 04:16:18,57000.0,100.0,905200.0
1366,2021-10-08 04:16:18,57000.0,100.0,905100.0
1367,2021-10-08 04:16:18,57000.0,1000.0,905000.0
1368,2021-10-08 04:16:18,57000.0,100.0,904000.0
1369,2021-10-08 04:16:18,57000.0,600.0,903900.0
1370,2021-10-08 04:16:18,57000.0,500.0,903300.0
1371,2021-10-08 04:16:18,57000.0,1600.0,902800.0
1372,2021-10-08 04:16:00,56800.0,800.0,901200.0
1373,2021-10-08 04:15:59,57000.0,4400.0,900400.0
1374,2021-10-08 04:15:59,57000.0,500.0,896000.0
1375,2021-10-08 04:15:59,57000.0,100.0,895500.0
1376,2021-10-08 04:15:43,57000.0,100.0,895400.0
1377,2021-10-08 04:15:43,57000.0,500.0,895300.0
1378,2021-10-08 04:15:40,57000.0,400.0,894800.0
1379,2021-10-08 04:15:29,56800.0,1000.0,894400.0
1380,2021-10-08 04:15:29,56800.0,600.0,893400.0
1381,2021-10-08 04:15:29,56800.0,400.0,892800.0
1382,2021-10-08 04:15:25,57000.0,100.0,892400.0
1383,2021-10-08 04:15:25,57000.0,500.0,892300.0
1384,2021-10-08 04:15:15,57000.0,500.0,891800.0
1385,2021-10-08 04:15:15,57000.0,200.0,891300.0
1386,2021-10-08 04:15:15,57000.0,100.0,891100.0
1387,2021-10-08 04:15:15,57000.0,1000.0,891000.0
1388,2021-10-08 04:15:15,57000.0,200.0,890000.0
1389,2021-10-08 04:15:15,57000.0,500.0,889800.0
1390,2021-10-08 04:15:15,57000.0,2000.0,889300.0
1391,2021-10-08 04:15:15,57000.0,1000.0,887300.0
1392,2021-10-08 04:15:15,57000.0,200.0,886300.0
1393,2021-10-08 04:15:15,57000.0,100.0,886100.0
1394,2021-10-08 04:15:15,57000.0,500.0,886000.0
1395,2021-10-08 04:15:15,57000.0,1500.0,885500.0
1396,2021-10-08 04:15:15,57000.0,100.0,884000.0
1397,2021-10-08 04:15:15,57000.0,100.0,883900.0
1398,2021-10-08 04:15:15,57000.0,400.0,883800.0
1399,2021-10-08 04:15:15,57000.0,100.0,883400.0
1400,2021-10-08 04:15:15,57000.0,500.0,883300.0
1401,2021-10-08 04:15:15,57000.0,200.0,882800.0
1402,2021-10-08 04:15:15,57000.0,100.0,882600.0
1403,2021-10-08 04:15:15,57000.0,2000.0,882500.0
1404,2021-10-08 04:15:15,57000.0,1000.0,880500.0
1405,2021-10-08 04:15:15,57000.0,8000.0,879500.0
1406,2021-10-08 04:15:15,57000.0,900.0,871500.0
1407,2021-10-08 04:15:15,57000.0,500.0,870600.0
1408,2021-10-08 04:15:15,57000.0,1400.0,870100.0
1409,2021-10-08 04:15:15,57000.0,1000.0,868700.0
1410,2021-10-08 04:15:15,57000.0,100.0,867700.0
1411,2021-10-08 04:15:15,57000.0,500.0,867600.0
1412,2021-10-08 04:15:15,57000.0,1000.0,867100.0
1413,2021-10-08 04:15:15,57000.0,1000.0,866100.0
1414,2021-10-08 04:15:15,57000.0,100.0,865100.0
1415,2021-10-08 04:15:15,57000.0,200.0,865000.0
1416,2021-10-08 04:15:15,57000.0,10000.0,864800.0
1417,2021-10-08 04:15:15,57000.0,100.0,854800.0
1418,2021-10-08 04:15:15,57000.0,500.0,854700.0
1419,2021-10-08 04:15:15,57000.0,1000.0,854200.0
1420,2021-10-08 04:15:15,57000.0,500.0,853200.0
1421,2021-10-08 04:15:15,57000.0,2200.0,852700.0
1422,2021-10-08 04:15:15,57000.0,400.0,850500.0
1423,2021-10-08 04:15:15,57000.0,500.0,850100.0
1424,2021-10-08 04:15:15,57000.0,500.0,849600.0
1425,2021-10-08 04:15:15,57000.0,3000.0,849100.0
1426,2021-10-08 04:15:15,57000.0,1700.0,846100.0
1427,2021-10-08 04:15:15,57000.0,100.0,844400.0
1428,2021-10-08 04:15:15,57000.0,1000.0,844300.0
1429,2021-10-08 04:15:15,57000.0,100.0,843300.0
1430,2021-10-08 04:15:15,57000.0,100.0,843200.0
1431,2021-10-08 04:15:15,57000.0,300.0,843100.0
1432,2021-10-08 04:15:15,57000.0,500.0,842800.0
1433,2021-10-08 04:15:15,57000.0,100.0,842300.0
1434,2021-10-08 04:15:15,57000.0,500.0,842200.0
1435,2021-10-08 04:15:15,57000.0,500.0,841700.0
1436,2021-10-08 04:15:15,57000.0,100.0,841200.0
1437,2021-10-08 04:15:15,57000.0,100.0,841100.0
1438,2021-10-08 04:15:15,57000.0,2000.0,841000.0
1439,2021-10-08 04:15:15,57000.0,200.0,839000.0
1440,2021-10-08 04:15:15,57000.0,500.0,838800.0
1441,2021-10-08 04:15:15,57000.0,200.0,838300.0
1442,2021-10-08 04:15:15,57000.0,500.0,838100.0
1443,2021-10-08 04:15:15,57000.0,100.0,837600.0
1444,2021-10-08 04:15:15,57000.0,300.0,837500.0
1445,2021-10-08 04:15:15,57000.0,200.0,837200.0
1446,2021-10-08 04:15:15,57000.0,1000.0,837000.0
1447,2021-10-08 04:15:15,57000.0,2000.0,836000.0
1448,2021-10-08 04:15:15,57000.0,200.0,834000.0
1449,2021-10-08 04:15:15,57000.0,500.0,833800.0
1450,2021-10-08 04:15:15,57000.0,2000.0,833300.0
1451,2021-10-08 04:15:15,57000.0,500.0,831300.0
1452,2021-10-08 04:15:15,57000.0,1000.0,830800.0
1453,2021-10-08 04:15:15,57000.0,100.0,829800.0
1454,2021-10-08 04:15:15,57000.0,100.0,829700.0
1455,2021-10-08 04:15:15,57000.0,1000.0,829600.0
1456,2021-10-08 04:15:15,57000.0,1000.0,828600.0
1457,2021-10-08 04:15:15,57000.0,400.0,827600.0
1458,2021-10-08 04:15:15,57000.0,100.0,827200.0
1459,2021-10-08 04:15:15,57000.0,100.0,827100.0
1460,2021-10-08 04:15:15,57000.0,500.0,827000.0
1461,2021-10-08 04:15:15,57000.0,200.0,826500.0
1462,2021-10-08 04:15:15,57000.0,100.0,826300.0
1463,2021-10-08 04:15:15,56900.0,500.0,826200.0
1464,2021-10-08 04:15:15,56900.0,400.0,825700.0
1465,2021-10-08 04:15:15,56900.0,1000.0,825300.0
1466,2021-10-08 04:15:15,56900.0,500.0,824300.0
1467,2021-10-08 04:15:15,56900.0,1000.0,823800.0
1468,2021-10-08 04:15:15,56900.0,600.0,822800.0
1469,2021-10-08 04:15:15,56900.0,1000.0,822200.0
1470,2021-10-08 04:15:15,56900.0,300.0,821200.0
1471,2021-10-08 04:15:15,56900.0,500.0,820900.0
1472,2021-10-08 04:15:15,56900.0,10000.0,820400.0
1473,2021-10-08 04:15:15,56900.0,5000.0,810400.0
1474,2021-10-08 04:15:15,56900.0,100.0,805400.0
1475,2021-10-08 04:15:15,56900.0,100.0,805300.0
1476,2021-10-08 04:15:15,56900.0,3400.0,805200.0
1477,2021-10-08 04:15:14,56800.0,200.0,801800.0
1478,2021-10-08 04:15:14,56800.0,300.0,801600.0
1479,2021-10-08 04:15:12,56800.0,100.0,801300.0
1480,2021-10-08 04:14:45,56800.0,200.0,801200.0
1481,2021-10-08 04:14:45,56800.0,600.0,801000.0
1482,2021-10-08 04:14:45,56800.0,200.0,800400.0
1483,2021-10-08 04:14:19,56800.0,300.0,800200.0
1484,2021-10-08 04:14:10,56800.0,100.0,799900.0
1485,2021-10-08 04:14:09,56800.0,200.0,799800.0
1486,2021-10-08 04:13:55,56800.0,200.0,799600.0
1487,2021-10-08 04:13:51,56800.0,200.0,799400.0
1488,2021-10-08 04:13:48,56800.0,600.0,799200.0
1489,2021-10-08 04:13:39,56800.0,1500.0,798600.0
1490,2021-10-08 04:13:34,56800.0,1500.0,797100.0
1491,2021-10-08 04:13:34,56800.0,500.0,795600.0
1492,2021-10-08 04:13:33,56900.0,100.0,795100.0
1493,2021-10-08 04:13:27,56800.0,100.0,795000.0
1494,2021-10-08 04:13:27,56800.0,600.0,794900.0
1495,2021-10-08 04:13:27,56800.0,300.0,794300.0
1496,2021-10-08 04:13:25,56800.0,100.0,794000.0
1497,2021-10-08 04:13:20,56800.0,400.0,793900.0
1498,2021-10-08 04:13:20,56800.0,1900.0,793500.0
1499,2021-10-08 04:13:08,56800.0,1000.0,791600.0
1500,2021-10-08 04:13:08,56800.0,100.0,790600.0
1501,2021-10-08 04:12:55,56800.0,1000.0,790500.0
1502,2021-10-08 04:12:53,56800.0,1000.0,789500.0
1503,2021-10-08 04:12:53,56800.0,600.0,788500.0
1504,2021-10-08 04:12:53,56800.0,600.0,787900.0
1505,2021-10-08 04:12:53,56800.0,300.0,787300.0
1506,2021-10-08 04:12:43,56800.0,1000.0,787000.0
1507,2021-10-08 04:12:30,56800.0,300.0,786000.0
1508,2021-10-08 04:12:20,56800.0,700.0,785700.0
1509,2021-10-08 04:12:20,56800.0,300.0,785000.0
1510,2021-10-08 04:12:07,56800.0,300.0,784700.0
1511,2021-10-08 04:12:07,56800.0,600.0,784400.0
1512,2021-10-08 04:12:07,56800.0,100.0,783800.0
1513,2021-10-08 04:12:00,56900.0,600.0,783700.0
1514,2021-10-08 04:12:00,56900.0,800.0,783100.0
1515,2021-10-08 04:11:56,56800.0,200.0,782300.0
1516,2021-10-08 04:11:49,56800.0,300.0,782100.0
1517,2021-10-08 04:11:49,56800.0,600.0,781800.0
1518,2021-10-08 04:11:49,56800.0,100.0,781200.0
1519,2021-10-08 04:11:32,56800.0,1000.0,781100.0
1520,2021-10-08 04:11:18,56800.0,300.0,780100.0
1521,2021-10-08 04:11:17,56900.0,100.0,779800.0
1522,2021-10-08 04:11:17,56900.0,500.0,779700.0
1523,2021-10-08 04:11:17,56900.0,100.0,779200.0
1524,2021-10-08 04:11:10,56800.0,1000.0,779100.0
1525,2021-10-08 04:11:02,56800.0,3000.0,778100.0
1526,2021-10-08 04:10:45,56800.0,700.0,775100.0
1527,2021-10-08 04:10:45,56800.0,500.0,774400.0
1528,2021-10-08 04:10:45,56800.0,500.0,773900.0
1529,2021-10-08 04:10:45,56800.0,200.0,773400.0
1530,2021-10-08 04:10:45,56800.0,1000.0,773200.0
1531,2021-10-08 04:10:45,56800.0,2000.0,772200.0
1532,2021-10-08 04:10:45,56800.0,500.0,770200.0
1533,2021-10-08 04:10:45,56800.0,600.0,769700.0
1534,2021-10-08 04:10:45,56800.0,600.0,769100.0
1535,2021-10-08 04:10:28,56800.0,100.0,768500.0
1536,2021-10-08 04:10:28,56800.0,300.0,768400.0
1537,2021-10-08 04:10:28,56800.0,200.0,768100.0
1538,2021-10-08 04:10:10,56800.0,300.0,767900.0
1539,2021-10-08 04:10:10,56800.0,300.0,767600.0
1540,2021-10-08 04:09:54,56800.0,4700.0,767300.0
1541,2021-10-08 04:09:54,56800.0,300.0,762600.0
1542,2021-10-08 04:09:51,56800.0,200.0,762300.0
1543,2021-10-08 04:09:51,56800.0,400.0,762100.0
1544,2021-10-08 04:09:38,56800.0,600.0,761700.0
1545,2021-10-08 04:09:38,56800.0,500.0,761100.0
1546,2021-10-08 04:09:38,56800.0,200.0,760600.0
1547,2021-10-08 04:09:38,56800.0,5000.0,760400.0
1548,2021-10-08 04:09:38,56800.0,3600.0,755400.0
1549,2021-10-08 04:09:38,56800.0,100.0,751800.0
1550,2021-10-08 04:09:15,56700.0,300.0,751700.0
1551,2021-10-08 04:09:14,56700.0,500.0,751400.0
1552,2021-10-08 04:09:14,56700.0,1000.0,750900.0
1553,2021-10-08 04:09:14,56700.0,200.0,749900.0
1554,2021-10-08 04:09:14,56700.0,3000.0,749700.0
1555,2021-10-08 04:09:14,56700.0,1000.0,746700.0
1556,2021-10-08 04:09:14,56700.0,1000.0,745700.0
1557,2021-10-08 04:09:14,56700.0,600.0,744700.0
1558,2021-10-08 04:09:14,56700.0,100.0,744100.0
1559,2021-10-08 04:09:14,56700.0,500.0,744000.0
1560,2021-10-08 04:09:14,56700.0,1600.0,743500.0
1561,2021-10-08 04:09:14,56700.0,500.0,741900.0
1562,2021-10-08 04:09:14,56700.0,1000.0,741400.0
1563,2021-10-08 04:09:14,56700.0,1000.0,740400.0
1564,2021-10-08 04:09:14,56700.0,300.0,739400.0
1565,2021-10-08 04:09:14,56700.0,2000.0,739100.0
1566,2021-10-08 04:09:14,56700.0,2000.0,737100.0
1567,2021-10-08 04:09:14,56700.0,1000.0,735100.0
1568,2021-10-08 04:09:14,56700.0,500.0,734100.0
1569,2021-10-08 04:09:14,56700.0,200.0,733600.0
1570,2021-10-08 04:09:14,56700.0,100.0,733400.0
1571,2021-10-08 04:09:14,56700.0,1000.0,733300.0
1572,2021-10-08 04:09:14,56700.0,100.0,732300.0
1573,2021-10-08 04:09:14,56700.0,300.0,732200.0
1574,2021-10-08 04:09:14,56700.0,200.0,731900.0
1575,2021-10-08 04:08:56,56600.0,600.0,731700.0
1576,2021-10-08 04:08:49,56600.0,1800.0,731100.0
1577,2021-10-08 04:08:48,56600.0,100.0,729300.0
1578,2021-10-08 04:08:46,56600.0,100.0,729200.0
1579,2021-10-08 04:08:46,56600.0,600.0,729100.0
1580,2021-10-08 04:08:46,56600.0,300.0,728500.0
1581,2021-10-08 04:08:46,56600.0,100.0,728200.0
1582,2021-10-08 04:08:46,56600.0,500.0,728100.0
1583,2021-10-08 04:08:46,56600.0,10000.0,727600.0
1584,2021-10-08 04:08:46,56600.0,500.0,717600.0
1585,2021-10-08 04:08:37,56600.0,500.0,717100.0
1586,2021-10-08 04:08:37,56600.0,100.0,716600.0
1587,2021-10-08 04:08:20,56600.0,100.0,716500.0
1588,2021-10-08 04:08:20,56600.0,500.0,716400.0
1589,2021-10-08 04:08:00,56600.0,200.0,715900.0
1590,2021-10-08 04:08:00,56600.0,200.0,715700.0
1591,2021-10-08 04:08:00,56600.0,200.0,715500.0
1592,2021-10-08 04:07:56,56600.0,800.0,715300.0
1593,2021-10-08 04:07:56,56600.0,3000.0,714500.0
1594,2021-10-08 04:07:56,56600.0,100.0,711500.0
1595,2021-10-08 04:07:56,56600.0,1400.0,711400.0
1596,2021-10-08 04:07:56,56600.0,1000.0,710000.0
1597,2021-10-08 04:07:56,56600.0,1000.0,709000.0
1598,2021-10-08 04:07:56,56600.0,1000.0,708000.0
1599,2021-10-08 04:07:56,56600.0,400.0,707000.0
1600,2021-10-08 04:07:56,56600.0,100.0,706600.0
1601,2021-10-08 04:07:56,56600.0,600.0,706500.0
1602,2021-10-08 04:07:56,56600.0,300.0,705900.0
1603,2021-10-08 04:07:56,56600.0,100.0,705600.0
1604,2021-10-08 04:07:56,56600.0,1000.0,705500.0
1605,2021-10-08 04:07:56,56600.0,100.0,704500.0
1606,2021-10-08 04:07:56,56600.0,500.0,704400.0
1607,2021-10-08 04:07:56,56600.0,100.0,703900.0
1608,2021-10-08 04:07:56,56600.0,200.0,703800.0
1609,2021-10-08 04:07:56,56600.0,100.0,703600.0
1610,2021-10-08 04:07:56,56600.0,100.0,703500.0
1611,2021-10-08 04:07:56,56600.0,100.0,703400.0
1612,2021-10-08 04:07:56,56600.0,500.0,703300.0
1613,2021-10-08 04:07:56,56600.0,200.0,702800.0
1614,2021-10-08 04:07:56,56600.0,600.0,702600.0
1615,2021-10-08 04:07:50,56500.0,1800.0,702000.0
1616,2021-10-08 04:07:49,56600.0,200.0,700200.0
1617,2021-10-08 04:07:49,56600.0,100.0,700000.0
1618,2021-10-08 04:07:49,56600.0,200.0,699900.0
1619,2021-10-08 04:07:42,56600.0,300.0,699700.0
1620,2021-10-08 04:07:42,56600.0,100.0,699400.0
1621,2021-10-08 04:07:42,56600.0,200.0,699300.0
1622,2021-10-08 04:07:28,56600.0,700.0,699100.0
1623,2021-10-08 04:06:57,56500.0,100.0,698400.0
1624,2021-10-08 04:06:34,56500.0,500.0,698300.0
1625,2021-10-08 04:05:46,56500.0,300.0,697800.0
1626,2021-10-08 04:05:45,56500.0,300.0,697500.0
1627,2021-10-08 04:05:12,56500.0,200.0,697200.0
1628,2021-10-08 04:05:03,56500.0,100.0,697000.0
1629,2021-10-08 04:05:02,56500.0,1000.0,696900.0
1630,2021-10-08 04:04:26,56500.0,500.0,695900.0
1631,2021-10-08 04:04:22,56500.0,500.0,695400.0
1632,2021-10-08 04:04:22,56500.0,500.0,694900.0
1633,2021-10-08 04:03:49,56500.0,100.0,694400.0
1634,2021-10-08 04:03:49,56500.0,100.0,694300.0
1635,2021-10-08 04:03:46,56500.0,400.0,694200.0
1636,2021-10-08 04:03:31,56500.0,100.0,693800.0
1637,2021-10-08 04:03:24,56600.0,100.0,693700.0
1638,2021-10-08 04:03:23,56500.0,600.0,693600.0
1639,2021-10-08 04:03:23,56500.0,1400.0,693000.0
1640,2021-10-08 04:02:56,56500.0,500.0,691600.0
1641,2021-10-08 04:02:45,56500.0,1000.0,691100.0
1642,2021-10-08 04:02:44,56500.0,100.0,690100.0
1643,2021-10-08 04:02:27,56500.0,600.0,690000.0
1644,2021-10-08 04:02:17,56500.0,400.0,689400.0
1645,2021-10-08 04:02:10,56500.0,100.0,689000.0
1646,2021-10-08 04:02:10,56500.0,100.0,688900.0
1647,2021-10-08 04:02:05,56500.0,3900.0,688800.0
1648,2021-10-08 04:02:05,56500.0,1000.0,684900.0
1649,2021-10-08 04:02:05,56500.0,100.0,683900.0
1650,2021-10-08 04:02:00,56500.0,600.0,683800.0
1651,2021-10-08 04:02:00,56500.0,100.0,683200.0
1652,2021-10-08 04:02:00,56500.0,400.0,683100.0
1653,2021-10-08 04:02:00,56500.0,1000.0,682700.0
1654,2021-10-08 04:02:00,56500.0,400.0,681700.0
1655,2021-10-08 04:02:00,56500.0,500.0,681300.0
1656,2021-10-08 04:01:51,56500.0,600.0,680800.0
1657,2021-10-08 04:01:42,56500.0,100.0,680200.0
1658,2021-10-08 04:01:42,56500.0,500.0,680100.0
1659,2021-10-08 04:01:41,56500.0,3300.0,679600.0
1660,2021-10-08 04:01:41,56500.0,100.0,676300.0
1661,2021-10-08 04:01:41,56500.0,100.0,676200.0
1662,2021-10-08 04:01:41,56500.0,100.0,676100.0
1663,2021-10-08 04:01:41,56500.0,400.0,676000.0
1664,2021-10-08 04:01:39,56500.0,500.0,675600.0
1665,2021-10-08 04:01:32,56500.0,600.0,675100.0
1666,2021-10-08 04:01:13,56500.0,500.0,674500.0
1667,2021-10-08 04:01:13,56500.0,100.0,674000.0
1668,2021-10-08 04:01:12,56500.0,400.0,673900.0
1669,2021-10-08 04:01:12,56500.0,1600.0,673500.0
1670,2021-10-08 04:01:08,56500.0,400.0,671900.0
1671,2021-10-08 04:01:08,56500.0,600.0,671500.0
1672,2021-10-08 04:01:08,56500.0,300.0,670900.0
1673,2021-10-08 04:01:08,56500.0,200.0,670600.0
1674,2021-10-08 04:01:08,56500.0,100.0,670400.0
1675,2021-10-08 04:01:08,56500.0,1400.0,670300.0
1676,2021-10-08 04:00:55,56500.0,600.0,668900.0
1677,2021-10-08 04:00:55,56500.0,1000.0,668300.0
1678,2021-10-08 04:00:36,56500.0,600.0,667300.0
1679,2021-10-08 04:00:23,56500.0,1400.0,666700.0
1680,2021-10-08 04:00:23,56500.0,1000.0,665300.0
1681,2021-10-08 04:00:23,56500.0,200.0,664300.0
1682,2021-10-08 04:00:23,56500.0,100.0,664100.0
1683,2021-10-08 04:00:23,56500.0,800.0,664000.0
1684,2021-10-08 04:00:23,56500.0,500.0,663200.0
1685,2021-10-08 04:00:19,56500.0,500.0,662700.0
1686,2021-10-08 04:00:19,56500.0,100.0,662200.0
1687,2021-10-08 04:00:15,56500.0,400.0,662100.0
1688,2021-10-08 04:00:15,56500.0,2000.0,661700.0
1689,2021-10-08 04:00:15,56500.0,400.0,659700.0
1690,2021-10-08 04:00:15,56500.0,500.0,659300.0
1691,2021-10-08 04:00:15,56500.0,1000.0,658800.0
1692,2021-10-08 04:00:15,56500.0,500.0,657800.0
1693,2021-10-08 04:00:15,56500.0,200.0,657300.0
1694,2021-10-08 04:00:11,56400.0,1000.0,657100.0
1695,2021-10-08 04:00:08,56500.0,300.0,656100.0
1696,2021-10-08 04:00:08,56500.0,1200.0,655800.0
1697,2021-10-08 04:00:00,56500.0,600.0,654600.0
1698,2021-10-08 03:59:41,56500.0,200.0,654000.0
1699,2021-10-08 03:59:41,56500.0,200.0,653800.0
1700,2021-10-08 03:59:41,56500.0,200.0,653600.0
1701,2021-10-08 03:59:23,56500.0,500.0,653400.0
1702,2021-10-08 03:59:23,56500.0,100.0,652900.0
1703,2021-10-08 03:59:04,56500.0,100.0,652800.0
1704,2021-10-08 03:59:04,56500.0,500.0,652700.0
1705,2021-10-08 03:58:49,56500.0,100.0,652200.0
1706,2021-10-08 03:58:47,56500.0,400.0,652100.0
1707,2021-10-08 03:58:47,56500.0,200.0,651700.0
1708,2021-10-08 03:58:28,56500.0,300.0,651500.0
1709,2021-10-08 03:58:28,56500.0,100.0,651200.0
1710,2021-10-08 03:58:28,56500.0,200.0,651100.0
1711,2021-10-08 03:58:09,56500.0,600.0,650900.0
1712,2021-10-08 03:57:55,56500.0,200.0,650300.0
1713,2021-10-08 03:57:50,56500.0,600.0,650100.0
1714,2021-10-08 03:57:34,56500.0,400.0,649500.0
1715,2021-10-08 03:57:34,56500.0,1000.0,649100.0
1716,2021-10-08 03:57:34,56500.0,200.0,648100.0
1717,2021-10-08 03:57:34,56500.0,1000.0,647900.0
1718,2021-10-08 03:57:34,56500.0,200.0,646900.0
1719,2021-10-08 03:56:36,56400.0,100.0,646700.0
1720,2021-10-08 03:56:04,56400.0,2600.0,646600.0
1721,2021-10-08 03:56:04,56400.0,400.0,644000.0
1722,2021-10-08 03:55:18,56400.0,200.0,643600.0
1723,2021-10-08 03:55:18,56400.0,100.0,643400.0
1724,2021-10-08 03:55:10,56400.0,300.0,643300.0
1725,2021-10-08 03:55:00,56400.0,200.0,643000.0
1726,2021-10-08 03:55:00,56400.0,800.0,642800.0
1727,2021-10-08 03:55:00,56400.0,3200.0,642000.0
1728,2021-10-08 03:55:00,56400.0,600.0,638800.0
1729,2021-10-08 03:55:00,56400.0,600.0,638200.0
1730,2021-10-08 03:55:00,56400.0,600.0,637600.0
1731,2021-10-08 03:54:58,56400.0,300.0,637000.0
1732,2021-10-08 03:54:33,56400.0,100.0,636700.0
1733,2021-10-08 03:54:22,56400.0,3000.0,636600.0
1734,2021-10-08 03:54:22,56400.0,600.0,633600.0
1735,2021-10-08 03:54:22,56400.0,600.0,633000.0
1736,2021-10-08 03:54:22,56400.0,600.0,632400.0
1737,2021-10-08 03:54:22,56400.0,600.0,631800.0
1738,2021-10-08 03:54:22,56400.0,2000.0,631200.0
1739,2021-10-08 03:54:22,56400.0,5000.0,629200.0
1740,2021-10-08 03:54:22,56400.0,5000.0,624200.0
1741,2021-10-08 03:54:22,56400.0,500.0,619200.0
1742,2021-10-08 03:54:22,56400.0,100.0,618700.0
1743,2021-10-08 03:54:22,56400.0,500.0,618600.0
1744,2021-10-08 03:54:22,56400.0,200.0,618100.0
1745,2021-10-08 03:53:54,56400.0,1000.0,617900.0
1746,2021-10-08 03:53:45,56400.0,1800.0,616900.0
1747,2021-10-08 03:53:45,56400.0,1000.0,615100.0
1748,2021-10-08 03:53:45,56400.0,600.0,614100.0
1749,2021-10-08 03:53:45,56400.0,600.0,613500.0
1750,2021-10-08 03:53:20,56400.0,500.0,612900.0
1751,2021-10-08 03:53:17,56400.0,900.0,612400.0
1752,2021-10-08 03:53:17,56400.0,100.0,611500.0
1753,2021-10-08 03:52:47,56400.0,100.0,611400.0
1754,2021-10-08 03:52:36,56500.0,600.0,611300.0
1755,2021-10-08 03:52:17,56500.0,200.0,610700.0
1756,2021-10-08 03:52:17,56500.0,400.0,610500.0
1757,2021-10-08 03:52:01,56500.0,100.0,610100.0
1758,2021-10-08 03:52:01,56500.0,500.0,610000.0
1759,2021-10-08 03:51:46,56500.0,500.0,609500.0
1760,2021-10-08 03:51:46,56500.0,2300.0,609000.0
1761,2021-10-08 03:51:46,56500.0,200.0,606700.0
1762,2021-10-08 03:51:40,56500.0,100.0,606500.0
1763,2021-10-08 03:51:40,56500.0,500.0,606400.0
1764,2021-10-08 03:51:23,56500.0,600.0,605900.0
1765,2021-10-08 03:51:04,56500.0,600.0,605300.0
1766,2021-10-08 03:50:45,56500.0,600.0,604700.0
1767,2021-10-08 03:50:26,56500.0,600.0,604100.0
1768,2021-10-08 03:50:08,56500.0,600.0,603500.0
1769,2021-10-08 03:49:50,56500.0,600.0,602900.0
1770,2021-10-08 03:49:32,56500.0,600.0,602300.0
1771,2021-10-08 03:49:13,56500.0,600.0,601700.0
1772,2021-10-08 03:48:54,56500.0,600.0,601100.0
1773,2021-10-08 03:48:35,56500.0,600.0,600500.0
1774,2021-10-08 03:48:25,56500.0,500.0,599900.0
1775,2021-10-08 03:48:25,56500.0,500.0,599400.0
1776,2021-10-08 03:48:25,56500.0,200.0,598900.0
1777,2021-10-08 03:48:25,56500.0,100.0,598700.0
1778,2021-10-08 03:48:17,56500.0,600.0,598600.0
1779,2021-10-08 03:47:59,56500.0,400.0,598000.0
1780,2021-10-08 03:47:59,56500.0,200.0,597600.0
1781,2021-10-08 03:47:40,56500.0,300.0,597400.0
1782,2021-10-08 03:47:40,56500.0,300.0,597100.0
1783,2021-10-08 03:47:23,56500.0,600.0,596800.0
1784,2021-10-08 03:47:14,56500.0,1000.0,596200.0
1785,2021-10-08 03:47:12,56500.0,300.0,595200.0
1786,2021-10-08 03:47:03,56500.0,600.0,594900.0
1787,2021-10-08 03:46:45,56500.0,100.0,594300.0
1788,2021-10-08 03:46:45,56500.0,500.0,594200.0
1789,2021-10-08 03:46:26,56500.0,500.0,593700.0
1790,2021-10-08 03:46:26,56500.0,100.0,593200.0
1791,2021-10-08 03:46:08,56500.0,600.0,593100.0
1792,2021-10-08 03:45:49,56500.0,400.0,592500.0
1793,2021-10-08 03:45:49,56500.0,200.0,592100.0
1794,2021-10-08 03:45:31,56500.0,600.0,591900.0
1795,2021-10-08 03:45:21,56500.0,200.0,591300.0
1796,2021-10-08 03:45:12,56500.0,100.0,591100.0
1797,2021-10-08 03:45:12,56500.0,300.0,591000.0
1798,2021-10-08 03:45:01,56500.0,200.0,590700.0
1799,2021-10-08 03:44:57,56500.0,100.0,590500.0
1800,2021-10-08 03:44:54,56500.0,300.0,590400.0
1801,2021-10-08 03:44:50,56500.0,600.0,590100.0
1802,2021-10-08 03:44:50,56500.0,1500.0,589500.0
1803,2021-10-08 03:44:50,56500.0,500.0,588000.0
1804,2021-10-08 03:44:50,56500.0,600.0,587500.0
1805,2021-10-08 03:44:50,56500.0,500.0,586900.0
1806,2021-10-08 03:44:45,56500.0,100.0,586400.0
1807,2021-10-08 03:44:45,56500.0,600.0,586300.0
1808,2021-10-08 03:44:45,56500.0,600.0,585700.0
1809,2021-10-08 03:44:45,56500.0,1000.0,585100.0
1810,2021-10-08 03:44:45,56500.0,600.0,584100.0
1811,2021-10-08 03:44:45,56500.0,600.0,583500.0
1812,2021-10-08 03:44:45,56500.0,600.0,582900.0
1813,2021-10-08 03:44:45,56500.0,1300.0,582300.0
1814,2021-10-08 03:44:41,56500.0,100.0,581000.0
1815,2021-10-08 03:44:30,56500.0,600.0,580900.0
1816,2021-10-08 03:44:30,56500.0,600.0,580300.0
1817,2021-10-08 03:44:30,56500.0,600.0,579700.0
1818,2021-10-08 03:44:30,56500.0,600.0,579100.0
1819,2021-10-08 03:44:30,56500.0,600.0,578500.0
1820,2021-10-08 03:44:14,56500.0,100.0,577900.0
1821,2021-10-08 03:44:13,56500.0,500.0,577800.0
1822,2021-10-08 03:43:54,56500.0,100.0,577300.0
1823,2021-10-08 03:43:28,56500.0,1000.0,577200.0
1824,2021-10-08 03:42:23,56500.0,200.0,576200.0
1825,2021-10-08 03:42:23,56500.0,500.0,576000.0
1826,2021-10-08 03:42:23,56500.0,100.0,575500.0
1827,2021-10-08 03:42:06,56500.0,100.0,575400.0
1828,2021-10-08 03:41:45,56500.0,100.0,575300.0
1829,2021-10-08 03:41:41,56500.0,200.0,575200.0
1830,2021-10-08 03:41:15,56500.0,100.0,575000.0
1831,2021-10-08 03:41:15,56500.0,100.0,574900.0
1832,2021-10-08 03:41:15,56500.0,300.0,574800.0
1833,2021-10-08 03:40:53,56500.0,300.0,574500.0
1834,2021-10-08 03:40:35,56500.0,600.0,574200.0
1835,2021-10-08 03:40:33,56500.0,1500.0,573600.0
1836,2021-10-08 03:40:31,56500.0,3500.0,572100.0
1837,2021-10-08 03:40:16,56500.0,600.0,568600.0
1838,2021-10-08 03:40:13,56500.0,5900.0,568000.0
1839,2021-10-08 03:40:13,56500.0,100.0,562100.0
1840,2021-10-08 03:40:13,56500.0,2000.0,562000.0
1841,2021-10-08 03:40:13,56500.0,1000.0,560000.0
1842,2021-10-08 03:40:13,56500.0,200.0,559000.0
1843,2021-10-08 03:40:13,56500.0,200.0,558800.0
1844,2021-10-08 03:40:13,56500.0,800.0,558600.0
1845,2021-10-08 03:40:03,56500.0,100.0,557800.0
1846,2021-10-08 03:39:59,56500.0,100.0,557700.0
1847,2021-10-08 03:39:59,56500.0,100.0,557600.0
1848,2021-10-08 03:39:59,56500.0,400.0,557500.0
1849,2021-10-08 03:39:50,56500.0,4600.0,557100.0
1850,2021-10-08 03:39:50,56500.0,400.0,552500.0
1851,2021-10-08 03:39:40,56500.0,600.0,552100.0
1852,2021-10-08 03:39:23,56500.0,500.0,551500.0
1853,2021-10-08 03:39:23,56500.0,200.0,551000.0
1854,2021-10-08 03:39:22,56400.0,400.0,550800.0
1855,2021-10-08 03:39:22,56400.0,100.0,550400.0
1856,2021-10-08 03:39:21,56500.0,200.0,550300.0
1857,2021-10-08 03:39:21,56500.0,100.0,550100.0
1858,2021-10-08 03:39:21,56500.0,300.0,550000.0
1859,2021-10-08 03:39:11,56500.0,700.0,549700.0
1860,2021-10-08 03:39:11,56500.0,300.0,549000.0
1861,2021-10-08 03:39:08,56500.0,100.0,548700.0
1862,2021-10-08 03:39:02,56500.0,600.0,548600.0
1863,2021-10-08 03:38:45,56500.0,600.0,548000.0
1864,2021-10-08 03:38:31,56500.0,500.0,547400.0
1865,2021-10-08 03:38:25,56500.0,200.0,546900.0
1866,2021-10-08 03:38:25,56500.0,200.0,546700.0
1867,2021-10-08 03:38:25,56500.0,100.0,546500.0
1868,2021-10-08 03:38:25,56500.0,100.0,546400.0
1869,2021-10-08 03:38:24,56500.0,100.0,546300.0
1870,2021-10-08 03:38:24,56500.0,900.0,546200.0
1871,2021-10-08 03:38:07,56500.0,100.0,545300.0
1872,2021-10-08 03:38:07,56500.0,500.0,545200.0
1873,2021-10-08 03:37:49,56500.0,600.0,544700.0
1874,2021-10-08 03:37:30,56500.0,600.0,544100.0
1875,2021-10-08 03:37:16,56500.0,300.0,543500.0
1876,2021-10-08 03:37:16,56500.0,100.0,543200.0
1877,2021-10-08 03:36:56,56400.0,100.0,543100.0
1878,2021-10-08 03:36:54,56400.0,600.0,543000.0
1879,2021-10-08 03:36:45,56400.0,200.0,542400.0
1880,2021-10-08 03:36:36,56400.0,200.0,542200.0
1881,2021-10-08 03:36:35,56400.0,600.0,542000.0
1882,2021-10-08 03:36:32,56400.0,500.0,541400.0
1883,2021-10-08 03:36:25,56400.0,100.0,540900.0
1884,2021-10-08 03:36:23,56400.0,200.0,540800.0
1885,2021-10-08 03:36:18,56400.0,1000.0,540600.0
1886,2021-10-08 03:36:16,56400.0,600.0,539600.0
1887,2021-10-08 03:36:11,56400.0,5000.0,539000.0
1888,2021-10-08 03:36:00,56300.0,200.0,534000.0
1889,2021-10-08 03:35:59,56400.0,600.0,533800.0
1890,2021-10-08 03:35:39,56400.0,600.0,533200.0
1891,2021-10-08 03:35:22,56400.0,600.0,532600.0
1892,2021-10-08 03:35:03,56400.0,600.0,532000.0
1893,2021-10-08 03:35:00,56400.0,300.0,531400.0
1894,2021-10-08 03:35:00,56400.0,600.0,531100.0
1895,2021-10-08 03:35:00,56400.0,1700.0,530500.0
1896,2021-10-08 03:35:00,56400.0,1900.0,528800.0
1897,2021-10-08 03:34:59,56400.0,100.0,526900.0
1898,2021-10-08 03:34:59,56400.0,100.0,526800.0
1899,2021-10-08 03:34:59,56400.0,600.0,526700.0
1900,2021-10-08 03:34:59,56400.0,200.0,526100.0
1901,2021-10-08 03:34:55,56400.0,300.0,525900.0
1902,2021-10-08 03:34:55,56400.0,700.0,525600.0
1903,2021-10-08 03:34:51,56400.0,300.0,524900.0
1904,2021-10-08 03:34:51,56400.0,600.0,524600.0
1905,2021-10-08 03:34:51,56400.0,100.0,524000.0
1906,2021-10-08 03:34:46,56500.0,200.0,523900.0
1907,2021-10-08 03:34:12,56400.0,1000.0,523700.0
1908,2021-10-08 03:34:07,56500.0,600.0,522700.0
1909,2021-10-08 03:33:48,56500.0,200.0,522100.0
1910,2021-10-08 03:33:48,56500.0,400.0,521900.0
1911,2021-10-08 03:33:31,56500.0,600.0,521500.0
1912,2021-10-08 03:33:13,56500.0,400.0,520900.0
1913,2021-10-08 03:33:11,56400.0,900.0,520500.0
1914,2021-10-08 03:33:11,56400.0,5000.0,519600.0
1915,2021-10-08 03:33:11,56400.0,100.0,514600.0
1916,2021-10-08 03:33:11,56400.0,600.0,514500.0
1917,2021-10-08 03:33:11,56400.0,100.0,513900.0
1918,2021-10-08 03:33:11,56400.0,100.0,513800.0
1919,2021-10-08 03:33:11,56400.0,600.0,513700.0
1920,2021-10-08 03:33:11,56400.0,600.0,513100.0
1921,2021-10-08 03:33:11,56400.0,600.0,512500.0
1922,2021-10-08 03:33:11,56400.0,600.0,511900.0
1923,2021-10-08 03:33:11,56400.0,600.0,511300.0
1924,2021-10-08 03:33:11,56400.0,200.0,510700.0
1925,2021-10-08 03:32:57,56500.0,1000.0,510500.0
1926,2021-10-08 03:32:57,56500.0,1000.0,509500.0
1927,2021-10-08 03:32:57,56500.0,300.0,508500.0
1928,2021-10-08 03:32:57,56500.0,500.0,508200.0
1929,2021-10-08 03:32:57,56500.0,5000.0,507700.0
1930,2021-10-08 03:32:57,56500.0,100.0,502700.0
1931,2021-10-08 03:32:57,56500.0,1100.0,502600.0
1932,2021-10-08 03:32:53,56500.0,600.0,501500.0
1933,2021-10-08 03:32:37,56500.0,300.0,500900.0
1934,2021-10-08 03:32:37,56500.0,200.0,500600.0
1935,2021-10-08 03:32:34,56500.0,300.0,500400.0
1936,2021-10-08 03:32:34,56500.0,300.0,500100.0
1937,2021-10-08 03:32:16,56500.0,200.0,499800.0
1938,2021-10-08 03:32:16,56500.0,400.0,499600.0
1939,2021-10-08 03:31:57,56500.0,600.0,499200.0
1940,2021-10-08 03:31:40,56500.0,600.0,498600.0
1941,2021-10-08 03:31:36,56500.0,300.0,498000.0
1942,2021-10-08 03:31:35,56500.0,100.0,497700.0
1943,2021-10-08 03:31:31,56500.0,3000.0,497600.0
1944,2021-10-08 03:31:31,56500.0,1000.0,494600.0
1945,2021-10-08 03:31:31,56500.0,10000.0,493600.0
1946,2021-10-08 03:31:31,56500.0,1000.0,483600.0
1947,2021-10-08 03:31:31,56500.0,100.0,482600.0
1948,2021-10-08 03:31:31,56500.0,100.0,482500.0
1949,2021-10-08 03:31:31,56500.0,300.0,482400.0
1950,2021-10-08 03:31:31,56500.0,200.0,482100.0
1951,2021-10-08 03:31:29,56500.0,200.0,481900.0
1952,2021-10-08 03:31:29,56500.0,300.0,481700.0
1953,2021-10-08 03:31:29,56500.0,200.0,481400.0
1954,2021-10-08 03:31:29,56500.0,3000.0,481200.0
1955,2021-10-08 03:31:29,56500.0,500.0,478200.0
1956,2021-10-08 03:31:29,56500.0,300.0,477700.0
1957,2021-10-08 03:31:29,56500.0,100.0,477400.0
1958,2021-10-08 03:31:29,56500.0,100.0,477300.0
1959,2021-10-08 03:31:29,56500.0,100.0,477200.0
1960,2021-10-08 03:31:29,56500.0,100.0,477100.0
1961,2021-10-08 03:31:29,56500.0,500.0,477000.0
1962,2021-10-08 03:31:29,56500.0,500.0,476500.0
1963,2021-10-08 03:31:29,56500.0,100.0,476000.0
1964,2021-10-08 03:31:24,56400.0,400.0,475900.0
1965,2021-10-08 03:31:24,56400.0,100.0,475500.0
1966,2021-10-08 03:31:20,56500.0,100.0,475400.0
1967,2021-10-08 03:31:20,56500.0,500.0,475300.0
1968,2021-10-08 03:31:16,56500.0,500.0,474800.0
1969,2021-10-08 03:31:16,56500.0,500.0,474300.0
1970,2021-10-08 03:31:16,56500.0,700.0,473800.0
1971,2021-10-08 03:31:16,56500.0,100.0,473100.0
1972,2021-10-08 03:31:16,56500.0,1000.0,473000.0
1973,2021-10-08 03:31:16,56500.0,500.0,472000.0
1974,2021-10-08 03:31:16,56500.0,1500.0,471500.0
1975,2021-10-08 03:31:16,56500.0,300.0,470000.0
1976,2021-10-08 03:31:16,56500.0,100.0,469700.0
1977,2021-10-08 03:31:16,56500.0,500.0,469600.0
1978,2021-10-08 03:31:16,56500.0,300.0,469100.0
1979,2021-10-08 03:31:16,56500.0,100.0,468800.0
1980,2021-10-08 03:31:16,56500.0,3900.0,468700.0
1981,2021-10-08 03:31:02,56500.0,600.0,464800.0
1982,2021-10-08 03:31:01,56500.0,500.0,464200.0
1983,2021-10-08 03:31:01,56500.0,200.0,463700.0
1984,2021-10-08 03:31:01,56500.0,500.0,463500.0
1985,2021-10-08 03:31:01,56500.0,500.0,463000.0
1986,2021-10-08 03:30:54,56500.0,500.0,462500.0
1987,2021-10-08 03:30:43,56500.0,600.0,462000.0
1988,2021-10-08 03:30:25,56500.0,600.0,461400.0
1989,2021-10-08 03:30:06,56500.0,600.0,460800.0
1990,2021-10-08 03:29:59,56500.0,100.0,460200.0
1991,2021-10-08 03:29:50,56400.0,100.0,460100.0
1992,2021-10-08 03:29:29,56400.0,100.0,460000.0
1993,2021-10-08 03:29:19,56400.0,300.0,459900.0
1994,2021-10-08 03:29:19,56400.0,600.0,459600.0
1995,2021-10-08 03:29:19,56400.0,4100.0,459000.0
1996,2021-10-08 03:28:52,56400.0,1000.0,454900.0
1997,2021-10-08 03:28:23,56400.0,100.0,453900.0
1998,2021-10-08 03:28:08,56400.0,400.0,453800.0
1999,2021-10-08 03:27:14,56400.0,100.0,453400.0
2000,2021-10-08 03:27:14,56400.0,100.0,453300.0
2001,2021-10-08 03:27:14,56400.0,600.0,453200.0
2002,2021-10-08 03:27:14,56400.0,400.0,452600.0
2003,2021-10-08 03:27:14,56400.0,200.0,452200.0
2004,2021-10-08 03:27:14,56400.0,700.0,452000.0
2005,2021-10-08 03:27:14,56400.0,100.0,451300.0
2006,2021-10-08 03:27:14,56400.0,300.0,451200.0
2007,2021-10-08 03:27:14,56400.0,200.0,450900.0
2008,2021-10-08 03:27:14,56400.0,1000.0,450700.0
2009,2021-10-08 03:27:14,56400.0,400.0,449700.0
2010,2021-10-08 03:27:14,56400.0,300.0,449300.0
2011,2021-10-08 03:27:10,56400.0,1700.0,449000.0
2012,2021-10-08 03:27:10,56400.0,900.0,447300.0
2013,2021-10-08 03:27:10,56400.0,1000.0,446400.0
2014,2021-10-08 03:27:10,56400.0,200.0,445400.0
2015,2021-10-08 03:27:10,56400.0,5000.0,445200.0
2016,2021-10-08 03:27:10,56400.0,100.0,440200.0
2017,2021-10-08 03:27:10,56400.0,1100.0,440100.0
2018,2021-10-08 03:27:07,56400.0,10000.0,439000.0
2019,2021-10-08 03:27:02,56300.0,1000.0,429000.0
2020,2021-10-08 03:27:02,56300.0,200.0,428000.0
2021,2021-10-08 03:27:02,56300.0,800.0,427800.0
2022,2021-10-08 03:27:02,56300.0,3000.0,427000.0
2023,2021-10-08 03:27:02,56300.0,2000.0,424000.0
2024,2021-10-08 03:27:02,56300.0,100.0,422000.0
2025,2021-10-08 03:27:02,56300.0,300.0,421900.0
2026,2021-10-08 03:27:02,56300.0,100.0,421600.0
2027,2021-10-08 03:27:02,56300.0,200.0,421500.0
2028,2021-10-08 03:27:02,56300.0,600.0,421300.0
2029,2021-10-08 03:27:01,56300.0,400.0,420700.0
2030,2021-10-08 03:27:01,56300.0,100.0,420300.0
2031,2021-10-08 03:27:01,56300.0,100.0,420200.0
2032,2021-10-08 03:26:53,56300.0,1000.0,420100.0
2033,2021-10-08 03:26:53,56300.0,100.0,419100.0
2034,2021-10-08 03:26:53,56300.0,1700.0,419000.0
2035,2021-10-08 03:26:44,56300.0,600.0,417300.0
2036,2021-10-08 03:26:26,56300.0,600.0,416700.0
2037,2021-10-08 03:26:06,56300.0,600.0,416100.0
2038,2021-10-08 03:25:47,56300.0,500.0,415500.0
2039,2021-10-08 03:25:47,56300.0,100.0,415000.0
2040,2021-10-08 03:25:30,56300.0,600.0,414900.0
2041,2021-10-08 03:25:11,56300.0,600.0,414300.0
2042,2021-10-08 03:24:52,56300.0,600.0,413700.0
2043,2021-10-08 03:24:33,56300.0,600.0,413100.0
2044,2021-10-08 03:24:15,56300.0,600.0,412500.0
2045,2021-10-08 03:22:51,56300.0,800.0,411900.0
2046,2021-10-08 03:22:11,56300.0,100.0,411100.0
2047,2021-10-08 03:20:16,56300.0,300.0,411000.0
2048,2021-10-08 03:20:09,56200.0,100.0,410700.0
2049,2021-10-08 03:20:09,56200.0,1000.0,410600.0
2050,2021-10-08 03:20:09,56200.0,1000.0,409600.0
2051,2021-10-08 03:20:09,56200.0,1000.0,408600.0
2052,2021-10-08 03:20:09,56200.0,200.0,407600.0
2053,2021-10-08 03:19:41,56100.0,100.0,407400.0
2054,2021-10-08 03:19:37,56100.0,100.0,407300.0
2055,2021-10-08 03:19:34,56100.0,2000.0,407200.0
2056,2021-10-08 03:19:15,56100.0,100.0,405200.0
2057,2021-10-08 03:18:31,56100.0,600.0,405100.0
2058,2021-10-08 03:18:19,56200.0,100.0,404500.0
2059,2021-10-08 03:17:02,56200.0,200.0,404400.0
2060,2021-10-08 03:17:02,56200.0,200.0,404200.0
2061,2021-10-08 03:16:29,56200.0,300.0,404000.0
2062,2021-10-08 03:16:29,56200.0,1700.0,403700.0
2063,2021-10-08 03:16:04,56200.0,2000.0,402000.0
2064,2021-10-08 03:15:42,56200.0,100.0,400000.0
2065,2021-10-08 03:15:31,56200.0,1000.0,399900.0
2066,2021-10-08 03:15:21,56200.0,800.0,398900.0
2067,2021-10-08 03:14:52,56200.0,100.0,398100.0
2068,2021-10-08 03:14:52,56200.0,5000.0,398000.0
