,Time,Price,Volume_per_trade,Volume
0,2021-10-01 14:45:01,24550.0,100.0,740400.0
1,2021-10-01 14:45:01,24550.0,16300.0,740300.0
2,2021-10-01 14:45:01,24550.0,7000.0,724000.0
3,2021-10-01 14:45:01,24550.0,1500.0,717000.0
4,2021-10-01 14:45:01,24550.0,1000.0,715500.0
5,2021-10-01 14:45:01,24550.0,500.0,714500.0
6,2021-10-01 14:45:01,24550.0,100.0,714000.0
7,2021-10-01 14:45:01,24550.0,600.0,713900.0
8,2021-10-01 14:45:01,24550.0,18400.0,713300.0
9,2021-10-01 14:45:01,24550.0,200.0,694900.0
10,2021-10-01 14:45:01,24550.0,3000.0,694700.0
11,2021-10-01 14:45:01,24550.0,8400.0,691700.0
12,2021-10-01 14:45:01,24550.0,1600.0,683300.0
13,2021-10-01 14:45:01,24550.0,100.0,681700.0
14,2021-10-01 14:45:01,24550.0,300.0,681600.0
15,2021-10-01 14:45:01,24550.0,100.0,681300.0
16,2021-10-01 14:45:01,24550.0,100.0,681200.0
17,2021-10-01 14:45:01,24550.0,100.0,681100.0
18,2021-10-01 14:45:01,24550.0,100.0,681000.0
19,2021-10-01 14:45:01,24550.0,100.0,680900.0
20,2021-10-01 14:26:40,24300.0,5400.0,680800.0
21,2021-10-01 14:26:02,24300.0,10000.0,675400.0
22,2021-10-01 14:26:02,24300.0,1200.0,665400.0
23,2021-10-01 14:26:02,24300.0,100.0,664200.0
24,2021-10-01 14:26:02,24300.0,20000.0,664100.0
25,2021-10-01 14:26:02,24300.0,700.0,644100.0
26,2021-10-01 14:26:02,24300.0,20000.0,643400.0
27,2021-10-01 14:26:02,24300.0,100.0,623400.0
28,2021-10-01 14:26:02,24300.0,9200.0,623300.0
29,2021-10-01 14:24:26,24310.0,23100.0,614100.0
30,2021-10-01 14:23:13,24310.0,100.0,591000.0
31,2021-10-01 14:22:18,24310.0,500.0,590900.0
32,2021-10-01 14:20:32,24300.0,10800.0,590400.0
33,2021-10-01 14:20:12,24310.0,500.0,579600.0
34,2021-10-01 14:18:24,24310.0,23100.0,579100.0
35,2021-10-01 14:17:43,24330.0,100.0,556000.0
36,2021-10-01 14:17:39,24330.0,400.0,555900.0
37,2021-10-01 14:16:04,24330.0,100.0,555500.0
38,2021-10-01 14:13:19,24340.0,23100.0,555400.0
39,2021-10-01 14:13:08,24320.0,200.0,532300.0
40,2021-10-01 14:13:04,24320.0,9200.0,532100.0
41,2021-10-01 14:13:04,24320.0,9200.0,522900.0
42,2021-10-01 14:12:45,24340.0,400.0,513700.0
43,2021-10-01 14:11:55,24340.0,300.0,513300.0
44,2021-10-01 14:11:53,24340.0,9200.0,513000.0
45,2021-10-01 14:11:31,24340.0,4100.0,503800.0
46,2021-10-01 14:11:26,24350.0,100.0,499700.0
47,2021-10-01 14:08:31,24370.0,23100.0,499600.0
48,2021-10-01 14:05:18,24370.0,9200.0,476500.0
49,2021-10-01 14:03:49,24360.0,100.0,467300.0
50,2021-10-01 14:02:10,24360.0,1000.0,467200.0
51,2021-10-01 14:01:19,24360.0,11500.0,466200.0
52,2021-10-01 13:58:41,24350.0,23100.0,454700.0
53,2021-10-01 13:52:59,24320.0,9000.0,431600.0
54,2021-10-01 13:52:59,24300.0,200.0,422600.0
55,2021-10-01 13:51:35,24290.0,600.0,422400.0
56,2021-10-01 13:50:05,24300.0,20000.0,421800.0
57,2021-10-01 13:50:05,24300.0,9200.0,401800.0
58,2021-10-01 13:48:52,24300.0,20000.0,392600.0
59,2021-10-01 13:48:01,24300.0,13800.0,372600.0
60,2021-10-01 13:43:01,24300.0,100.0,358800.0
61,2021-10-01 13:42:50,24280.0,35900.0,358700.0
62,2021-10-01 13:42:50,24280.0,5000.0,322800.0
63,2021-10-01 13:42:50,24300.0,400.0,317800.0
64,2021-10-01 13:42:50,24300.0,100.0,317400.0
65,2021-10-01 13:42:50,24300.0,3000.0,317300.0
66,2021-10-01 13:42:50,24300.0,5000.0,314300.0
67,2021-10-01 13:42:50,24300.0,900.0,309300.0
68,2021-10-01 13:42:50,24300.0,9200.0,308400.0
69,2021-10-01 13:42:50,24300.0,100.0,299200.0
70,2021-10-01 13:41:06,24310.0,13800.0,299100.0
71,2021-10-01 13:41:04,24310.0,13800.0,285300.0
72,2021-10-01 13:40:43,24310.0,4400.0,271500.0
73,2021-10-01 13:39:40,24320.0,100.0,267100.0
74,2021-10-01 13:36:02,24320.0,100.0,267000.0
75,2021-10-01 13:31:46,24350.0,100.0,266900.0
76,2021-10-01 13:29:39,24340.0,9200.0,266800.0
77,2021-10-01 13:29:05,24340.0,9100.0,257600.0
78,2021-10-01 13:29:05,24330.0,100.0,248500.0
79,2021-10-01 13:27:51,24330.0,500.0,248400.0
80,2021-10-01 13:25:33,24330.0,500.0,247900.0
81,2021-10-01 13:25:20,24320.0,100.0,247400.0
82,2021-10-01 13:24:48,24310.0,100.0,247300.0
83,2021-10-01 13:24:48,24310.0,100.0,247200.0
84,2021-10-01 13:23:03,24310.0,100.0,247100.0
85,2021-10-01 13:22:48,24310.0,9200.0,247000.0
86,2021-10-01 13:22:15,24330.0,13800.0,237800.0
87,2021-10-01 13:19:03,24320.0,1000.0,224000.0
88,2021-10-01 13:19:00,24320.0,100.0,223000.0
89,2021-10-01 13:17:39,24330.0,9200.0,222900.0
90,2021-10-01 13:15:30,24350.0,13800.0,213700.0
91,2021-10-01 13:15:04,24350.0,100.0,199900.0
92,2021-10-01 13:15:01,24350.0,13800.0,199800.0
93,2021-10-01 13:14:02,24350.0,10100.0,186000.0
94,2021-10-01 13:12:10,24360.0,17000.0,175900.0
95,2021-10-01 13:12:10,24350.0,100.0,158900.0
96,2021-10-01 13:12:10,24350.0,1000.0,158800.0
97,2021-10-01 13:08:38,24300.0,300.0,157800.0
98,2021-10-01 13:08:38,24300.0,500.0,157500.0
99,2021-10-01 13:08:38,24300.0,200.0,157000.0
100,2021-10-01 13:07:15,24280.0,100.0,156800.0
101,2021-10-01 13:07:15,24280.0,300.0,156700.0
102,2021-10-01 13:07:15,24280.0,3800.0,156400.0
103,2021-10-01 13:00:29,24280.0,500.0,152600.0
104,2021-10-01 13:00:23,24280.0,100.0,152100.0
105,2021-10-01 13:00:18,24280.0,200.0,152000.0
106,2021-10-01 13:00:02,24280.0,100.0,151800.0
107,2021-10-01 13:00:02,24280.0,200.0,151700.0
108,2021-10-01 11:28:07,24280.0,2100.0,151500.0
109,2021-10-01 11:27:04,24280.0,100.0,149400.0
110,2021-10-01 11:27:04,24280.0,9200.0,149300.0
111,2021-10-01 11:25:38,24290.0,100.0,140100.0
112,2021-10-01 11:25:20,24290.0,9200.0,140000.0
113,2021-10-01 11:21:24,24290.0,9200.0,130800.0
114,2021-10-01 11:20:54,24290.0,9200.0,121600.0
115,2021-10-01 11:20:49,24290.0,9200.0,112400.0
116,2021-10-01 11:19:31,24290.0,100.0,103200.0
117,2021-10-01 11:19:09,24290.0,200.0,103100.0
118,2021-10-01 11:18:52,24290.0,9200.0,102900.0
119,2021-10-01 11:18:50,24290.0,9200.0,93700.0
120,2021-10-01 11:18:46,24290.0,9200.0,84500.0
121,2021-10-01 11:18:15,24290.0,100.0,75300.0
122,2021-10-01 11:14:48,24290.0,200.0,75200.0
123,2021-10-01 11:13:23,24290.0,100.0,75000.0
124,2021-10-01 11:12:13,24290.0,9000.0,74900.0
125,2021-10-01 11:12:13,24290.0,200.0,65900.0
126,2021-10-01 11:10:32,24270.0,8500.0,65700.0
127,2021-10-01 11:10:32,24250.0,100.0,57200.0
128,2021-10-01 11:10:32,24250.0,300.0,57100.0
129,2021-10-01 11:10:32,24250.0,300.0,56800.0
130,2021-10-01 11:05:08,24230.0,200.0,56500.0
131,2021-10-01 11:04:13,24240.0,400.0,56300.0
132,2021-10-01 11:00:50,24210.0,100.0,55900.0
133,2021-10-01 11:00:01,24210.0,200.0,55800.0
134,2021-10-01 10:59:21,24230.0,700.0,55600.0
135,2021-10-01 10:59:21,24230.0,200.0,54900.0
136,2021-10-01 10:57:23,24200.0,500.0,54700.0
137,2021-10-01 10:57:23,24200.0,100.0,54200.0
138,2021-10-01 10:57:23,24200.0,200.0,54100.0
139,2021-10-01 10:57:23,24200.0,1000.0,53900.0
140,2021-10-01 10:57:23,24200.0,700.0,52900.0
141,2021-10-01 10:57:23,24200.0,100.0,52200.0
142,2021-10-01 10:57:23,24200.0,100.0,52100.0
143,2021-10-01 10:57:23,24200.0,700.0,52000.0
144,2021-10-01 10:57:23,24200.0,1000.0,51300.0
145,2021-10-01 10:57:23,24200.0,100.0,50300.0
146,2021-10-01 10:57:23,24200.0,100.0,50200.0
147,2021-10-01 10:57:23,24200.0,100.0,50100.0
148,2021-10-01 10:57:23,24200.0,1000.0,50000.0
149,2021-10-01 10:57:23,24200.0,100.0,49000.0
150,2021-10-01 10:57:23,24200.0,100.0,48900.0
151,2021-10-01 10:57:23,24200.0,200.0,48800.0
152,2021-10-01 10:57:06,24200.0,100.0,48600.0
153,2021-10-01 10:57:06,24200.0,500.0,48500.0
154,2021-10-01 10:57:06,24200.0,100.0,48000.0
155,2021-10-01 10:57:06,24200.0,100.0,47900.0
156,2021-10-01 10:57:06,24200.0,100.0,47800.0
157,2021-10-01 10:57:06,24200.0,100.0,47700.0
158,2021-10-01 10:56:35,24210.0,200.0,47600.0
159,2021-10-01 10:55:00,24210.0,2000.0,47400.0
160,2021-10-01 10:54:24,24210.0,500.0,45400.0
161,2021-10-01 10:54:24,24210.0,100.0,44900.0
162,2021-10-01 10:54:24,24210.0,400.0,44800.0
163,2021-10-01 10:54:24,24220.0,1000.0,44400.0
164,2021-10-01 10:54:24,24220.0,300.0,43400.0
165,2021-10-01 10:47:40,24220.0,100.0,43100.0
166,2021-10-01 10:45:20,24220.0,400.0,43000.0
167,2021-10-01 10:45:20,24220.0,100.0,42600.0
168,2021-10-01 10:44:26,24230.0,100.0,42500.0
169,2021-10-01 10:44:00,24250.0,100.0,42400.0
170,2021-10-01 10:44:00,24250.0,100.0,42300.0
171,2021-10-01 10:44:00,24240.0,300.0,42200.0
172,2021-10-01 10:43:13,24240.0,100.0,41900.0
173,2021-10-01 10:40:00,24240.0,100.0,41800.0
174,2021-10-01 10:39:29,24240.0,100.0,41700.0
175,2021-10-01 10:38:15,24240.0,100.0,41600.0
176,2021-10-01 10:36:15,24250.0,100.0,41500.0
177,2021-10-01 10:30:25,24220.0,100.0,41400.0
178,2021-10-01 10:29:28,24220.0,500.0,41300.0
179,2021-10-01 10:28:53,24220.0,100.0,40800.0
180,2021-10-01 10:28:45,24220.0,100.0,40700.0
181,2021-10-01 10:27:10,24220.0,100.0,40600.0
182,2021-10-01 10:26:30,24210.0,100.0,40500.0
183,2021-10-01 10:12:38,24200.0,200.0,40400.0
184,2021-10-01 10:11:35,24200.0,100.0,40200.0
185,2021-10-01 10:11:35,24200.0,100.0,40100.0
186,2021-10-01 10:08:03,24200.0,200.0,40000.0
187,2021-10-01 10:07:37,24200.0,100.0,39800.0
188,2021-10-01 10:06:44,24200.0,100.0,39700.0
189,2021-10-01 10:05:26,24200.0,100.0,39600.0
190,2021-10-01 10:04:49,24190.0,100.0,39500.0
191,2021-10-01 10:04:49,24190.0,100.0,39400.0
192,2021-10-01 10:04:45,24200.0,100.0,39300.0
193,2021-10-01 10:03:44,24200.0,100.0,39200.0
194,2021-10-01 10:03:44,24200.0,100.0,39100.0
195,2021-10-01 10:03:44,24200.0,400.0,39000.0
196,2021-10-01 10:03:44,24200.0,100.0,38600.0
197,2021-10-01 10:03:44,24200.0,100.0,38500.0
198,2021-10-01 09:59:55,24210.0,100.0,38400.0
199,2021-10-01 09:59:55,24210.0,900.0,38300.0
200,2021-10-01 09:59:22,24210.0,600.0,37400.0
201,2021-10-01 09:58:58,24210.0,200.0,36800.0
202,2021-10-01 09:56:10,24200.0,100.0,36600.0
203,2021-10-01 09:56:10,24200.0,100.0,36500.0
204,2021-10-01 09:56:10,24200.0,100.0,36400.0
205,2021-10-01 09:54:09,24190.0,200.0,36300.0
206,2021-10-01 09:54:08,24190.0,100.0,36100.0
207,2021-10-01 09:54:08,24190.0,100.0,36000.0
208,2021-10-01 09:54:08,24190.0,200.0,35900.0
209,2021-10-01 09:54:08,24190.0,300.0,35700.0
210,2021-10-01 09:53:37,24200.0,200.0,35400.0
211,2021-10-01 09:53:33,24200.0,100.0,35200.0
212,2021-10-01 09:53:33,24200.0,100.0,35100.0
213,2021-10-01 09:53:33,24200.0,100.0,35000.0
214,2021-10-01 09:53:33,24200.0,100.0,34900.0
215,2021-10-01 09:53:33,24200.0,100.0,34800.0
216,2021-10-01 09:53:33,24200.0,200.0,34700.0
217,2021-10-01 09:53:33,24200.0,200.0,34500.0
218,2021-10-01 09:53:33,24200.0,100.0,34300.0
219,2021-10-01 09:53:33,24200.0,100.0,34200.0
220,2021-10-01 09:53:33,24200.0,100.0,34100.0
221,2021-10-01 09:53:33,24200.0,200.0,34000.0
222,2021-10-01 09:53:33,24200.0,100.0,33800.0
223,2021-10-01 09:53:33,24200.0,100.0,33700.0
224,2021-10-01 09:53:33,24200.0,200.0,33600.0
225,2021-10-01 09:53:33,24200.0,100.0,33400.0
226,2021-10-01 09:53:33,24200.0,200.0,33300.0
227,2021-10-01 09:53:33,24200.0,300.0,33100.0
228,2021-10-01 09:53:33,24200.0,100.0,32800.0
229,2021-10-01 09:53:33,24200.0,100.0,32700.0
230,2021-10-01 09:53:33,24200.0,200.0,32600.0
231,2021-10-01 09:53:33,24200.0,8900.0,32400.0
232,2021-10-01 09:52:24,24210.0,200.0,23500.0
233,2021-10-01 09:52:24,24210.0,100.0,23300.0
234,2021-10-01 09:52:24,24210.0,100.0,23200.0
235,2021-10-01 09:51:13,24210.0,100.0,23100.0
236,2021-10-01 09:50:51,24220.0,100.0,23000.0
237,2021-10-01 09:50:28,24220.0,100.0,22900.0
238,2021-10-01 09:50:18,24230.0,1000.0,22800.0
239,2021-10-01 09:50:16,24230.0,500.0,21800.0
240,2021-10-01 09:50:10,24230.0,100.0,21300.0
241,2021-10-01 09:49:57,24230.0,2000.0,21200.0
242,2021-10-01 09:49:53,24230.0,500.0,19200.0
243,2021-10-01 09:49:30,24240.0,100.0,18700.0
244,2021-10-01 09:49:28,24250.0,2000.0,18600.0
245,2021-10-01 09:47:37,24250.0,100.0,16600.0
246,2021-10-01 09:47:37,24250.0,100.0,16500.0
247,2021-10-01 09:46:26,24260.0,900.0,16400.0
248,2021-10-01 09:45:49,24260.0,100.0,15500.0
249,2021-10-01 09:45:23,24260.0,1000.0,15400.0
250,2021-10-01 09:44:42,24260.0,100.0,14400.0
251,2021-10-01 09:44:34,24260.0,1000.0,14300.0
252,2021-10-01 09:44:22,24270.0,2000.0,13300.0
253,2021-10-01 09:44:05,24270.0,200.0,11300.0
254,2021-10-01 09:37:06,24240.0,200.0,11100.0
255,2021-10-01 09:32:05,24200.0,1100.0,10900.0
256,2021-10-01 09:32:05,24200.0,200.0,9800.0
257,2021-10-01 09:32:05,24200.0,100.0,9600.0
258,2021-10-01 09:32:05,24200.0,100.0,9500.0
259,2021-10-01 09:32:05,24210.0,200.0,9400.0
260,2021-10-01 09:32:05,24210.0,100.0,9200.0
261,2021-10-01 09:32:05,24220.0,100.0,9100.0
262,2021-10-01 09:31:14,24230.0,100.0,9000.0
263,2021-10-01 09:30:36,24230.0,100.0,8900.0
264,2021-10-01 09:30:36,24230.0,100.0,8800.0
265,2021-10-01 09:29:51,24230.0,200.0,8700.0
266,2021-10-01 09:29:18,24240.0,100.0,8500.0
267,2021-10-01 09:28:14,24230.0,100.0,8400.0
268,2021-10-01 09:28:07,24240.0,100.0,8300.0
269,2021-10-01 09:28:05,24240.0,100.0,8200.0
270,2021-10-01 09:28:05,24240.0,100.0,8100.0
271,2021-10-01 09:28:05,24240.0,100.0,8000.0
272,2021-10-01 09:28:05,24240.0,1000.0,7900.0
273,2021-10-01 09:28:05,24240.0,700.0,6900.0
274,2021-10-01 09:28:05,24240.0,100.0,6200.0
275,2021-10-01 09:28:05,24240.0,100.0,6100.0
276,2021-10-01 09:28:05,24240.0,100.0,6000.0
277,2021-10-01 09:28:05,24240.0,100.0,5900.0
278,2021-10-01 09:28:05,24240.0,100.0,5800.0
279,2021-10-01 09:28:05,24240.0,100.0,5700.0
280,2021-10-01 09:28:05,24240.0,100.0,5600.0
281,2021-10-01 09:28:05,24240.0,100.0,5500.0
282,2021-10-01 09:28:05,24240.0,200.0,5400.0
283,2021-10-01 09:28:05,24250.0,200.0,5200.0
284,2021-10-01 09:28:05,24250.0,100.0,5000.0
285,2021-10-01 09:28:05,24250.0,100.0,4900.0
286,2021-10-01 09:27:51,24260.0,100.0,4800.0
287,2021-10-01 09:26:50,24270.0,100.0,4700.0
288,2021-10-01 09:21:36,24240.0,100.0,4600.0
289,2021-10-01 09:20:27,24290.0,200.0,4500.0
290,2021-10-01 09:19:43,24240.0,100.0,4300.0
291,2021-10-01 09:19:43,24250.0,100.0,4200.0
292,2021-10-01 09:19:43,24250.0,100.0,4100.0
293,2021-10-01 09:19:22,24280.0,900.0,4000.0
294,2021-10-01 09:18:40,24290.0,100.0,3100.0
295,2021-10-01 09:18:13,24300.0,100.0,3000.0
296,2021-10-01 09:17:55,24300.0,500.0,2900.0
297,2021-10-01 09:16:19,24400.0,100.0,2400.0
298,2021-10-01 09:16:19,24400.0,100.0,2300.0
299,2021-10-01 09:16:19,24400.0,100.0,2200.0
300,2021-10-01 09:16:19,24500.0,100.0,2100.0
301,2021-10-01 09:16:19,24500.0,100.0,2000.0
302,2021-10-01 09:15:31,24550.0,200.0,1900.0
303,2021-10-01 09:15:20,24500.0,100.0,1700.0
304,2021-10-01 09:15:01,24550.0,100.0,1600.0
305,2021-10-01 09:15:01,24550.0,200.0,1500.0
306,2021-10-01 09:15:01,24550.0,100.0,1300.0
307,2021-10-01 09:15:01,24550.0,100.0,1200.0
308,2021-10-01 09:15:01,24550.0,200.0,1100.0
309,2021-10-01 09:15:01,24550.0,200.0,900.0
310,2021-10-01 09:15:01,24550.0,100.0,700.0
311,2021-10-01 09:15:01,24550.0,100.0,600.0
312,2021-10-01 09:15:01,24550.0,100.0,500.0
313,2021-10-01 09:15:01,24550.0,100.0,400.0
314,2021-10-01 09:15:01,24550.0,100.0,300.0
315,2021-10-01 09:15:01,24550.0,100.0,200.0
316,2021-10-01 09:15:01,24550.0,100.0,100.0
