,Time,Price,Volume_per_trade,Volume
0,2021-10-11 07:45:01,51000.0,100.0,2910600.0
1,2021-10-11 07:45:01,51000.0,100.0,2910500.0
2,2021-10-11 07:45:01,51000.0,900.0,2910400.0
3,2021-10-11 07:45:01,51000.0,100.0,2909500.0
4,2021-10-11 07:45:01,51000.0,500.0,2909400.0
5,2021-10-11 07:45:01,51000.0,100.0,2908900.0
6,2021-10-11 07:45:01,51000.0,400.0,2908800.0
7,2021-10-11 07:45:01,51000.0,100.0,2908400.0
8,2021-10-11 07:45:01,51000.0,200.0,2908300.0
9,2021-10-11 07:45:01,51000.0,300.0,2908100.0
10,2021-10-11 07:45:01,51000.0,500.0,2907800.0
11,2021-10-11 07:45:01,51000.0,200.0,2907300.0
12,2021-10-11 07:45:01,51000.0,1000.0,2907100.0
13,2021-10-11 07:45:01,51000.0,2000.0,2906100.0
14,2021-10-11 07:45:01,51000.0,200.0,2904100.0
15,2021-10-11 07:45:01,51000.0,500.0,2903900.0
16,2021-10-11 07:45:01,51000.0,100.0,2903400.0
17,2021-10-11 07:45:01,51000.0,2200.0,2903300.0
18,2021-10-11 07:45:01,51000.0,600.0,2901100.0
19,2021-10-11 07:45:01,51000.0,100.0,2900500.0
20,2021-10-11 07:45:01,51000.0,100.0,2900400.0
21,2021-10-11 07:45:01,51000.0,100.0,2900300.0
22,2021-10-11 07:45:01,51000.0,500.0,2900200.0
23,2021-10-11 07:45:01,51000.0,100.0,2899700.0
24,2021-10-11 07:45:01,51000.0,100.0,2899600.0
25,2021-10-11 07:45:01,51000.0,100.0,2899500.0
26,2021-10-11 07:45:01,51000.0,400.0,2899400.0
27,2021-10-11 07:45:01,51000.0,100.0,2899000.0
28,2021-10-11 07:45:01,51000.0,100.0,2898900.0
29,2021-10-11 07:45:01,51000.0,300.0,2898800.0
30,2021-10-11 07:45:01,51000.0,100.0,2898500.0
31,2021-10-11 07:45:01,51000.0,200.0,2898400.0
32,2021-10-11 07:45:01,51000.0,100.0,2898200.0
33,2021-10-11 07:45:01,51000.0,700.0,2898100.0
34,2021-10-11 07:45:01,51000.0,400.0,2897400.0
35,2021-10-11 07:45:01,51000.0,100.0,2897000.0
36,2021-10-11 07:45:01,51000.0,100.0,2896900.0
37,2021-10-11 07:45:01,51000.0,300.0,2896800.0
38,2021-10-11 07:45:01,51000.0,1000.0,2896500.0
39,2021-10-11 07:45:01,51000.0,100.0,2895500.0
40,2021-10-11 07:45:01,51000.0,100.0,2895400.0
41,2021-10-11 07:45:01,51000.0,1000.0,2895300.0
42,2021-10-11 07:45:01,51000.0,100.0,2894300.0
43,2021-10-11 07:45:01,51000.0,200.0,2894200.0
44,2021-10-11 07:45:01,51000.0,300.0,2894000.0
45,2021-10-11 07:45:01,51000.0,200.0,2893700.0
46,2021-10-11 07:45:01,51000.0,200.0,2893500.0
47,2021-10-11 07:45:01,51000.0,500.0,2893300.0
48,2021-10-11 07:45:01,51000.0,200.0,2892800.0
49,2021-10-11 07:45:01,51000.0,1100.0,2892600.0
50,2021-10-11 07:45:01,51000.0,100.0,2891500.0
51,2021-10-11 07:45:01,51000.0,100.0,2891400.0
52,2021-10-11 07:45:01,51000.0,200.0,2891300.0
53,2021-10-11 07:45:01,51000.0,1300.0,2891100.0
54,2021-10-11 07:45:01,51000.0,1000.0,2889800.0
55,2021-10-11 07:45:01,51000.0,200.0,2888800.0
56,2021-10-11 07:45:01,51000.0,100.0,2888600.0
57,2021-10-11 07:45:01,51000.0,300.0,2888500.0
58,2021-10-11 07:45:01,51000.0,400.0,2888200.0
59,2021-10-11 07:45:01,51000.0,200.0,2887800.0
60,2021-10-11 07:45:01,51000.0,2300.0,2887600.0
61,2021-10-11 07:45:01,51000.0,800.0,2885300.0
62,2021-10-11 07:45:01,51000.0,2000.0,2884500.0
63,2021-10-11 07:45:01,51000.0,100.0,2882500.0
64,2021-10-11 07:45:01,51000.0,600.0,2882400.0
65,2021-10-11 07:45:01,51000.0,4200.0,2881800.0
66,2021-10-11 07:45:01,51000.0,200.0,2877600.0
67,2021-10-11 07:45:01,51000.0,400.0,2877400.0
68,2021-10-11 07:45:01,51000.0,400.0,2877000.0
69,2021-10-11 07:45:01,51000.0,500.0,2876600.0
70,2021-10-11 07:45:01,51000.0,500.0,2876100.0
71,2021-10-11 07:45:01,51000.0,3200.0,2875600.0
72,2021-10-11 07:45:01,51000.0,800.0,2872400.0
73,2021-10-11 07:45:01,51000.0,100.0,2871600.0
74,2021-10-11 07:45:01,51000.0,100.0,2871500.0
75,2021-10-11 07:45:01,51000.0,900.0,2871400.0
76,2021-10-11 07:45:01,51000.0,100.0,2870500.0
77,2021-10-11 07:45:01,51000.0,800.0,2870400.0
78,2021-10-11 07:45:01,51000.0,4100.0,2869600.0
79,2021-10-11 07:45:01,51000.0,300.0,2865500.0
80,2021-10-11 07:45:01,51000.0,1000.0,2865200.0
81,2021-10-11 07:45:01,51000.0,100.0,2864200.0
82,2021-10-11 07:45:01,51000.0,500.0,2864100.0
83,2021-10-11 07:45:01,51000.0,1500.0,2863600.0
84,2021-10-11 07:45:01,51000.0,2000.0,2862100.0
85,2021-10-11 07:45:01,51000.0,500.0,2860100.0
86,2021-10-11 07:45:01,51000.0,200.0,2859600.0
87,2021-10-11 07:45:01,51000.0,5800.0,2859400.0
88,2021-10-11 07:45:01,51000.0,2200.0,2853600.0
89,2021-10-11 07:45:01,51000.0,200.0,2851400.0
90,2021-10-11 07:45:01,51000.0,500.0,2851200.0
91,2021-10-11 07:45:01,51000.0,200.0,2850700.0
92,2021-10-11 07:45:01,51000.0,1900.0,2850500.0
93,2021-10-11 07:45:01,51000.0,2000.0,2848600.0
94,2021-10-11 07:45:01,51000.0,900.0,2846600.0
95,2021-10-11 07:45:01,51000.0,200.0,2845700.0
96,2021-10-11 07:45:01,51000.0,200.0,2845500.0
97,2021-10-11 07:45:01,51000.0,100.0,2845300.0
98,2021-10-11 07:45:01,51000.0,5000.0,2845200.0
99,2021-10-11 07:45:01,51000.0,100.0,2840200.0
100,2021-10-11 07:45:01,51000.0,500.0,2840100.0
101,2021-10-11 07:45:01,51000.0,300.0,2839600.0
102,2021-10-11 07:45:01,51000.0,400.0,2839300.0
103,2021-10-11 07:45:01,51000.0,1000.0,2838900.0
104,2021-10-11 07:45:01,51000.0,500.0,2837900.0
105,2021-10-11 07:45:01,51000.0,100.0,2837400.0
106,2021-10-11 07:45:01,51000.0,1600.0,2837300.0
107,2021-10-11 07:45:01,51000.0,400.0,2835700.0
108,2021-10-11 07:45:01,51000.0,100.0,2835300.0
109,2021-10-11 07:45:01,51000.0,500.0,2835200.0
110,2021-10-11 07:45:01,51000.0,500.0,2834700.0
111,2021-10-11 07:45:01,51000.0,100.0,2834200.0
112,2021-10-11 07:45:01,51000.0,500.0,2834100.0
113,2021-10-11 07:45:01,51000.0,1500.0,2833600.0
114,2021-10-11 07:45:01,51000.0,1000.0,2832100.0
115,2021-10-11 07:45:01,51000.0,4000.0,2831100.0
116,2021-10-11 07:45:01,51000.0,800.0,2827100.0
117,2021-10-11 07:45:01,51000.0,1000.0,2826300.0
118,2021-10-11 07:45:01,51000.0,2100.0,2825300.0
119,2021-10-11 07:45:01,51000.0,200.0,2823200.0
120,2021-10-11 07:45:01,51000.0,300.0,2823000.0
121,2021-10-11 07:45:01,51000.0,700.0,2822700.0
122,2021-10-11 07:45:01,51000.0,3000.0,2822000.0
123,2021-10-11 07:45:01,51000.0,1300.0,2819000.0
124,2021-10-11 07:29:58,51000.0,3000.0,2817700.0
125,2021-10-11 07:29:57,50900.0,4800.0,2814700.0
126,2021-10-11 07:29:57,50900.0,2000.0,2809900.0
127,2021-10-11 07:29:57,50900.0,1000.0,2807900.0
128,2021-10-11 07:29:57,50900.0,1500.0,2806900.0
129,2021-10-11 07:29:57,50900.0,700.0,2805400.0
130,2021-10-11 07:29:57,51000.0,700.0,2804700.0
131,2021-10-11 07:29:56,50900.0,300.0,2804000.0
132,2021-10-11 07:29:56,50900.0,1000.0,2803700.0
133,2021-10-11 07:29:56,50900.0,2000.0,2802700.0
134,2021-10-11 07:29:56,50900.0,3000.0,2800700.0
135,2021-10-11 07:29:56,50900.0,100.0,2797700.0
136,2021-10-11 07:29:56,50900.0,200.0,2797600.0
137,2021-10-11 07:29:56,50900.0,700.0,2797400.0
138,2021-10-11 07:29:56,50900.0,200.0,2796700.0
139,2021-10-11 07:29:54,50900.0,100.0,2796500.0
140,2021-10-11 07:29:53,51000.0,100.0,2796400.0
141,2021-10-11 07:29:37,51000.0,1500.0,2796300.0
142,2021-10-11 07:29:37,51000.0,500.0,2794800.0
143,2021-10-11 07:29:37,51000.0,500.0,2794300.0
144,2021-10-11 07:29:37,51000.0,1200.0,2793800.0
145,2021-10-11 07:29:37,51000.0,100.0,2792600.0
146,2021-10-11 07:29:37,51000.0,600.0,2792500.0
147,2021-10-11 07:29:37,51000.0,10000.0,2791900.0
148,2021-10-11 07:29:37,51000.0,1000.0,2781900.0
149,2021-10-11 07:29:37,51000.0,500.0,2780900.0
150,2021-10-11 07:29:37,51000.0,100.0,2780400.0
151,2021-10-11 07:29:37,51000.0,3000.0,2780300.0
152,2021-10-11 07:29:37,51000.0,700.0,2777300.0
153,2021-10-11 07:29:37,51000.0,1000.0,2776600.0
154,2021-10-11 07:29:37,51000.0,100.0,2775600.0
155,2021-10-11 07:29:37,51000.0,500.0,2775500.0
156,2021-10-11 07:29:37,51000.0,200.0,2775000.0
157,2021-10-11 07:29:37,51000.0,500.0,2774800.0
158,2021-10-11 07:29:37,51000.0,100.0,2774300.0
159,2021-10-11 07:29:37,51000.0,200.0,2774200.0
160,2021-10-11 07:29:37,51000.0,200.0,2774000.0
161,2021-10-11 07:29:37,51000.0,1000.0,2773800.0
162,2021-10-11 07:29:37,51000.0,100.0,2772800.0
163,2021-10-11 07:29:37,51000.0,1000.0,2772700.0
164,2021-10-11 07:29:37,51000.0,100.0,2771700.0
165,2021-10-11 07:29:37,51000.0,500.0,2771600.0
166,2021-10-11 07:29:37,51000.0,8000.0,2771100.0
167,2021-10-11 07:29:37,51000.0,100.0,2763100.0
168,2021-10-11 07:29:37,51000.0,300.0,2763000.0
169,2021-10-11 07:29:37,51000.0,300.0,2762700.0
170,2021-10-11 07:29:37,51000.0,200.0,2762400.0
171,2021-10-11 07:29:37,51000.0,100.0,2762200.0
172,2021-10-11 07:29:37,51000.0,1000.0,2762100.0
173,2021-10-11 07:29:37,51000.0,200.0,2761100.0
174,2021-10-11 07:29:37,51000.0,500.0,2760900.0
175,2021-10-11 07:29:37,51000.0,700.0,2760400.0
176,2021-10-11 07:29:37,51000.0,100.0,2759700.0
177,2021-10-11 07:29:37,51000.0,200.0,2759600.0
178,2021-10-11 07:29:37,51000.0,4000.0,2759400.0
179,2021-10-11 07:29:37,51000.0,100.0,2755400.0
180,2021-10-11 07:29:37,51000.0,1000.0,2755300.0
181,2021-10-11 07:29:34,51000.0,600.0,2754300.0
182,2021-10-11 07:29:29,51000.0,100.0,2753700.0
183,2021-10-11 07:29:22,51000.0,200.0,2753600.0
184,2021-10-11 07:29:14,51000.0,100.0,2753400.0
185,2021-10-11 07:29:14,51000.0,500.0,2753300.0
186,2021-10-11 07:29:14,51000.0,500.0,2752800.0
187,2021-10-11 07:29:14,51000.0,2000.0,2752300.0
188,2021-10-11 07:29:08,50900.0,600.0,2750300.0
189,2021-10-11 07:28:56,50900.0,200.0,2749700.0
190,2021-10-11 07:28:50,50900.0,400.0,2749500.0
191,2021-10-11 07:28:50,51000.0,1000.0,2749100.0
192,2021-10-11 07:28:43,50900.0,100.0,2748100.0
193,2021-10-11 07:28:28,50900.0,300.0,2748000.0
194,2021-10-11 07:28:28,50900.0,300.0,2747700.0
195,2021-10-11 07:28:28,50900.0,200.0,2747400.0
196,2021-10-11 07:28:28,50900.0,100.0,2747200.0
197,2021-10-11 07:28:28,50900.0,500.0,2747100.0
198,2021-10-11 07:28:28,50900.0,600.0,2746600.0
199,2021-10-11 07:28:24,50900.0,400.0,2746000.0
200,2021-10-11 07:28:24,50900.0,100.0,2745600.0
201,2021-10-11 07:27:51,50900.0,100.0,2745500.0
202,2021-10-11 07:27:51,50900.0,500.0,2745400.0
203,2021-10-11 07:27:51,50900.0,1400.0,2744900.0
204,2021-10-11 07:27:43,50900.0,600.0,2743500.0
205,2021-10-11 07:27:42,50900.0,300.0,2742900.0
206,2021-10-11 07:27:38,50900.0,500.0,2742600.0
207,2021-10-11 07:27:38,50900.0,600.0,2742100.0
208,2021-10-11 07:27:33,50900.0,400.0,2741500.0
209,2021-10-11 07:27:33,50900.0,600.0,2741100.0
210,2021-10-11 07:27:28,50900.0,400.0,2740500.0
211,2021-10-11 07:27:27,50900.0,200.0,2740100.0
212,2021-10-11 07:27:27,50900.0,100.0,2739900.0
213,2021-10-11 07:27:27,50900.0,100.0,2739800.0
214,2021-10-11 07:27:27,50900.0,200.0,2739700.0
215,2021-10-11 07:27:26,50900.0,500.0,2739500.0
216,2021-10-11 07:27:21,50900.0,300.0,2739000.0
217,2021-10-11 07:27:21,50900.0,200.0,2738700.0
218,2021-10-11 07:27:20,50900.0,300.0,2738500.0
219,2021-10-11 07:27:17,50900.0,500.0,2738200.0
220,2021-10-11 07:27:07,50800.0,200.0,2737700.0
221,2021-10-11 07:27:07,50800.0,200.0,2737500.0
222,2021-10-11 07:27:07,50800.0,100.0,2737300.0
223,2021-10-11 07:27:07,50800.0,100.0,2737200.0
224,2021-10-11 07:27:07,50800.0,400.0,2737100.0
225,2021-10-11 07:27:07,50800.0,100.0,2736700.0
226,2021-10-11 07:27:07,50800.0,1700.0,2736600.0
227,2021-10-11 07:27:07,50900.0,800.0,2734900.0
228,2021-10-11 07:27:07,50900.0,4400.0,2734100.0
229,2021-10-11 07:27:03,50900.0,100.0,2729700.0
230,2021-10-11 07:26:56,50900.0,500.0,2729600.0
231,2021-10-11 07:26:56,50900.0,2000.0,2729100.0
232,2021-10-11 07:26:56,50900.0,20000.0,2727100.0
233,2021-10-11 07:26:56,50900.0,200.0,2707100.0
234,2021-10-11 07:26:56,50900.0,2200.0,2706900.0
235,2021-10-11 07:26:51,50900.0,1000.0,2704700.0
236,2021-10-11 07:26:51,50900.0,1000.0,2703700.0
237,2021-10-11 07:26:51,50900.0,100.0,2702700.0
238,2021-10-11 07:26:51,50900.0,400.0,2702600.0
239,2021-10-11 07:26:51,50900.0,100.0,2702200.0
240,2021-10-11 07:26:51,50900.0,100.0,2702100.0
241,2021-10-11 07:26:51,50900.0,1000.0,2702000.0
242,2021-10-11 07:26:51,50900.0,200.0,2701000.0
243,2021-10-11 07:26:51,50900.0,1000.0,2700800.0
244,2021-10-11 07:26:51,50900.0,1000.0,2699800.0
245,2021-10-11 07:26:51,50900.0,500.0,2698800.0
246,2021-10-11 07:26:51,50900.0,300.0,2698300.0
247,2021-10-11 07:26:51,50900.0,1000.0,2698000.0
248,2021-10-11 07:26:51,50900.0,200.0,2697000.0
249,2021-10-11 07:26:51,50900.0,100.0,2696800.0
250,2021-10-11 07:26:51,50900.0,2000.0,2696700.0
251,2021-10-11 07:26:47,50900.0,200.0,2694700.0
252,2021-10-11 07:26:47,50900.0,6000.0,2694500.0
253,2021-10-11 07:26:44,50900.0,3800.0,2688500.0
254,2021-10-11 07:26:44,50900.0,500.0,2684700.0
255,2021-10-11 07:26:44,50900.0,1000.0,2684200.0
256,2021-10-11 07:26:44,50900.0,2500.0,2683200.0
257,2021-10-11 07:26:44,50900.0,600.0,2680700.0
258,2021-10-11 07:26:44,50900.0,300.0,2680100.0
259,2021-10-11 07:26:44,50900.0,100.0,2679800.0
260,2021-10-11 07:26:44,50900.0,1000.0,2679700.0
261,2021-10-11 07:26:44,50900.0,200.0,2678700.0
262,2021-10-11 07:26:42,50900.0,200.0,2678500.0
263,2021-10-11 07:26:37,50800.0,300.0,2678300.0
264,2021-10-11 07:26:37,50800.0,300.0,2678000.0
265,2021-10-11 07:26:34,50900.0,1800.0,2677700.0
266,2021-10-11 07:26:34,50900.0,500.0,2675900.0
267,2021-10-11 07:26:34,50900.0,700.0,2675400.0
268,2021-10-11 07:26:34,50900.0,300.0,2674700.0
269,2021-10-11 07:26:34,50900.0,200.0,2674400.0
270,2021-10-11 07:26:26,50900.0,100.0,2674200.0
271,2021-10-11 07:26:16,50900.0,300.0,2674100.0
272,2021-10-11 07:26:10,50900.0,200.0,2673800.0
273,2021-10-11 07:26:10,50900.0,100.0,2673600.0
274,2021-10-11 07:26:04,50900.0,200.0,2673500.0
275,2021-10-11 07:26:04,50900.0,400.0,2673300.0
276,2021-10-11 07:26:04,50900.0,200.0,2672900.0
277,2021-10-11 07:26:04,50900.0,100.0,2672700.0
278,2021-10-11 07:26:04,50900.0,1500.0,2672600.0
279,2021-10-11 07:26:04,50900.0,100.0,2671100.0
280,2021-10-11 07:26:04,50900.0,500.0,2671000.0
281,2021-10-11 07:25:57,50900.0,100.0,2670500.0
282,2021-10-11 07:25:53,50900.0,100.0,2670400.0
283,2021-10-11 07:25:51,50900.0,100.0,2670300.0
284,2021-10-11 07:25:49,50900.0,200.0,2670200.0
285,2021-10-11 07:25:49,50900.0,500.0,2670000.0
286,2021-10-11 07:25:49,50900.0,500.0,2669500.0
287,2021-10-11 07:25:49,50900.0,400.0,2669000.0
288,2021-10-11 07:25:49,50900.0,200.0,2668600.0
289,2021-10-11 07:25:49,50900.0,3200.0,2668400.0
290,2021-10-11 07:25:47,50900.0,100.0,2665200.0
291,2021-10-11 07:25:36,50800.0,600.0,2665100.0
292,2021-10-11 07:25:21,50800.0,1000.0,2664500.0
293,2021-10-11 07:25:20,50900.0,1000.0,2663500.0
294,2021-10-11 07:25:19,50900.0,100.0,2662500.0
295,2021-10-11 07:25:07,50900.0,500.0,2662400.0
296,2021-10-11 07:24:57,50900.0,100.0,2661900.0
297,2021-10-11 07:24:55,50900.0,300.0,2661800.0
298,2021-10-11 07:24:53,50900.0,400.0,2661500.0
299,2021-10-11 07:24:35,50900.0,100.0,2661100.0
300,2021-10-11 07:24:35,50900.0,100.0,2661000.0
301,2021-10-11 07:24:34,50900.0,300.0,2660900.0
302,2021-10-11 07:24:28,50900.0,500.0,2660600.0
303,2021-10-11 07:24:22,50900.0,300.0,2660100.0
304,2021-10-11 07:24:20,50900.0,1000.0,2659800.0
305,2021-10-11 07:24:08,50900.0,100.0,2658800.0
306,2021-10-11 07:24:08,50900.0,500.0,2658700.0
307,2021-10-11 07:24:05,50900.0,100.0,2658200.0
308,2021-10-11 07:24:04,50900.0,3000.0,2658100.0
309,2021-10-11 07:24:02,50800.0,100.0,2655100.0
310,2021-10-11 07:24:02,50800.0,900.0,2655000.0
311,2021-10-11 07:23:54,50900.0,2000.0,2654100.0
312,2021-10-11 07:23:38,50900.0,700.0,2652100.0
313,2021-10-11 07:23:36,50800.0,100.0,2651400.0
314,2021-10-11 07:23:36,50800.0,100.0,2651300.0
315,2021-10-11 07:23:36,50800.0,500.0,2651200.0
316,2021-10-11 07:23:36,50800.0,200.0,2650700.0
317,2021-10-11 07:23:36,50800.0,100.0,2650500.0
318,2021-10-11 07:23:36,50800.0,1000.0,2650400.0
319,2021-10-11 07:23:36,50800.0,900.0,2649400.0
320,2021-10-11 07:23:36,50800.0,100.0,2648500.0
321,2021-10-11 07:23:36,50800.0,100.0,2648400.0
322,2021-10-11 07:23:36,50800.0,4900.0,2648300.0
323,2021-10-11 07:23:32,50900.0,500.0,2643400.0
324,2021-10-11 07:23:31,50900.0,100.0,2642900.0
325,2021-10-11 07:23:27,50900.0,1000.0,2642800.0
326,2021-10-11 07:23:25,50900.0,100.0,2641800.0
327,2021-10-11 07:23:11,50900.0,1000.0,2641700.0
328,2021-10-11 07:23:07,50900.0,2000.0,2640700.0
329,2021-10-11 07:22:59,50900.0,500.0,2638700.0
330,2021-10-11 07:22:51,50900.0,100.0,2638200.0
331,2021-10-11 07:22:49,50800.0,100.0,2638100.0
332,2021-10-11 07:22:49,50800.0,1000.0,2638000.0
333,2021-10-11 07:22:44,50900.0,200.0,2637000.0
334,2021-10-11 07:22:43,50800.0,100.0,2636800.0
335,2021-10-11 07:22:43,50800.0,100.0,2636700.0
336,2021-10-11 07:22:42,50900.0,100.0,2636600.0
337,2021-10-11 07:22:38,50900.0,1700.0,2636500.0
338,2021-10-11 07:22:34,50800.0,100.0,2634800.0
339,2021-10-11 07:22:34,50800.0,500.0,2634700.0
340,2021-10-11 07:22:34,50800.0,100.0,2634200.0
341,2021-10-11 07:22:34,50800.0,100.0,2634100.0
342,2021-10-11 07:22:34,50800.0,200.0,2634000.0
343,2021-10-11 07:22:33,50900.0,100.0,2633800.0
344,2021-10-11 07:22:28,50800.0,1800.0,2633700.0
345,2021-10-11 07:22:28,50800.0,500.0,2631900.0
346,2021-10-11 07:22:28,50800.0,100.0,2631400.0
347,2021-10-11 07:22:28,50800.0,200.0,2631300.0
348,2021-10-11 07:22:28,50800.0,200.0,2631100.0
349,2021-10-11 07:22:28,50800.0,5000.0,2630900.0
350,2021-10-11 07:22:28,50800.0,100.0,2625900.0
351,2021-10-11 07:22:28,50800.0,300.0,2625800.0
352,2021-10-11 07:22:28,50800.0,1000.0,2625500.0
353,2021-10-11 07:22:28,50800.0,800.0,2624500.0
354,2021-10-11 07:22:28,50800.0,1000.0,2623700.0
355,2021-10-11 07:22:28,50800.0,200.0,2622700.0
356,2021-10-11 07:22:28,50800.0,100.0,2622500.0
357,2021-10-11 07:22:28,50800.0,1000.0,2622400.0
358,2021-10-11 07:22:28,50800.0,100.0,2621400.0
359,2021-10-11 07:22:28,50800.0,100.0,2621300.0
360,2021-10-11 07:22:28,50800.0,200.0,2621200.0
361,2021-10-11 07:22:28,50800.0,100.0,2621000.0
362,2021-10-11 07:22:28,50800.0,700.0,2620900.0
363,2021-10-11 07:22:28,50800.0,500.0,2620200.0
364,2021-10-11 07:22:28,50800.0,500.0,2619700.0
365,2021-10-11 07:22:28,50800.0,200.0,2619200.0
366,2021-10-11 07:22:28,50800.0,200.0,2619000.0
367,2021-10-11 07:22:28,50800.0,100.0,2618800.0
368,2021-10-11 07:22:26,50900.0,100.0,2618700.0
369,2021-10-11 07:22:24,50900.0,300.0,2618600.0
370,2021-10-11 07:22:15,50900.0,1500.0,2618300.0
371,2021-10-11 07:22:14,50900.0,3600.0,2616800.0
372,2021-10-11 07:22:07,50900.0,1000.0,2613200.0
373,2021-10-11 07:22:02,50900.0,100.0,2612200.0
374,2021-10-11 07:21:55,50900.0,1600.0,2612100.0
375,2021-10-11 07:21:55,50900.0,100.0,2610500.0
376,2021-10-11 07:21:55,50900.0,200.0,2610400.0
377,2021-10-11 07:21:55,50900.0,500.0,2610200.0
378,2021-10-11 07:21:55,50900.0,200.0,2609700.0
379,2021-10-11 07:21:55,50900.0,200.0,2609500.0
380,2021-10-11 07:21:55,50900.0,600.0,2609300.0
381,2021-10-11 07:21:55,50900.0,100.0,2608700.0
382,2021-10-11 07:21:55,50900.0,100.0,2608600.0
383,2021-10-11 07:21:55,50900.0,100.0,2608500.0
384,2021-10-11 07:21:55,50900.0,3000.0,2608400.0
385,2021-10-11 07:21:55,50900.0,100.0,2605400.0
386,2021-10-11 07:21:55,50900.0,1000.0,2605300.0
387,2021-10-11 07:21:55,50900.0,200.0,2604300.0
388,2021-10-11 07:21:55,50900.0,200.0,2604100.0
389,2021-10-11 07:21:55,50900.0,300.0,2603900.0
390,2021-10-11 07:21:55,50900.0,1000.0,2603600.0
391,2021-10-11 07:21:55,50900.0,500.0,2602600.0
392,2021-10-11 07:21:55,50900.0,100.0,2602100.0
393,2021-10-11 07:21:47,50900.0,100.0,2602000.0
394,2021-10-11 07:21:43,50900.0,300.0,2601900.0
395,2021-10-11 07:21:43,50900.0,200.0,2601600.0
396,2021-10-11 07:21:43,50900.0,1000.0,2601400.0
397,2021-10-11 07:21:43,50900.0,300.0,2600400.0
398,2021-10-11 07:21:43,50900.0,200.0,2600100.0
399,2021-10-11 07:21:42,50900.0,200.0,2599900.0
400,2021-10-11 07:21:38,50900.0,300.0,2599700.0
401,2021-10-11 07:21:37,50900.0,3500.0,2599400.0
402,2021-10-11 07:21:35,50900.0,100.0,2595900.0
403,2021-10-11 07:21:28,50900.0,500.0,2595800.0
404,2021-10-11 07:21:11,50800.0,100.0,2595300.0
405,2021-10-11 07:21:11,50800.0,300.0,2595200.0
406,2021-10-11 07:21:11,50800.0,600.0,2594900.0
407,2021-10-11 07:20:47,50800.0,400.0,2594300.0
408,2021-10-11 07:20:47,50800.0,300.0,2593900.0
409,2021-10-11 07:20:47,50800.0,1000.0,2593600.0
410,2021-10-11 07:20:47,50800.0,500.0,2592600.0
411,2021-10-11 07:20:47,50800.0,200.0,2592100.0
412,2021-10-11 07:20:47,50800.0,300.0,2591900.0
413,2021-10-11 07:20:47,50800.0,200.0,2591600.0
414,2021-10-11 07:20:47,50800.0,1600.0,2591400.0
415,2021-10-11 07:20:47,50800.0,200.0,2589800.0
416,2021-10-11 07:20:47,50800.0,200.0,2589600.0
417,2021-10-11 07:20:47,50800.0,600.0,2589400.0
418,2021-10-11 07:20:47,50800.0,300.0,2588800.0
419,2021-10-11 07:20:47,50800.0,500.0,2588500.0
420,2021-10-11 07:20:47,50800.0,300.0,2588000.0
421,2021-10-11 07:20:47,50800.0,4000.0,2587700.0
422,2021-10-11 07:20:47,50800.0,500.0,2583700.0
423,2021-10-11 07:20:47,50800.0,500.0,2583200.0
424,2021-10-11 07:20:47,50800.0,3400.0,2582700.0
425,2021-10-11 07:20:40,50800.0,1000.0,2579300.0
426,2021-10-11 07:20:38,50800.0,500.0,2578300.0
427,2021-10-11 07:20:35,50800.0,100.0,2577800.0
428,2021-10-11 07:20:35,50800.0,100.0,2577700.0
429,2021-10-11 07:20:35,50800.0,100.0,2577600.0
430,2021-10-11 07:20:32,50800.0,200.0,2577500.0
431,2021-10-11 07:20:32,50800.0,300.0,2577300.0
432,2021-10-11 07:20:32,50800.0,1800.0,2577000.0
433,2021-10-11 07:20:29,50800.0,2000.0,2575200.0
434,2021-10-11 07:20:23,50800.0,2000.0,2573200.0
435,2021-10-11 07:20:09,50800.0,1700.0,2571200.0
436,2021-10-11 07:20:06,50900.0,100.0,2569500.0
437,2021-10-11 07:20:01,50800.0,4000.0,2569400.0
438,2021-10-11 07:19:55,50800.0,1000.0,2565400.0
439,2021-10-11 07:19:41,50900.0,100.0,2564400.0
440,2021-10-11 07:19:41,50800.0,2000.0,2564300.0
441,2021-10-11 07:19:38,50900.0,400.0,2562300.0
442,2021-10-11 07:19:33,50900.0,100.0,2561900.0
443,2021-10-11 07:19:29,50900.0,5000.0,2561800.0
444,2021-10-11 07:19:25,50900.0,300.0,2556800.0
445,2021-10-11 07:19:23,50800.0,1200.0,2556500.0
446,2021-10-11 07:19:21,50900.0,500.0,2555300.0
447,2021-10-11 07:19:20,50800.0,8000.0,2554800.0
448,2021-10-11 07:19:14,50900.0,300.0,2546800.0
449,2021-10-11 07:18:36,50900.0,200.0,2546500.0
450,2021-10-11 07:18:30,50900.0,500.0,2546300.0
451,2021-10-11 07:18:30,50800.0,2100.0,2545800.0
452,2021-10-11 07:18:28,50900.0,4000.0,2543700.0
453,2021-10-11 07:18:28,50800.0,300.0,2539700.0
454,2021-10-11 07:18:17,50900.0,700.0,2539400.0
455,2021-10-11 07:18:00,50800.0,2400.0,2538700.0
456,2021-10-11 07:17:46,50900.0,2000.0,2536300.0
457,2021-10-11 07:17:41,50800.0,2900.0,2534300.0
458,2021-10-11 07:17:33,50900.0,1000.0,2531400.0
459,2021-10-11 07:17:33,50900.0,100.0,2530400.0
460,2021-10-11 07:17:33,50900.0,100.0,2530300.0
461,2021-10-11 07:17:33,50900.0,1100.0,2530200.0
462,2021-10-11 07:17:16,50800.0,3000.0,2529100.0
463,2021-10-11 07:17:11,50900.0,300.0,2526100.0
464,2021-10-11 07:17:07,50800.0,400.0,2525800.0
465,2021-10-11 07:16:57,50900.0,100.0,2525400.0
466,2021-10-11 07:16:49,50800.0,800.0,2525300.0
467,2021-10-11 07:16:48,50900.0,300.0,2524500.0
468,2021-10-11 07:16:24,50900.0,700.0,2524200.0
469,2021-10-11 07:16:24,50900.0,300.0,2523500.0
470,2021-10-11 07:16:09,50800.0,5000.0,2523200.0
471,2021-10-11 07:16:07,50900.0,700.0,2518200.0
472,2021-10-11 07:16:07,50900.0,2000.0,2517500.0
473,2021-10-11 07:16:07,50900.0,200.0,2515500.0
474,2021-10-11 07:16:07,50900.0,200.0,2515300.0
475,2021-10-11 07:16:07,50900.0,300.0,2515100.0
476,2021-10-11 07:16:07,50900.0,200.0,2514800.0
477,2021-10-11 07:16:07,50900.0,1400.0,2514600.0
478,2021-10-11 07:15:48,50900.0,200.0,2513200.0
479,2021-10-11 07:15:39,50900.0,1000.0,2513000.0
480,2021-10-11 07:15:30,50900.0,5000.0,2512000.0
481,2021-10-11 07:15:29,50900.0,800.0,2507000.0
482,2021-10-11 07:15:20,50900.0,200.0,2506200.0
483,2021-10-11 07:15:10,50900.0,400.0,2506000.0
484,2021-10-11 07:15:09,50900.0,300.0,2505600.0
485,2021-10-11 07:14:46,50900.0,700.0,2505300.0
486,2021-10-11 07:14:46,50900.0,300.0,2504600.0
487,2021-10-11 07:14:42,50900.0,200.0,2504300.0
488,2021-10-11 07:14:27,50900.0,300.0,2504100.0
489,2021-10-11 07:14:20,50900.0,100.0,2503800.0
490,2021-10-11 07:14:05,50900.0,100.0,2503700.0
491,2021-10-11 07:13:56,50800.0,8700.0,2503600.0
492,2021-10-11 07:13:51,50800.0,100.0,2494900.0
493,2021-10-11 07:13:50,50800.0,100.0,2494800.0
494,2021-10-11 07:13:45,50800.0,500.0,2494700.0
495,2021-10-11 07:13:45,50800.0,100.0,2494200.0
496,2021-10-11 07:13:45,50800.0,200.0,2494100.0
497,2021-10-11 07:13:45,50800.0,100.0,2493900.0
498,2021-10-11 07:13:45,50800.0,400.0,2493800.0
499,2021-10-11 07:13:30,50900.0,1000.0,2493400.0
500,2021-10-11 07:13:25,50900.0,100.0,2492400.0
501,2021-10-11 07:13:17,50900.0,1000.0,2492300.0
502,2021-10-11 07:13:14,50800.0,3000.0,2491300.0
503,2021-10-11 07:13:12,50800.0,1600.0,2488300.0
504,2021-10-11 07:13:12,50800.0,400.0,2486700.0
505,2021-10-11 07:12:59,50900.0,100.0,2486300.0
506,2021-10-11 07:12:51,50900.0,1400.0,2486200.0
507,2021-10-11 07:12:47,50900.0,100.0,2484800.0
508,2021-10-11 07:12:43,50900.0,100.0,2484700.0
509,2021-10-11 07:12:40,50900.0,100.0,2484600.0
510,2021-10-11 07:12:38,50800.0,400.0,2484500.0
511,2021-10-11 07:12:38,50800.0,100.0,2484100.0
512,2021-10-11 07:12:25,50900.0,100.0,2484000.0
513,2021-10-11 07:12:24,50900.0,100.0,2483900.0
514,2021-10-11 07:12:23,50900.0,1000.0,2483800.0
515,2021-10-11 07:12:17,50900.0,100.0,2482800.0
516,2021-10-11 07:12:04,50900.0,100.0,2482700.0
517,2021-10-11 07:12:02,50900.0,200.0,2482600.0
518,2021-10-11 07:11:59,50800.0,200.0,2482400.0
519,2021-10-11 07:11:59,50800.0,100.0,2482200.0
520,2021-10-11 07:11:42,50900.0,900.0,2482100.0
521,2021-10-11 07:11:35,50900.0,400.0,2481200.0
522,2021-10-11 07:11:35,50900.0,400.0,2480800.0
523,2021-10-11 07:11:23,50900.0,100.0,2480400.0
524,2021-10-11 07:11:19,50900.0,100.0,2480300.0
525,2021-10-11 07:11:19,50900.0,100.0,2480200.0
526,2021-10-11 07:11:14,50900.0,400.0,2480100.0
527,2021-10-11 07:11:13,50900.0,200.0,2479700.0
528,2021-10-11 07:11:13,50900.0,200.0,2479500.0
529,2021-10-11 07:11:10,50900.0,100.0,2479300.0
530,2021-10-11 07:10:59,50900.0,100.0,2479200.0
531,2021-10-11 07:10:57,50900.0,200.0,2479100.0
532,2021-10-11 07:10:47,50900.0,2000.0,2478900.0
533,2021-10-11 07:10:45,50900.0,400.0,2476900.0
534,2021-10-11 07:10:35,50800.0,200.0,2476500.0
535,2021-10-11 07:10:35,50800.0,100.0,2476300.0
536,2021-10-11 07:10:35,50800.0,200.0,2476200.0
537,2021-10-11 07:10:35,50900.0,200.0,2476000.0
538,2021-10-11 07:10:35,50900.0,100.0,2475800.0
539,2021-10-11 07:10:35,50900.0,200.0,2475700.0
540,2021-10-11 07:10:35,50900.0,200.0,2475500.0
541,2021-10-11 07:10:35,50900.0,100.0,2475300.0
542,2021-10-11 07:10:35,50900.0,700.0,2475200.0
543,2021-10-11 07:10:30,50900.0,2800.0,2474500.0
544,2021-10-11 07:10:30,50900.0,1300.0,2471700.0
545,2021-10-11 07:10:30,50900.0,400.0,2470400.0
546,2021-10-11 07:10:30,50900.0,2000.0,2470000.0
547,2021-10-11 07:10:30,50900.0,3000.0,2468000.0
548,2021-10-11 07:10:30,50900.0,500.0,2465000.0
549,2021-10-11 07:10:29,51000.0,100.0,2464500.0
550,2021-10-11 07:10:24,50900.0,200.0,2464400.0
551,2021-10-11 07:10:20,50900.0,500.0,2464200.0
552,2021-10-11 07:09:43,50900.0,500.0,2463700.0
553,2021-10-11 07:09:24,50900.0,1000.0,2463200.0
554,2021-10-11 07:09:14,50900.0,100.0,2462200.0
555,2021-10-11 07:09:11,50900.0,100.0,2462100.0
556,2021-10-11 07:09:11,50900.0,900.0,2462000.0
557,2021-10-11 07:09:08,50900.0,1000.0,2461100.0
558,2021-10-11 07:09:06,50900.0,100.0,2460100.0
559,2021-10-11 07:09:06,50900.0,200.0,2460000.0
560,2021-10-11 07:08:58,50900.0,500.0,2459800.0
561,2021-10-11 07:08:39,50900.0,2000.0,2459300.0
562,2021-10-11 07:08:39,50900.0,300.0,2457300.0
563,2021-10-11 07:08:39,50900.0,100.0,2457000.0
564,2021-10-11 07:08:39,50900.0,1000.0,2456900.0
565,2021-10-11 07:08:39,50900.0,800.0,2455900.0
566,2021-10-11 07:08:39,50900.0,100.0,2455100.0
567,2021-10-11 07:08:33,50900.0,500.0,2455000.0
568,2021-10-11 07:08:32,50900.0,100.0,2454500.0
569,2021-10-11 07:08:29,50900.0,200.0,2454400.0
570,2021-10-11 07:08:29,50900.0,100.0,2454200.0
571,2021-10-11 07:08:29,50900.0,900.0,2454100.0
572,2021-10-11 07:08:28,50900.0,200.0,2453200.0
573,2021-10-11 07:08:24,50900.0,100.0,2453000.0
574,2021-10-11 07:08:06,50900.0,200.0,2452900.0
575,2021-10-11 07:08:01,50900.0,3600.0,2452700.0
576,2021-10-11 07:08:01,50900.0,2000.0,2449100.0
577,2021-10-11 07:08:01,50900.0,4400.0,2447100.0
578,2021-10-11 07:07:49,50800.0,2000.0,2442700.0
579,2021-10-11 07:07:44,50900.0,600.0,2440700.0
580,2021-10-11 07:07:44,50900.0,400.0,2440100.0
581,2021-10-11 07:07:39,50900.0,200.0,2439700.0
582,2021-10-11 07:07:36,50900.0,400.0,2439500.0
583,2021-10-11 07:07:36,50900.0,100.0,2439100.0
584,2021-10-11 07:07:29,50800.0,100.0,2439000.0
585,2021-10-11 07:07:06,50900.0,100.0,2438900.0
586,2021-10-11 07:06:58,50900.0,600.0,2438800.0
587,2021-10-11 07:06:52,50900.0,1000.0,2438200.0
588,2021-10-11 07:06:34,50900.0,200.0,2437200.0
589,2021-10-11 07:06:18,50900.0,200.0,2437000.0
590,2021-10-11 07:06:13,50900.0,300.0,2436800.0
591,2021-10-11 07:06:12,50900.0,500.0,2436500.0
592,2021-10-11 07:06:12,50900.0,500.0,2436000.0
593,2021-10-11 07:06:10,50800.0,2700.0,2435500.0
594,2021-10-11 07:06:10,50800.0,200.0,2432800.0
595,2021-10-11 07:06:10,50800.0,100.0,2432600.0
596,2021-10-11 07:06:10,50800.0,1000.0,2432500.0
597,2021-10-11 07:06:10,50800.0,400.0,2431500.0
598,2021-10-11 07:06:10,50800.0,1000.0,2431100.0
599,2021-10-11 07:06:10,50800.0,9000.0,2430100.0
600,2021-10-11 07:06:10,50800.0,400.0,2421100.0
601,2021-10-11 07:05:32,50900.0,100.0,2420700.0
602,2021-10-11 07:05:31,50900.0,200.0,2420600.0
603,2021-10-11 07:05:31,50900.0,200.0,2420400.0
604,2021-10-11 07:05:31,50900.0,100.0,2420200.0
605,2021-10-11 07:05:16,50900.0,300.0,2420100.0
606,2021-10-11 07:05:07,50900.0,100.0,2419800.0
607,2021-10-11 07:04:59,50900.0,300.0,2419700.0
608,2021-10-11 07:04:56,50900.0,200.0,2419400.0
609,2021-10-11 07:04:56,50900.0,300.0,2419200.0
610,2021-10-11 07:04:56,50900.0,100.0,2418900.0
611,2021-10-11 07:04:55,50900.0,100.0,2418800.0
612,2021-10-11 07:04:55,50900.0,100.0,2418700.0
613,2021-10-11 07:04:38,50900.0,200.0,2418600.0
614,2021-10-11 07:04:33,50900.0,100.0,2418400.0
615,2021-10-11 07:04:33,50900.0,100.0,2418300.0
616,2021-10-11 07:04:12,50900.0,200.0,2418200.0
617,2021-10-11 07:04:09,50900.0,500.0,2418000.0
618,2021-10-11 07:04:02,50900.0,200.0,2417500.0
619,2021-10-11 07:04:02,50900.0,1000.0,2417300.0
620,2021-10-11 07:04:02,50900.0,100.0,2416300.0
621,2021-10-11 07:04:02,50900.0,300.0,2416200.0
622,2021-10-11 07:04:02,50900.0,200.0,2415900.0
623,2021-10-11 07:04:02,50900.0,100.0,2415700.0
624,2021-10-11 07:04:02,50900.0,100.0,2415600.0
625,2021-10-11 07:04:02,50900.0,100.0,2415500.0
626,2021-10-11 07:03:56,50900.0,400.0,2415400.0
627,2021-10-11 07:03:47,50900.0,100.0,2415000.0
628,2021-10-11 07:03:47,50900.0,100.0,2414900.0
629,2021-10-11 07:03:45,50900.0,900.0,2414800.0
630,2021-10-11 07:03:45,50900.0,200.0,2413900.0
631,2021-10-11 07:03:45,50900.0,200.0,2413700.0
632,2021-10-11 07:03:45,50900.0,600.0,2413500.0
633,2021-10-11 07:03:06,50900.0,400.0,2412900.0
634,2021-10-11 07:03:06,50900.0,100.0,2412500.0
635,2021-10-11 07:03:06,50900.0,200.0,2412400.0
636,2021-10-11 07:03:06,50900.0,200.0,2412200.0
637,2021-10-11 07:03:06,50900.0,100.0,2412000.0
638,2021-10-11 07:03:05,50900.0,1000.0,2411900.0
639,2021-10-11 07:02:39,50900.0,500.0,2410900.0
640,2021-10-11 07:02:36,51000.0,100.0,2410400.0
641,2021-10-11 07:02:36,51000.0,100.0,2410300.0
642,2021-10-11 07:02:36,51000.0,200.0,2410200.0
643,2021-10-11 07:02:36,51000.0,100.0,2410000.0
644,2021-10-11 07:02:36,51000.0,100.0,2409900.0
645,2021-10-11 07:02:31,51000.0,1000.0,2409800.0
646,2021-10-11 07:02:28,50900.0,300.0,2408800.0
647,2021-10-11 07:02:12,50900.0,100.0,2408500.0
648,2021-10-11 07:02:12,50900.0,100.0,2408400.0
649,2021-10-11 07:02:02,50900.0,100.0,2408300.0
650,2021-10-11 07:02:01,50900.0,100.0,2408200.0
651,2021-10-11 07:02:01,50900.0,100.0,2408100.0
652,2021-10-11 07:02:01,50900.0,700.0,2408000.0
653,2021-10-11 07:02:00,50900.0,300.0,2407300.0
654,2021-10-11 07:01:58,50900.0,100.0,2407000.0
655,2021-10-11 07:01:52,50900.0,200.0,2406900.0
656,2021-10-11 07:01:52,50900.0,200.0,2406700.0
657,2021-10-11 07:01:52,50900.0,500.0,2406500.0
658,2021-10-11 07:01:50,50900.0,100.0,2406000.0
659,2021-10-11 07:01:43,50900.0,400.0,2405900.0
660,2021-10-11 07:01:43,50900.0,500.0,2405500.0
661,2021-10-11 07:01:43,50900.0,1100.0,2405000.0
662,2021-10-11 07:01:42,50900.0,200.0,2403900.0
663,2021-10-11 07:01:38,50900.0,200.0,2403700.0
664,2021-10-11 07:01:38,50900.0,500.0,2403500.0
665,2021-10-11 07:01:38,50900.0,300.0,2403000.0
666,2021-10-11 07:01:36,50900.0,200.0,2402700.0
667,2021-10-11 07:01:36,50900.0,100.0,2402500.0
668,2021-10-11 07:01:35,50900.0,100.0,2402400.0
669,2021-10-11 07:01:33,50900.0,300.0,2402300.0
670,2021-10-11 07:01:26,50900.0,200.0,2402000.0
671,2021-10-11 07:01:18,50900.0,600.0,2401800.0
672,2021-10-11 07:01:13,50900.0,200.0,2401200.0
673,2021-10-11 07:01:07,50900.0,100.0,2401000.0
674,2021-10-11 07:00:45,50900.0,100.0,2400900.0
675,2021-10-11 07:00:43,50900.0,1800.0,2400800.0
676,2021-10-11 07:00:43,50900.0,200.0,2399000.0
677,2021-10-11 07:00:37,50900.0,1000.0,2398800.0
678,2021-10-11 07:00:37,50900.0,100.0,2397800.0
679,2021-10-11 07:00:37,50900.0,100.0,2397700.0
680,2021-10-11 07:00:37,50900.0,200.0,2397600.0
681,2021-10-11 07:00:37,50900.0,400.0,2397400.0
682,2021-10-11 07:00:36,50900.0,100.0,2397000.0
683,2021-10-11 07:00:36,50900.0,100.0,2396900.0
684,2021-10-11 07:00:36,50900.0,300.0,2396800.0
685,2021-10-11 07:00:36,50900.0,200.0,2396500.0
686,2021-10-11 07:00:17,50900.0,1500.0,2396300.0
687,2021-10-11 07:00:16,50800.0,100.0,2394800.0
688,2021-10-11 07:00:11,50900.0,200.0,2394700.0
689,2021-10-11 06:59:59,50900.0,100.0,2394500.0
690,2021-10-11 06:59:59,50900.0,1900.0,2394400.0
691,2021-10-11 06:59:42,50900.0,500.0,2392500.0
692,2021-10-11 06:59:37,50900.0,100.0,2392000.0
693,2021-10-11 06:59:28,50800.0,200.0,2391900.0
694,2021-10-11 06:59:14,50900.0,100.0,2391700.0
695,2021-10-11 06:59:14,50900.0,100.0,2391600.0
696,2021-10-11 06:59:11,50900.0,500.0,2391500.0
697,2021-10-11 06:59:08,50800.0,200.0,2391000.0
698,2021-10-11 06:59:01,50900.0,200.0,2390800.0
699,2021-10-11 06:58:39,50800.0,100.0,2390600.0
700,2021-10-11 06:58:39,50800.0,100.0,2390500.0
701,2021-10-11 06:58:38,50900.0,500.0,2390400.0
702,2021-10-11 06:58:28,50900.0,2000.0,2389900.0
703,2021-10-11 06:58:27,50900.0,100.0,2387900.0
704,2021-10-11 06:58:14,50900.0,5000.0,2387800.0
705,2021-10-11 06:58:11,50900.0,500.0,2382800.0
706,2021-10-11 06:58:02,50800.0,300.0,2382300.0
707,2021-10-11 06:58:02,50900.0,100.0,2382000.0
708,2021-10-11 06:57:58,50900.0,900.0,2381900.0
709,2021-10-11 06:57:58,50900.0,500.0,2381000.0
710,2021-10-11 06:57:58,50900.0,600.0,2380500.0
711,2021-10-11 06:57:54,50900.0,200.0,2379900.0
712,2021-10-11 06:57:49,50900.0,200.0,2379700.0
713,2021-10-11 06:57:41,50900.0,100.0,2379500.0
714,2021-10-11 06:57:39,50900.0,100.0,2379400.0
715,2021-10-11 06:57:33,50800.0,200.0,2379300.0
716,2021-10-11 06:57:31,50900.0,700.0,2379100.0
717,2021-10-11 06:57:28,50900.0,1000.0,2378400.0
718,2021-10-11 06:56:55,50900.0,800.0,2377400.0
719,2021-10-11 06:56:54,50900.0,200.0,2376600.0
720,2021-10-11 06:56:53,50900.0,300.0,2376400.0
721,2021-10-11 06:56:47,50900.0,100.0,2376100.0
722,2021-10-11 06:56:47,50900.0,700.0,2376000.0
723,2021-10-11 06:56:47,50900.0,300.0,2375300.0
724,2021-10-11 06:56:46,50900.0,200.0,2375000.0
725,2021-10-11 06:56:41,50900.0,300.0,2374800.0
726,2021-10-11 06:56:41,50900.0,600.0,2374500.0
727,2021-10-11 06:56:41,50900.0,1600.0,2373900.0
728,2021-10-11 06:56:35,50900.0,100.0,2372300.0
729,2021-10-11 06:56:20,50900.0,300.0,2372200.0
730,2021-10-11 06:56:19,50900.0,2400.0,2371900.0
731,2021-10-11 06:56:16,50900.0,200.0,2369500.0
732,2021-10-11 06:56:05,50900.0,2000.0,2369300.0
733,2021-10-11 06:56:04,50900.0,100.0,2367300.0
734,2021-10-11 06:56:04,50900.0,200.0,2367200.0
735,2021-10-11 06:56:04,50900.0,500.0,2367000.0
736,2021-10-11 06:56:04,50900.0,200.0,2366500.0
737,2021-10-11 06:56:04,50900.0,100.0,2366300.0
738,2021-10-11 06:56:04,50900.0,2000.0,2366200.0
739,2021-10-11 06:56:04,50900.0,4300.0,2364200.0
740,2021-10-11 06:55:54,50900.0,200.0,2359900.0
741,2021-10-11 06:55:40,50900.0,100.0,2359700.0
742,2021-10-11 06:55:11,50900.0,400.0,2359600.0
743,2021-10-11 06:55:11,50900.0,1500.0,2359200.0
744,2021-10-11 06:55:11,50900.0,1000.0,2357700.0
745,2021-10-11 06:55:11,50900.0,100.0,2356700.0
746,2021-10-11 06:54:54,50900.0,300.0,2356600.0
747,2021-10-11 06:54:54,50900.0,100.0,2356300.0
748,2021-10-11 06:54:54,50900.0,1000.0,2356200.0
749,2021-10-11 06:54:54,50900.0,600.0,2355200.0
750,2021-10-11 06:54:54,50900.0,400.0,2354600.0
751,2021-10-11 06:54:54,50900.0,200.0,2354200.0
752,2021-10-11 06:54:54,50900.0,300.0,2354000.0
753,2021-10-11 06:54:54,50900.0,400.0,2353700.0
754,2021-10-11 06:54:54,50900.0,800.0,2353300.0
755,2021-10-11 06:54:54,50900.0,1000.0,2352500.0
756,2021-10-11 06:54:54,50900.0,100.0,2351500.0
757,2021-10-11 06:54:54,50900.0,300.0,2351400.0
758,2021-10-11 06:54:54,50900.0,1000.0,2351100.0
759,2021-10-11 06:54:54,50900.0,100.0,2350100.0
760,2021-10-11 06:54:54,50900.0,200.0,2350000.0
761,2021-10-11 06:54:54,50900.0,2000.0,2349800.0
762,2021-10-11 06:54:54,50900.0,1000.0,2347800.0
763,2021-10-11 06:54:54,50900.0,500.0,2346800.0
764,2021-10-11 06:54:54,50900.0,500.0,2346300.0
765,2021-10-11 06:54:54,50900.0,200.0,2345800.0
766,2021-10-11 06:54:54,50900.0,100.0,2345600.0
767,2021-10-11 06:54:54,50900.0,6500.0,2345500.0
768,2021-10-11 06:54:54,50900.0,1000.0,2339000.0
769,2021-10-11 06:54:54,50900.0,100.0,2338000.0
770,2021-10-11 06:54:54,50900.0,100.0,2337900.0
771,2021-10-11 06:54:54,50900.0,700.0,2337800.0
772,2021-10-11 06:54:54,50900.0,500.0,2337100.0
773,2021-10-11 06:54:54,50900.0,100.0,2336600.0
774,2021-10-11 06:54:54,50900.0,200.0,2336500.0
775,2021-10-11 06:54:54,50900.0,300.0,2336300.0
776,2021-10-11 06:54:54,50900.0,100.0,2336000.0
777,2021-10-11 06:54:54,50900.0,100.0,2335900.0
778,2021-10-11 06:54:54,50900.0,100.0,2335800.0
779,2021-10-11 06:54:54,50900.0,100.0,2335700.0
780,2021-10-11 06:54:54,50900.0,500.0,2335600.0
781,2021-10-11 06:54:54,50900.0,500.0,2335100.0
782,2021-10-11 06:54:54,50900.0,500.0,2334600.0
783,2021-10-11 06:54:54,50900.0,500.0,2334100.0
784,2021-10-11 06:54:53,50900.0,100.0,2333600.0
785,2021-10-11 06:54:53,50900.0,200.0,2333500.0
786,2021-10-11 06:54:53,50900.0,300.0,2333300.0
787,2021-10-11 06:54:53,50900.0,100.0,2333000.0
788,2021-10-11 06:54:53,50900.0,100.0,2332900.0
789,2021-10-11 06:54:53,50900.0,100.0,2332800.0
790,2021-10-11 06:54:53,50900.0,2000.0,2332700.0
791,2021-10-11 06:54:53,50900.0,100.0,2330700.0
792,2021-10-11 06:54:53,50900.0,1700.0,2330600.0
793,2021-10-11 06:54:53,50900.0,100.0,2328900.0
794,2021-10-11 06:54:53,50900.0,200.0,2328800.0
795,2021-10-11 06:54:49,50900.0,100.0,2328600.0
796,2021-10-11 06:54:44,50900.0,500.0,2328500.0
797,2021-10-11 06:54:30,50900.0,6400.0,2328000.0
798,2021-10-11 06:54:30,50900.0,3600.0,2321600.0
799,2021-10-11 06:54:30,51000.0,1000.0,2318000.0
800,2021-10-11 06:54:20,50900.0,200.0,2317000.0
801,2021-10-11 06:54:17,50900.0,800.0,2316800.0
802,2021-10-11 06:54:07,50900.0,3000.0,2316000.0
803,2021-10-11 06:53:59,50900.0,100.0,2313000.0
804,2021-10-11 06:53:57,50900.0,1000.0,2312900.0
805,2021-10-11 06:53:16,50900.0,1500.0,2311900.0
806,2021-10-11 06:53:10,50900.0,3100.0,2310400.0
807,2021-10-11 06:52:34,50900.0,200.0,2307300.0
808,2021-10-11 06:52:12,50900.0,100.0,2307100.0
809,2021-10-11 06:52:06,50900.0,1000.0,2307000.0
810,2021-10-11 06:51:54,51000.0,500.0,2306000.0
811,2021-10-11 06:51:45,50900.0,1000.0,2305500.0
812,2021-10-11 06:51:21,50900.0,4400.0,2304500.0
813,2021-10-11 06:51:21,50900.0,2000.0,2300100.0
814,2021-10-11 06:51:21,50900.0,500.0,2298100.0
815,2021-10-11 06:51:21,50900.0,100.0,2297600.0
816,2021-10-11 06:51:21,50900.0,1000.0,2297500.0
817,2021-10-11 06:51:21,50900.0,100.0,2296500.0
818,2021-10-11 06:51:21,50900.0,1900.0,2296400.0
819,2021-10-11 06:51:19,50900.0,500.0,2294500.0
820,2021-10-11 06:51:06,50900.0,1000.0,2294000.0
821,2021-10-11 06:50:56,51000.0,200.0,2293000.0
822,2021-10-11 06:50:54,51000.0,2000.0,2292800.0
823,2021-10-11 06:50:53,50900.0,400.0,2290800.0
824,2021-10-11 06:50:38,51000.0,300.0,2290400.0
825,2021-10-11 06:50:38,51000.0,700.0,2290100.0
826,2021-10-11 06:50:38,51000.0,1000.0,2289400.0
827,2021-10-11 06:50:37,51000.0,700.0,2288400.0
828,2021-10-11 06:50:15,51000.0,300.0,2287700.0
829,2021-10-11 06:50:14,51000.0,1000.0,2287400.0
830,2021-10-11 06:50:02,51000.0,100.0,2286400.0
831,2021-10-11 06:49:52,51000.0,100.0,2286300.0
832,2021-10-11 06:49:47,51000.0,100.0,2286200.0
833,2021-10-11 06:49:42,51000.0,100.0,2286100.0
834,2021-10-11 06:48:58,51000.0,1500.0,2286000.0
835,2021-10-11 06:48:57,51000.0,500.0,2284500.0
836,2021-10-11 06:48:57,51000.0,1500.0,2284000.0
837,2021-10-11 06:48:37,51000.0,100.0,2282500.0
838,2021-10-11 06:48:19,51000.0,500.0,2282400.0
839,2021-10-11 06:48:13,51000.0,3000.0,2281900.0
840,2021-10-11 06:48:01,51000.0,100.0,2278900.0
841,2021-10-11 06:47:37,51000.0,600.0,2278800.0
842,2021-10-11 06:47:36,50900.0,1000.0,2278200.0
843,2021-10-11 06:46:59,51000.0,100.0,2277200.0
844,2021-10-11 06:46:32,51000.0,100.0,2277100.0
845,2021-10-11 06:46:15,51000.0,2000.0,2277000.0
846,2021-10-11 06:46:12,51000.0,200.0,2275000.0
847,2021-10-11 06:46:12,50900.0,200.0,2274800.0
848,2021-10-11 06:46:12,50900.0,1000.0,2274600.0
849,2021-10-11 06:46:12,50900.0,100.0,2273600.0
850,2021-10-11 06:45:55,50900.0,100.0,2273500.0
851,2021-10-11 06:45:55,50900.0,100.0,2273400.0
852,2021-10-11 06:45:25,51000.0,700.0,2273300.0
853,2021-10-11 06:45:04,51000.0,1000.0,2272600.0
854,2021-10-11 06:45:04,50900.0,200.0,2271600.0
855,2021-10-11 06:45:01,51000.0,4000.0,2271400.0
856,2021-10-11 06:45:01,51000.0,100.0,2267400.0
857,2021-10-11 06:45:01,51000.0,900.0,2267300.0
858,2021-10-11 06:44:45,50900.0,200.0,2266400.0
859,2021-10-11 06:44:43,50900.0,100.0,2266200.0
860,2021-10-11 06:44:33,50900.0,400.0,2266100.0
861,2021-10-11 06:43:47,51000.0,200.0,2265700.0
862,2021-10-11 06:43:44,50900.0,200.0,2265500.0
863,2021-10-11 06:43:41,50900.0,1800.0,2265300.0
864,2021-10-11 06:43:36,50900.0,600.0,2263500.0
865,2021-10-11 06:43:36,50900.0,400.0,2262900.0
866,2021-10-11 06:43:28,50900.0,600.0,2262500.0
867,2021-10-11 06:43:20,50900.0,200.0,2261900.0
868,2021-10-11 06:43:20,50900.0,1100.0,2261700.0
869,2021-10-11 06:43:20,50900.0,100.0,2260600.0
870,2021-10-11 06:43:20,50900.0,500.0,2260500.0
871,2021-10-11 06:43:13,50800.0,500.0,2260000.0
872,2021-10-11 06:43:13,50800.0,100.0,2259500.0
873,2021-10-11 06:43:13,50800.0,300.0,2259400.0
874,2021-10-11 06:43:13,50800.0,500.0,2259100.0
875,2021-10-11 06:43:13,50800.0,1900.0,2258600.0
876,2021-10-11 06:43:13,50800.0,200.0,2256700.0
877,2021-10-11 06:43:13,50800.0,200.0,2256500.0
878,2021-10-11 06:43:13,50800.0,200.0,2256300.0
879,2021-10-11 06:43:13,50800.0,1000.0,2256100.0
880,2021-10-11 06:43:13,50800.0,400.0,2255100.0
881,2021-10-11 06:43:13,50800.0,200.0,2254700.0
882,2021-10-11 06:43:13,50800.0,500.0,2254500.0
883,2021-10-11 06:43:13,50800.0,100.0,2254000.0
884,2021-10-11 06:43:13,50800.0,500.0,2253900.0
885,2021-10-11 06:43:13,50800.0,200.0,2253400.0
886,2021-10-11 06:43:13,50800.0,2800.0,2253200.0
887,2021-10-11 06:42:59,50900.0,1000.0,2250400.0
888,2021-10-11 06:42:56,50900.0,1400.0,2249400.0
889,2021-10-11 06:42:56,50900.0,100.0,2248000.0
890,2021-10-11 06:42:56,50900.0,2300.0,2247900.0
891,2021-10-11 06:42:56,50900.0,200.0,2245600.0
892,2021-10-11 06:42:48,50800.0,700.0,2245400.0
893,2021-10-11 06:42:48,50800.0,100.0,2244700.0
894,2021-10-11 06:42:48,50800.0,500.0,2244600.0
895,2021-10-11 06:42:48,50800.0,200.0,2244100.0
896,2021-10-11 06:42:45,50900.0,100.0,2243900.0
897,2021-10-11 06:42:45,50900.0,100.0,2243800.0
898,2021-10-11 06:42:43,50900.0,100.0,2243700.0
899,2021-10-11 06:42:33,50900.0,100.0,2243600.0
900,2021-10-11 06:42:33,50900.0,100.0,2243500.0
901,2021-10-11 06:42:33,50900.0,900.0,2243400.0
902,2021-10-11 06:42:33,50900.0,200.0,2242500.0
903,2021-10-11 06:42:33,50900.0,1500.0,2242300.0
904,2021-10-11 06:42:33,50900.0,2000.0,2240800.0
905,2021-10-11 06:42:33,50900.0,200.0,2238800.0
906,2021-10-11 06:42:33,50900.0,100.0,2238600.0
907,2021-10-11 06:42:33,50900.0,200.0,2238500.0
908,2021-10-11 06:42:33,50900.0,1500.0,2238300.0
909,2021-10-11 06:42:33,50900.0,200.0,2236800.0
910,2021-10-11 06:42:33,50900.0,100.0,2236600.0
911,2021-10-11 06:42:33,50900.0,200.0,2236500.0
912,2021-10-11 06:42:33,50900.0,3000.0,2236300.0
913,2021-10-11 06:42:33,50900.0,2100.0,2233300.0
914,2021-10-11 06:42:33,50900.0,3000.0,2231200.0
915,2021-10-11 06:42:33,50900.0,700.0,2228200.0
916,2021-10-11 06:42:33,50900.0,3900.0,2227500.0
917,2021-10-11 06:42:29,50900.0,3300.0,2223600.0
918,2021-10-11 06:42:29,50900.0,1000.0,2220300.0
919,2021-10-11 06:42:22,50900.0,500.0,2219300.0
920,2021-10-11 06:42:22,50900.0,500.0,2218800.0
921,2021-10-11 06:42:22,50900.0,500.0,2218300.0
922,2021-10-11 06:42:21,50900.0,1600.0,2217800.0
923,2021-10-11 06:42:16,50900.0,1400.0,2216200.0
924,2021-10-11 06:42:16,50900.0,400.0,2214800.0
925,2021-10-11 06:42:16,50900.0,1200.0,2214400.0
926,2021-10-11 06:42:04,50900.0,600.0,2213200.0
927,2021-10-11 06:42:01,50900.0,5000.0,2212600.0
928,2021-10-11 06:41:40,50900.0,1000.0,2207600.0
929,2021-10-11 06:41:16,50900.0,1400.0,2206600.0
930,2021-10-11 06:41:10,50800.0,200.0,2205200.0
931,2021-10-11 06:41:10,50800.0,800.0,2205000.0
932,2021-10-11 06:41:00,50800.0,100.0,2204200.0
933,2021-10-11 06:40:58,50900.0,300.0,2204100.0
934,2021-10-11 06:40:42,50900.0,3000.0,2203800.0
935,2021-10-11 06:40:42,50800.0,100.0,2200800.0
936,2021-10-11 06:40:42,50800.0,900.0,2200700.0
937,2021-10-11 06:40:36,50800.0,100.0,2199800.0
938,2021-10-11 06:40:34,50800.0,300.0,2199700.0
939,2021-10-11 06:40:04,50800.0,100.0,2199400.0
940,2021-10-11 06:39:22,50800.0,300.0,2199300.0
941,2021-10-11 06:39:22,50800.0,500.0,2199000.0
942,2021-10-11 06:39:22,50800.0,100.0,2198500.0
943,2021-10-11 06:39:22,50800.0,500.0,2198400.0
944,2021-10-11 06:39:22,50800.0,100.0,2197900.0
945,2021-10-11 06:39:22,50800.0,100.0,2197800.0
946,2021-10-11 06:39:22,50800.0,100.0,2197700.0
947,2021-10-11 06:39:22,50800.0,300.0,2197600.0
948,2021-10-11 06:39:16,50800.0,300.0,2197300.0
949,2021-10-11 06:39:04,50900.0,100.0,2197000.0
950,2021-10-11 06:38:58,50900.0,600.0,2196900.0
951,2021-10-11 06:38:45,50900.0,800.0,2196300.0
952,2021-10-11 06:38:33,50900.0,100.0,2195500.0
953,2021-10-11 06:38:05,50900.0,2000.0,2195400.0
954,2021-10-11 06:38:01,50900.0,200.0,2193400.0
955,2021-10-11 06:37:45,50800.0,2000.0,2193200.0
956,2021-10-11 06:37:39,50800.0,1000.0,2191200.0
957,2021-10-11 06:37:28,50800.0,4000.0,2190200.0
958,2021-10-11 06:37:20,50900.0,100.0,2186200.0
959,2021-10-11 06:37:10,50800.0,100.0,2186100.0
960,2021-10-11 06:37:06,50900.0,100.0,2186000.0
961,2021-10-11 06:36:52,50800.0,100.0,2185900.0
962,2021-10-11 06:36:49,50800.0,300.0,2185800.0
963,2021-10-11 06:36:41,50800.0,200.0,2185500.0
964,2021-10-11 06:36:30,50800.0,200.0,2185300.0
965,2021-10-11 06:35:28,50800.0,200.0,2185100.0
966,2021-10-11 06:35:09,50800.0,6000.0,2184900.0
967,2021-10-11 06:34:45,50800.0,4000.0,2178900.0
968,2021-10-11 06:34:25,50900.0,200.0,2174900.0
969,2021-10-11 06:34:25,50800.0,5000.0,2174700.0
970,2021-10-11 06:34:15,50800.0,5000.0,2169700.0
971,2021-10-11 06:34:12,50900.0,500.0,2164700.0
972,2021-10-11 06:33:53,50900.0,3000.0,2164200.0
973,2021-10-11 06:33:49,50800.0,100.0,2161200.0
974,2021-10-11 06:33:41,50800.0,3900.0,2161100.0
975,2021-10-11 06:33:36,50800.0,200.0,2157200.0
976,2021-10-11 06:33:06,50800.0,10800.0,2157000.0
977,2021-10-11 06:32:58,50900.0,200.0,2146200.0
978,2021-10-11 06:32:34,50800.0,1000.0,2146000.0
979,2021-10-11 06:32:05,50800.0,100.0,2145000.0
980,2021-10-11 06:32:03,50800.0,700.0,2144900.0
981,2021-10-11 06:31:45,50800.0,200.0,2144200.0
982,2021-10-11 06:31:12,50800.0,1000.0,2144000.0
983,2021-10-11 06:30:31,50900.0,200.0,2143000.0
984,2021-10-11 06:30:28,50900.0,400.0,2142800.0
985,2021-10-11 06:30:24,50900.0,200.0,2142400.0
986,2021-10-11 06:30:05,50900.0,100.0,2142200.0
987,2021-10-11 06:30:00,50800.0,400.0,2142100.0
988,2021-10-11 06:29:47,50800.0,2900.0,2141700.0
989,2021-10-11 06:29:47,50800.0,500.0,2138800.0
990,2021-10-11 06:29:47,50800.0,100.0,2138300.0
991,2021-10-11 06:29:47,50800.0,6600.0,2138200.0
992,2021-10-11 06:29:41,50800.0,3000.0,2131600.0
993,2021-10-11 06:29:40,50800.0,400.0,2128600.0
994,2021-10-11 06:29:40,50800.0,300.0,2128200.0
995,2021-10-11 06:29:40,50800.0,300.0,2127900.0
996,2021-10-11 06:29:25,50800.0,200.0,2127600.0
997,2021-10-11 06:29:19,50800.0,200.0,2127400.0
998,2021-10-11 06:29:19,50800.0,100.0,2127200.0
999,2021-10-11 06:29:19,50800.0,100.0,2127100.0
1000,2021-10-11 06:29:19,50800.0,100.0,2127000.0
1001,2021-10-11 06:29:19,50800.0,1000.0,2126900.0
1002,2021-10-11 06:29:19,50800.0,500.0,2125900.0
1003,2021-10-11 06:29:19,50800.0,200.0,2125400.0
1004,2021-10-11 06:29:19,50800.0,200.0,2125200.0
1005,2021-10-11 06:29:19,50800.0,100.0,2125000.0
1006,2021-10-11 06:29:19,50800.0,200.0,2124900.0
1007,2021-10-11 06:29:19,50800.0,200.0,2124700.0
1008,2021-10-11 06:29:19,50800.0,100.0,2124500.0
1009,2021-10-11 06:29:19,50800.0,5000.0,2124400.0
1010,2021-10-11 06:29:19,50800.0,1000.0,2119400.0
1011,2021-10-11 06:29:19,50800.0,500.0,2118400.0
1012,2021-10-11 06:29:19,50800.0,1000.0,2117900.0
1013,2021-10-11 06:29:19,50800.0,2000.0,2116900.0
1014,2021-10-11 06:29:19,50800.0,500.0,2114900.0
1015,2021-10-11 06:29:19,50800.0,100.0,2114400.0
1016,2021-10-11 06:29:19,50800.0,100.0,2114300.0
1017,2021-10-11 06:29:19,50800.0,200.0,2114200.0
1018,2021-10-11 06:29:19,50800.0,500.0,2114000.0
1019,2021-10-11 06:29:19,50800.0,1600.0,2113500.0
1020,2021-10-11 06:29:19,50800.0,800.0,2111900.0
1021,2021-10-11 06:29:19,50800.0,200.0,2111100.0
1022,2021-10-11 06:29:19,50800.0,2000.0,2110900.0
1023,2021-10-11 06:29:19,50800.0,1000.0,2108900.0
1024,2021-10-11 06:29:19,50800.0,500.0,2107900.0
1025,2021-10-11 06:29:19,50800.0,1000.0,2107400.0
1026,2021-10-11 06:29:19,50800.0,100.0,2106400.0
1027,2021-10-11 06:29:19,50800.0,400.0,2106300.0
1028,2021-10-11 06:29:19,50800.0,500.0,2105900.0
1029,2021-10-11 06:29:19,50800.0,18000.0,2105400.0
1030,2021-10-11 06:29:18,50800.0,100.0,2087400.0
1031,2021-10-11 06:29:18,50800.0,300.0,2087300.0
1032,2021-10-11 06:29:12,50800.0,1700.0,2087000.0
1033,2021-10-11 06:29:12,50800.0,300.0,2085300.0
1034,2021-10-11 06:29:00,50800.0,100.0,2085000.0
1035,2021-10-11 06:29:00,50800.0,100.0,2084900.0
1036,2021-10-11 06:29:00,50800.0,100.0,2084800.0
1037,2021-10-11 06:29:00,50800.0,200.0,2084700.0
1038,2021-10-11 06:29:00,50800.0,400.0,2084500.0
1039,2021-10-11 06:29:00,50800.0,200.0,2084100.0
1040,2021-10-11 06:29:00,50800.0,100.0,2083900.0
1041,2021-10-11 06:29:00,50800.0,1000.0,2083800.0
1042,2021-10-11 06:29:00,50800.0,1000.0,2082800.0
1043,2021-10-11 06:29:00,50800.0,300.0,2081800.0
1044,2021-10-11 06:29:00,50800.0,100.0,2081500.0
1045,2021-10-11 06:29:00,50800.0,500.0,2081400.0
1046,2021-10-11 06:29:00,50800.0,500.0,2080900.0
1047,2021-10-11 06:29:00,50800.0,100.0,2080400.0
1048,2021-10-11 06:29:00,50800.0,500.0,2080300.0
1049,2021-10-11 06:29:00,50800.0,400.0,2079800.0
1050,2021-10-11 06:29:00,50800.0,100.0,2079400.0
1051,2021-10-11 06:29:00,50800.0,4300.0,2079300.0
1052,2021-10-11 06:28:55,50800.0,100.0,2075000.0
1053,2021-10-11 06:28:55,50800.0,1000.0,2074900.0
1054,2021-10-11 06:28:55,50800.0,5000.0,2073900.0
1055,2021-10-11 06:28:55,50800.0,100.0,2068900.0
1056,2021-10-11 06:28:55,50800.0,3800.0,2068800.0
1057,2021-10-11 06:28:44,50800.0,1100.0,2065000.0
1058,2021-10-11 06:28:38,50800.0,100.0,2063900.0
1059,2021-10-11 06:28:38,50800.0,100.0,2063800.0
1060,2021-10-11 06:28:38,50800.0,200.0,2063700.0
1061,2021-10-11 06:28:35,50800.0,1800.0,2063500.0
1062,2021-10-11 06:28:35,50800.0,5000.0,2061700.0
1063,2021-10-11 06:28:35,50800.0,1500.0,2056700.0
1064,2021-10-11 06:28:35,50800.0,1700.0,2055200.0
1065,2021-10-11 06:28:34,50900.0,2000.0,2053500.0
1066,2021-10-11 06:28:20,50800.0,3300.0,2051500.0
1067,2021-10-11 06:28:20,50800.0,100.0,2048200.0
1068,2021-10-11 06:28:20,50800.0,100.0,2048100.0
1069,2021-10-11 06:28:20,50800.0,100.0,2048000.0
1070,2021-10-11 06:28:20,50800.0,200.0,2047900.0
1071,2021-10-11 06:28:20,50800.0,100.0,2047700.0
1072,2021-10-11 06:28:20,50800.0,200.0,2047600.0
1073,2021-10-11 06:28:20,50800.0,200.0,2047400.0
1074,2021-10-11 06:28:20,50800.0,100.0,2047200.0
1075,2021-10-11 06:28:20,50800.0,100.0,2047100.0
1076,2021-10-11 06:28:20,50800.0,1000.0,2047000.0
1077,2021-10-11 06:28:20,50800.0,200.0,2046000.0
1078,2021-10-11 06:28:20,50800.0,2000.0,2045800.0
1079,2021-10-11 06:28:20,50800.0,200.0,2043800.0
1080,2021-10-11 06:28:20,50800.0,100.0,2043600.0
1081,2021-10-11 06:28:20,50800.0,200.0,2043500.0
1082,2021-10-11 06:28:20,50800.0,1000.0,2043300.0
1083,2021-10-11 06:28:20,50800.0,100.0,2042300.0
1084,2021-10-11 06:28:20,50800.0,200.0,2042200.0
1085,2021-10-11 06:28:20,50800.0,100.0,2042000.0
1086,2021-10-11 06:28:20,50800.0,1000.0,2041900.0
1087,2021-10-11 06:28:20,50800.0,100.0,2040900.0
1088,2021-10-11 06:28:20,50800.0,200.0,2040800.0
1089,2021-10-11 06:28:20,50800.0,1000.0,2040600.0
1090,2021-10-11 06:28:20,50800.0,6100.0,2039600.0
1091,2021-10-11 06:27:54,50900.0,900.0,2033500.0
1092,2021-10-11 06:27:53,50800.0,7000.0,2032600.0
1093,2021-10-11 06:27:04,50900.0,5000.0,2025600.0
1094,2021-10-11 06:26:18,50900.0,500.0,2020600.0
1095,2021-10-11 06:26:18,50900.0,300.0,2020100.0
1096,2021-10-11 06:25:49,50900.0,100.0,2019800.0
1097,2021-10-11 06:25:49,50900.0,100.0,2019700.0
1098,2021-10-11 06:25:47,50900.0,100.0,2019600.0
1099,2021-10-11 06:25:37,50900.0,2200.0,2019500.0
1100,2021-10-11 06:25:36,50900.0,1000.0,2017300.0
1101,2021-10-11 06:25:36,50900.0,1000.0,2016300.0
1102,2021-10-11 06:25:36,50900.0,500.0,2015300.0
1103,2021-10-11 06:25:36,50900.0,3800.0,2014800.0
1104,2021-10-11 06:25:30,50900.0,500.0,2011000.0
1105,2021-10-11 06:25:09,50900.0,1000.0,2010500.0
1106,2021-10-11 06:24:52,50900.0,700.0,2009500.0
1107,2021-10-11 06:24:44,50900.0,200.0,2008800.0
1108,2021-10-11 06:24:40,50900.0,400.0,2008600.0
1109,2021-10-11 06:24:34,50900.0,300.0,2008200.0
1110,2021-10-11 06:24:34,50900.0,100.0,2007900.0
1111,2021-10-11 06:24:34,50900.0,300.0,2007800.0
1112,2021-10-11 06:24:33,51000.0,200.0,2007500.0
1113,2021-10-11 06:24:26,50900.0,400.0,2007300.0
1114,2021-10-11 06:24:25,50900.0,100.0,2006900.0
1115,2021-10-11 06:24:09,50900.0,200.0,2006800.0
1116,2021-10-11 06:23:57,50900.0,100.0,2006600.0
1117,2021-10-11 06:23:41,51000.0,500.0,2006500.0
1118,2021-10-11 06:23:36,51000.0,300.0,2006000.0
1119,2021-10-11 06:23:36,50800.0,900.0,2005700.0
1120,2021-10-11 06:23:20,51000.0,200.0,2004800.0
1121,2021-10-11 06:23:19,50800.0,100.0,2004600.0
1122,2021-10-11 06:23:19,50900.0,500.0,2004500.0
1123,2021-10-11 06:22:59,51000.0,500.0,2004000.0
1124,2021-10-11 06:22:59,50900.0,4000.0,2003500.0
1125,2021-10-11 06:22:59,50900.0,500.0,1999500.0
1126,2021-10-11 06:22:59,50900.0,600.0,1999000.0
1127,2021-10-11 06:22:54,50900.0,100.0,1998400.0
1128,2021-10-11 06:22:48,50900.0,300.0,1998300.0
1129,2021-10-11 06:22:48,50900.0,100.0,1998000.0
1130,2021-10-11 06:22:48,50900.0,100.0,1997900.0
1131,2021-10-11 06:22:48,50900.0,600.0,1997800.0
1132,2021-10-11 06:22:48,50900.0,1000.0,1997200.0
1133,2021-10-11 06:22:48,50900.0,200.0,1996200.0
1134,2021-10-11 06:22:40,51000.0,300.0,1996000.0
1135,2021-10-11 06:22:14,50900.0,300.0,1995700.0
1136,2021-10-11 06:22:14,50900.0,500.0,1995400.0
1137,2021-10-11 06:22:14,50900.0,3000.0,1994900.0
1138,2021-10-11 06:22:14,50900.0,1000.0,1991900.0
1139,2021-10-11 06:22:14,50900.0,500.0,1990900.0
1140,2021-10-11 06:22:14,50900.0,2000.0,1990400.0
1141,2021-10-11 06:22:14,50900.0,2000.0,1988400.0
1142,2021-10-11 06:22:14,50900.0,500.0,1986400.0
1143,2021-10-11 06:22:14,50900.0,1000.0,1985900.0
1144,2021-10-11 06:22:14,50900.0,5000.0,1984900.0
1145,2021-10-11 06:22:14,50900.0,500.0,1979900.0
1146,2021-10-11 06:22:14,50900.0,200.0,1979400.0
1147,2021-10-11 06:22:14,50900.0,200.0,1979200.0
1148,2021-10-11 06:22:14,50900.0,300.0,1979000.0
1149,2021-10-11 06:22:14,50900.0,100.0,1978700.0
1150,2021-10-11 06:22:14,50900.0,100.0,1978600.0
1151,2021-10-11 06:22:14,50900.0,200.0,1978500.0
1152,2021-10-11 06:22:14,50900.0,100.0,1978300.0
1153,2021-10-11 06:22:14,50900.0,200.0,1978200.0
1154,2021-10-11 06:22:14,50900.0,500.0,1978000.0
1155,2021-10-11 06:22:14,50900.0,1000.0,1977500.0
1156,2021-10-11 06:22:14,50900.0,200.0,1976500.0
1157,2021-10-11 06:22:14,50900.0,100.0,1976300.0
1158,2021-10-11 06:22:14,50900.0,100.0,1976200.0
1159,2021-10-11 06:22:14,50900.0,300.0,1976100.0
1160,2021-10-11 06:22:14,50900.0,200.0,1975800.0
1161,2021-10-11 06:22:14,50900.0,200.0,1975600.0
1162,2021-10-11 06:22:14,50900.0,100.0,1975400.0
1163,2021-10-11 06:22:14,50900.0,500.0,1975300.0
1164,2021-10-11 06:22:14,50900.0,100.0,1974800.0
1165,2021-10-11 06:22:14,50900.0,100.0,1974700.0
1166,2021-10-11 06:22:14,50900.0,1000.0,1974600.0
1167,2021-10-11 06:22:14,50900.0,1000.0,1973600.0
1168,2021-10-11 06:22:14,50900.0,200.0,1972600.0
1169,2021-10-11 06:22:14,50900.0,1000.0,1972400.0
1170,2021-10-11 06:22:14,50900.0,500.0,1971400.0
1171,2021-10-11 06:22:14,50900.0,1000.0,1970900.0
1172,2021-10-11 06:22:14,50900.0,100.0,1969900.0
1173,2021-10-11 06:22:14,50900.0,500.0,1969800.0
1174,2021-10-11 06:22:14,50900.0,5000.0,1969300.0
1175,2021-10-11 06:22:14,50900.0,100.0,1964300.0
1176,2021-10-11 06:22:14,50900.0,500.0,1964200.0
1177,2021-10-11 06:22:14,50900.0,2000.0,1963700.0
1178,2021-10-11 06:22:14,50900.0,300.0,1961700.0
1179,2021-10-11 06:22:14,50900.0,100.0,1961400.0
1180,2021-10-11 06:22:14,50900.0,15600.0,1961300.0
1181,2021-10-11 06:22:09,51000.0,300.0,1945700.0
1182,2021-10-11 06:21:35,51000.0,500.0,1945400.0
1183,2021-10-11 06:20:41,51000.0,100.0,1944900.0
1184,2021-10-11 06:20:38,51000.0,3100.0,1944800.0
1185,2021-10-11 06:20:38,51000.0,1900.0,1941700.0
1186,2021-10-11 06:20:38,50900.0,1100.0,1939800.0
1187,2021-10-11 06:20:35,50900.0,100.0,1938700.0
1188,2021-10-11 06:20:18,51000.0,7100.0,1938600.0
1189,2021-10-11 06:20:18,51000.0,10900.0,1931500.0
1190,2021-10-11 06:20:14,51000.0,300.0,1920600.0
1191,2021-10-11 06:19:56,51000.0,400.0,1920300.0
1192,2021-10-11 06:19:44,51000.0,100.0,1919900.0
1193,2021-10-11 06:19:18,51000.0,500.0,1919800.0
1194,2021-10-11 06:19:01,51000.0,200.0,1919300.0
1195,2021-10-11 06:18:51,51000.0,100.0,1919100.0
1196,2021-10-11 06:18:31,51000.0,500.0,1919000.0
1197,2021-10-11 06:18:20,51000.0,7000.0,1918500.0
1198,2021-10-11 06:18:20,51000.0,1000.0,1911500.0
1199,2021-10-11 06:18:20,51000.0,2000.0,1910500.0
1200,2021-10-11 06:17:35,50900.0,200.0,1908500.0
1201,2021-10-11 06:17:35,50900.0,100.0,1908300.0
1202,2021-10-11 06:17:35,50900.0,3200.0,1908200.0
1203,2021-10-11 06:17:35,50900.0,800.0,1905000.0
1204,2021-10-11 06:17:11,50900.0,400.0,1904200.0
1205,2021-10-11 06:16:58,50900.0,1000.0,1903800.0
1206,2021-10-11 06:16:52,50900.0,2800.0,1902800.0
1207,2021-10-11 06:16:52,50900.0,200.0,1900000.0
1208,2021-10-11 06:16:36,50900.0,200.0,1899800.0
1209,2021-10-11 06:16:36,50900.0,100.0,1899600.0
1210,2021-10-11 06:16:31,51000.0,300.0,1899500.0
1211,2021-10-11 06:16:25,51000.0,300.0,1899200.0
1212,2021-10-11 06:16:10,51000.0,200.0,1898900.0
1213,2021-10-11 06:16:07,51000.0,100.0,1898700.0
1214,2021-10-11 06:16:04,51000.0,1000.0,1898600.0
1215,2021-10-11 06:16:02,51000.0,1000.0,1897600.0
1216,2021-10-11 06:15:59,51000.0,600.0,1896600.0
1217,2021-10-11 06:15:55,51000.0,1000.0,1896000.0
1218,2021-10-11 06:15:55,51000.0,500.0,1895000.0
1219,2021-10-11 06:15:55,51000.0,200.0,1894500.0
1220,2021-10-11 06:15:55,51000.0,400.0,1894300.0
1221,2021-10-11 06:15:55,51000.0,1800.0,1893900.0
1222,2021-10-11 06:15:50,51000.0,4200.0,1892100.0
1223,2021-10-11 06:15:50,51000.0,200.0,1887900.0
1224,2021-10-11 06:15:50,51000.0,700.0,1887700.0
1225,2021-10-11 06:15:50,51000.0,5000.0,1887000.0
1226,2021-10-11 06:15:50,51000.0,100.0,1882000.0
1227,2021-10-11 06:15:50,51000.0,600.0,1881900.0
1228,2021-10-11 06:15:50,51000.0,300.0,1881300.0
1229,2021-10-11 06:15:50,51000.0,100.0,1881000.0
1230,2021-10-11 06:15:50,51000.0,2000.0,1880900.0
1231,2021-10-11 06:15:50,51000.0,100.0,1878900.0
1232,2021-10-11 06:15:50,51000.0,100.0,1878800.0
1233,2021-10-11 06:15:50,51000.0,1000.0,1878700.0
1234,2021-10-11 06:15:50,51000.0,1000.0,1877700.0
1235,2021-10-11 06:15:50,51000.0,2000.0,1876700.0
1236,2021-10-11 06:15:50,51000.0,500.0,1874700.0
1237,2021-10-11 06:15:50,51000.0,200.0,1874200.0
1238,2021-10-11 06:15:50,51000.0,100.0,1874000.0
1239,2021-10-11 06:15:50,51000.0,100.0,1873900.0
1240,2021-10-11 06:15:50,51000.0,7600.0,1873800.0
1241,2021-10-11 06:15:50,51000.0,100.0,1866200.0
1242,2021-10-11 06:15:50,51000.0,2000.0,1866100.0
1243,2021-10-11 06:15:50,51000.0,100.0,1864100.0
1244,2021-10-11 06:15:50,51000.0,100.0,1864000.0
1245,2021-10-11 06:15:50,51000.0,300.0,1863900.0
1246,2021-10-11 06:15:50,51000.0,2000.0,1863600.0
1247,2021-10-11 06:15:50,51000.0,1500.0,1861600.0
1248,2021-10-11 06:15:50,51000.0,100.0,1860100.0
1249,2021-10-11 06:15:50,51000.0,2000.0,1860000.0
1250,2021-10-11 06:15:50,51000.0,100.0,1858000.0
1251,2021-10-11 06:15:50,51000.0,800.0,1857900.0
1252,2021-10-11 06:15:44,51100.0,100.0,1857100.0
1253,2021-10-11 06:15:39,51000.0,800.0,1857000.0
1254,2021-10-11 06:15:39,51000.0,1000.0,1856200.0
1255,2021-10-11 06:15:39,51000.0,500.0,1855200.0
1256,2021-10-11 06:15:39,51000.0,500.0,1854700.0
1257,2021-10-11 06:15:39,51000.0,700.0,1854200.0
1258,2021-10-11 06:15:25,51100.0,100.0,1853500.0
1259,2021-10-11 06:15:13,51100.0,300.0,1853400.0
1260,2021-10-11 06:15:09,51000.0,800.0,1853100.0
1261,2021-10-11 06:15:09,51000.0,4000.0,1852300.0
1262,2021-10-11 06:15:09,51000.0,500.0,1848300.0
1263,2021-10-11 06:15:09,51000.0,100.0,1847800.0
1264,2021-10-11 06:15:09,51000.0,2000.0,1847700.0
1265,2021-10-11 06:15:09,51000.0,200.0,1845700.0
1266,2021-10-11 06:15:09,51000.0,300.0,1845500.0
1267,2021-10-11 06:15:09,51000.0,500.0,1845200.0
1268,2021-10-11 06:15:09,51000.0,400.0,1844700.0
1269,2021-10-11 06:15:09,51000.0,500.0,1844300.0
1270,2021-10-11 06:15:09,51000.0,100.0,1843800.0
1271,2021-10-11 06:15:09,51000.0,100.0,1843700.0
1272,2021-10-11 06:15:09,51000.0,200.0,1843600.0
1273,2021-10-11 06:15:09,51000.0,300.0,1843400.0
1274,2021-10-11 06:14:43,51000.0,1700.0,1843100.0
1275,2021-10-11 06:14:43,51000.0,200.0,1841400.0
1276,2021-10-11 06:14:43,51000.0,600.0,1841200.0
1277,2021-10-11 06:14:43,51000.0,1000.0,1840600.0
1278,2021-10-11 06:14:43,51000.0,200.0,1839600.0
1279,2021-10-11 06:14:43,51000.0,300.0,1839400.0
1280,2021-10-11 06:14:40,51100.0,2000.0,1839100.0
1281,2021-10-11 06:14:25,51100.0,1000.0,1837100.0
1282,2021-10-11 06:14:10,51100.0,1200.0,1836100.0
1283,2021-10-11 06:13:51,51100.0,200.0,1834900.0
1284,2021-10-11 06:13:51,51100.0,100.0,1834700.0
1285,2021-10-11 06:13:46,51100.0,100.0,1834600.0
1286,2021-10-11 06:13:44,51100.0,100.0,1834500.0
1287,2021-10-11 06:13:35,51100.0,500.0,1834400.0
1288,2021-10-11 06:13:32,51100.0,400.0,1833900.0
1289,2021-10-11 06:13:32,51100.0,100.0,1833500.0
1290,2021-10-11 06:13:28,51100.0,500.0,1833400.0
1291,2021-10-11 06:13:26,51100.0,500.0,1832900.0
1292,2021-10-11 06:13:26,51100.0,300.0,1832400.0
1293,2021-10-11 06:13:14,51100.0,100.0,1832100.0
1294,2021-10-11 06:13:08,51000.0,200.0,1832000.0
1295,2021-10-11 06:13:08,51000.0,800.0,1831800.0
1296,2021-10-11 06:13:08,51100.0,1500.0,1831000.0
1297,2021-10-11 06:12:58,51100.0,1000.0,1829500.0
1298,2021-10-11 06:12:58,51100.0,3000.0,1828500.0
1299,2021-10-11 06:12:58,51100.0,500.0,1825500.0
1300,2021-10-11 06:12:56,51100.0,100.0,1825000.0
1301,2021-10-11 06:12:56,51100.0,200.0,1824900.0
1302,2021-10-11 06:12:50,51100.0,300.0,1824700.0
1303,2021-10-11 06:12:50,51100.0,900.0,1824400.0
1304,2021-10-11 06:12:50,51100.0,100.0,1823500.0
1305,2021-10-11 06:12:50,51100.0,300.0,1823400.0
1306,2021-10-11 06:12:50,51100.0,100.0,1823100.0
1307,2021-10-11 06:12:49,51100.0,400.0,1823000.0
1308,2021-10-11 06:12:49,51100.0,600.0,1822600.0
1309,2021-10-11 06:12:17,51100.0,7900.0,1822000.0
1310,2021-10-11 06:12:17,51100.0,2000.0,1814100.0
1311,2021-10-11 06:12:17,51100.0,100.0,1812100.0
1312,2021-10-11 06:12:15,51100.0,900.0,1812000.0
1313,2021-10-11 06:12:15,51100.0,100.0,1811100.0
1314,2021-10-11 06:12:08,51100.0,900.0,1811000.0
1315,2021-10-11 06:12:08,51100.0,500.0,1810100.0
1316,2021-10-11 06:11:57,51200.0,100.0,1809600.0
1317,2021-10-11 06:11:57,51200.0,2700.0,1809500.0
1318,2021-10-11 06:11:57,51200.0,200.0,1806800.0
1319,2021-10-11 06:11:43,51100.0,400.0,1806600.0
1320,2021-10-11 06:11:37,51200.0,1000.0,1806200.0
1321,2021-10-11 06:11:18,51200.0,300.0,1805200.0
1322,2021-10-11 06:11:18,51200.0,700.0,1804900.0
1323,2021-10-11 06:11:18,51200.0,500.0,1804200.0
1324,2021-10-11 06:11:18,51200.0,600.0,1803700.0
1325,2021-10-11 06:11:18,51200.0,200.0,1803100.0
1326,2021-10-11 06:11:18,51200.0,300.0,1802900.0
1327,2021-10-11 06:11:18,51200.0,100.0,1802600.0
1328,2021-10-11 06:11:18,51200.0,300.0,1802500.0
1329,2021-10-11 06:11:08,51200.0,200.0,1802200.0
1330,2021-10-11 06:11:08,51200.0,200.0,1802000.0
1331,2021-10-11 06:11:08,51200.0,100.0,1801800.0
1332,2021-10-11 06:10:46,51200.0,500.0,1801700.0
1333,2021-10-11 06:10:37,51100.0,1300.0,1801200.0
1334,2021-10-11 06:10:26,51100.0,800.0,1799900.0
1335,2021-10-11 06:10:26,51100.0,200.0,1799100.0
1336,2021-10-11 06:10:07,51100.0,100.0,1798900.0
1337,2021-10-11 06:10:07,51100.0,900.0,1798800.0
1338,2021-10-11 06:09:49,51100.0,100.0,1797900.0
1339,2021-10-11 06:09:49,51100.0,400.0,1797800.0
1340,2021-10-11 06:09:49,51100.0,200.0,1797400.0
1341,2021-10-11 06:09:49,51100.0,200.0,1797200.0
1342,2021-10-11 06:09:49,51100.0,300.0,1797000.0
1343,2021-10-11 06:09:49,51100.0,500.0,1796700.0
1344,2021-10-11 06:09:49,51100.0,100.0,1796200.0
1345,2021-10-11 06:09:49,51100.0,100.0,1796100.0
1346,2021-10-11 06:09:49,51100.0,100.0,1796000.0
1347,2021-10-11 06:08:59,51100.0,1000.0,1795900.0
1348,2021-10-11 06:08:57,51100.0,100.0,1794900.0
1349,2021-10-11 06:08:52,51000.0,200.0,1794800.0
1350,2021-10-11 06:08:52,51000.0,5000.0,1794600.0
1351,2021-10-11 06:08:52,51000.0,100.0,1789600.0
1352,2021-10-11 06:08:52,51000.0,300.0,1789500.0
1353,2021-10-11 06:08:52,51000.0,100.0,1789200.0
1354,2021-10-11 06:08:52,51000.0,500.0,1789100.0
1355,2021-10-11 06:08:52,51000.0,100.0,1788600.0
1356,2021-10-11 06:08:52,51000.0,1000.0,1788500.0
1357,2021-10-11 06:08:52,51000.0,2700.0,1787500.0
1358,2021-10-11 06:08:46,51100.0,200.0,1784800.0
1359,2021-10-11 06:08:43,51100.0,100.0,1784600.0
1360,2021-10-11 06:08:35,51100.0,200.0,1784500.0
1361,2021-10-11 06:08:13,51100.0,500.0,1784300.0
1362,2021-10-11 06:08:01,51000.0,300.0,1783800.0
1363,2021-10-11 06:08:01,51000.0,200.0,1783500.0
1364,2021-10-11 06:08:01,51000.0,3600.0,1783300.0
1365,2021-10-11 06:07:58,51000.0,1000.0,1779700.0
1366,2021-10-11 06:07:24,51000.0,400.0,1778700.0
1367,2021-10-11 06:07:24,51000.0,1500.0,1778300.0
1368,2021-10-11 06:07:24,51000.0,600.0,1776800.0
1369,2021-10-11 06:06:11,51000.0,900.0,1776200.0
1370,2021-10-11 06:06:08,51000.0,500.0,1775300.0
1371,2021-10-11 06:06:07,51100.0,100.0,1774800.0
1372,2021-10-11 06:06:01,51100.0,100.0,1774700.0
1373,2021-10-11 06:06:01,51100.0,600.0,1774600.0
1374,2021-10-11 06:06:01,51100.0,2000.0,1774000.0
1375,2021-10-11 06:06:01,51100.0,100.0,1772000.0
1376,2021-10-11 06:05:56,51200.0,200.0,1771900.0
1377,2021-10-11 06:05:55,51100.0,100.0,1771700.0
1378,2021-10-11 06:05:37,51100.0,1000.0,1771600.0
1379,2021-10-11 06:05:25,51100.0,1000.0,1770600.0
1380,2021-10-11 06:05:12,51100.0,1000.0,1769600.0
1381,2021-10-11 06:04:55,51100.0,500.0,1768600.0
1382,2021-10-11 06:04:29,51100.0,600.0,1768100.0
1383,2021-10-11 06:04:29,51100.0,300.0,1767500.0
1384,2021-10-11 06:04:27,51100.0,100.0,1767200.0
1385,2021-10-11 06:04:27,51100.0,100.0,1767100.0
1386,2021-10-11 06:04:27,51100.0,300.0,1767000.0
1387,2021-10-11 06:04:26,51100.0,200.0,1766700.0
1388,2021-10-11 06:04:26,51100.0,800.0,1766500.0
1389,2021-10-11 06:04:12,51100.0,100.0,1765700.0
1390,2021-10-11 06:04:05,51100.0,300.0,1765600.0
1391,2021-10-11 06:02:05,51100.0,100.0,1765300.0
1392,2021-10-11 06:02:00,51100.0,400.0,1765200.0
1393,2021-10-11 06:02:00,51100.0,100.0,1764800.0
1394,2021-10-11 06:01:58,51100.0,100.0,1764700.0
1395,2021-10-11 06:01:24,51100.0,1000.0,1764600.0
1396,2021-10-11 06:00:46,51100.0,500.0,1763600.0
1397,2021-10-11 06:00:36,51100.0,300.0,1763100.0
1398,2021-10-11 06:00:36,51100.0,100.0,1762800.0
1399,2021-10-11 06:00:36,51100.0,100.0,1762700.0
1400,2021-10-11 06:00:36,51100.0,200.0,1762600.0
1401,2021-10-11 06:00:36,51100.0,700.0,1762400.0
1402,2021-10-11 06:00:36,51100.0,1600.0,1761700.0
1403,2021-10-11 06:00:36,51100.0,400.0,1760100.0
1404,2021-10-11 06:00:36,51100.0,800.0,1759700.0
1405,2021-10-11 06:00:36,51100.0,1000.0,1758900.0
1406,2021-10-11 06:00:36,51100.0,800.0,1757900.0
1407,2021-10-11 06:00:36,51100.0,2000.0,1757100.0
1408,2021-10-11 06:00:35,51200.0,1000.0,1755100.0
1409,2021-10-11 06:00:34,51100.0,200.0,1754100.0
1410,2021-10-11 06:00:29,51200.0,500.0,1753900.0
1411,2021-10-11 06:00:26,51100.0,100.0,1753400.0
1412,2021-10-11 06:00:25,51100.0,100.0,1753300.0
1413,2021-10-11 06:00:24,51100.0,1000.0,1753200.0
1414,2021-10-11 06:00:20,51100.0,1000.0,1752200.0
1415,2021-10-11 06:00:20,51100.0,200.0,1751200.0
1416,2021-10-11 06:00:10,51100.0,100.0,1751000.0
1417,2021-10-11 06:00:04,51100.0,200.0,1750900.0
1418,2021-10-11 06:00:01,51100.0,100.0,1750700.0
1419,2021-10-11 06:00:01,51100.0,400.0,1750600.0
1420,2021-10-11 06:00:01,51100.0,100.0,1750200.0
1421,2021-10-11 06:00:01,51100.0,700.0,1750100.0
1422,2021-10-11 06:00:01,51100.0,200.0,1749400.0
1423,2021-10-11 06:00:01,51100.0,100.0,1749200.0
1424,2021-10-11 04:29:55,51100.0,1000.0,1749100.0
1425,2021-10-11 04:29:38,51100.0,3500.0,1748100.0
1426,2021-10-11 04:29:36,51100.0,300.0,1744600.0
1427,2021-10-11 04:29:28,51100.0,2000.0,1744300.0
1428,2021-10-11 04:29:24,51100.0,600.0,1742300.0
1429,2021-10-11 04:29:12,51100.0,100.0,1741700.0
1430,2021-10-11 04:28:58,51100.0,100.0,1741600.0
1431,2021-10-11 04:28:56,51100.0,200.0,1741500.0
1432,2021-10-11 04:28:48,51100.0,1200.0,1741300.0
1433,2021-10-11 04:28:48,51100.0,2000.0,1740100.0
1434,2021-10-11 04:28:48,51100.0,3000.0,1738100.0
1435,2021-10-11 04:28:37,51100.0,1200.0,1735100.0
1436,2021-10-11 04:28:18,51100.0,200.0,1733900.0
1437,2021-10-11 04:28:09,51200.0,100.0,1733700.0
1438,2021-10-11 04:27:36,51200.0,800.0,1733600.0
1439,2021-10-11 04:27:29,51200.0,100.0,1732800.0
1440,2021-10-11 04:27:03,51200.0,500.0,1732700.0
1441,2021-10-11 04:26:58,51200.0,500.0,1732200.0
1442,2021-10-11 04:26:57,51200.0,500.0,1731700.0
1443,2021-10-11 04:26:05,51200.0,200.0,1731200.0
1444,2021-10-11 04:25:43,51200.0,100.0,1731000.0
1445,2021-10-11 04:25:33,51100.0,300.0,1730900.0
1446,2021-10-11 04:24:56,51200.0,900.0,1730600.0
1447,2021-10-11 04:24:46,51200.0,100.0,1729700.0
1448,2021-10-11 04:24:09,51200.0,100.0,1729600.0
1449,2021-10-11 04:23:31,51200.0,1000.0,1729500.0
1450,2021-10-11 04:23:25,51100.0,300.0,1728500.0
1451,2021-10-11 04:23:25,51100.0,100.0,1728200.0
1452,2021-10-11 04:23:15,51200.0,100.0,1728100.0
1453,2021-10-11 04:23:03,51200.0,100.0,1728000.0
1454,2021-10-11 04:23:00,51200.0,200.0,1727900.0
1455,2021-10-11 04:22:46,51200.0,100.0,1727700.0
1456,2021-10-11 04:22:29,51200.0,2000.0,1727600.0
1457,2021-10-11 04:22:24,51200.0,300.0,1725600.0
1458,2021-10-11 04:22:24,51200.0,700.0,1725300.0
1459,2021-10-11 04:22:21,51200.0,600.0,1724600.0
1460,2021-10-11 04:22:21,51200.0,1000.0,1724000.0
1461,2021-10-11 04:22:21,51200.0,800.0,1723000.0
1462,2021-10-11 04:22:05,51200.0,100.0,1722200.0
1463,2021-10-11 04:22:05,51200.0,500.0,1722100.0
1464,2021-10-11 04:22:05,51200.0,100.0,1721600.0
1465,2021-10-11 04:22:05,51200.0,100.0,1721500.0
1466,2021-10-11 04:22:05,51200.0,3400.0,1721400.0
1467,2021-10-11 04:21:59,51200.0,200.0,1718000.0
1468,2021-10-11 04:21:44,51200.0,1700.0,1717800.0
1469,2021-10-11 04:21:44,51200.0,500.0,1716100.0
1470,2021-10-11 04:21:44,51200.0,100.0,1715600.0
1471,2021-10-11 04:21:44,51200.0,300.0,1715500.0
1472,2021-10-11 04:21:44,51200.0,300.0,1715200.0
1473,2021-10-11 04:21:15,51200.0,200.0,1714900.0
1474,2021-10-11 04:21:15,51200.0,100.0,1714700.0
1475,2021-10-11 04:21:15,51200.0,100.0,1714600.0
1476,2021-10-11 04:21:15,51200.0,500.0,1714500.0
1477,2021-10-11 04:21:15,51200.0,100.0,1714000.0
1478,2021-10-11 04:21:15,51200.0,1100.0,1713900.0
1479,2021-10-11 04:21:07,51200.0,900.0,1712800.0
1480,2021-10-11 04:21:07,51200.0,1000.0,1711900.0
1481,2021-10-11 04:20:59,51200.0,9000.0,1710900.0
1482,2021-10-11 04:20:59,51200.0,1000.0,1701900.0
1483,2021-10-11 04:20:48,51200.0,1000.0,1700900.0
1484,2021-10-11 04:20:31,51200.0,4300.0,1699900.0
1485,2021-10-11 04:20:29,51100.0,100.0,1695600.0
1486,2021-10-11 04:20:29,51100.0,300.0,1695500.0
1487,2021-10-11 04:20:29,51100.0,300.0,1695200.0
1488,2021-10-11 04:20:29,51100.0,1000.0,1694900.0
1489,2021-10-11 04:20:29,51100.0,1300.0,1693900.0
1490,2021-10-11 04:19:29,51200.0,3300.0,1692600.0
1491,2021-10-11 04:19:12,51200.0,300.0,1689300.0
1492,2021-10-11 04:19:12,51200.0,200.0,1689000.0
1493,2021-10-11 04:19:12,51200.0,200.0,1688800.0
1494,2021-10-11 04:19:12,51200.0,1000.0,1688600.0
1495,2021-10-11 04:19:12,51200.0,200.0,1687600.0
1496,2021-10-11 04:19:12,51200.0,100.0,1687400.0
1497,2021-10-11 04:19:12,51200.0,300.0,1687300.0
1498,2021-10-11 04:19:12,51200.0,700.0,1687000.0
1499,2021-10-11 04:19:05,51200.0,3000.0,1686300.0
1500,2021-10-11 04:19:03,51200.0,300.0,1683300.0
1501,2021-10-11 04:18:54,51200.0,100.0,1683000.0
1502,2021-10-11 04:18:52,51200.0,3000.0,1682900.0
1503,2021-10-11 04:18:50,51200.0,1000.0,1679900.0
1504,2021-10-11 04:18:45,51200.0,1700.0,1678900.0
1505,2021-10-11 04:18:39,51200.0,200.0,1677200.0
1506,2021-10-11 04:18:39,51200.0,1300.0,1677000.0
1507,2021-10-11 04:18:39,51200.0,100.0,1675700.0
1508,2021-10-11 04:18:39,51200.0,600.0,1675600.0
1509,2021-10-11 04:18:39,51200.0,100.0,1675000.0
1510,2021-10-11 04:18:39,51200.0,1000.0,1674900.0
1511,2021-10-11 04:18:39,51200.0,100.0,1673900.0
1512,2021-10-11 04:18:39,51200.0,100.0,1673800.0
1513,2021-10-11 04:18:39,51200.0,500.0,1673700.0
1514,2021-10-11 04:18:39,51200.0,500.0,1673200.0
1515,2021-10-11 04:18:39,51200.0,100.0,1672700.0
1516,2021-10-11 04:18:39,51200.0,400.0,1672600.0
1517,2021-10-11 04:18:36,51200.0,100.0,1672200.0
1518,2021-10-11 04:18:36,51200.0,100.0,1672100.0
1519,2021-10-11 04:18:35,51200.0,200.0,1672000.0
1520,2021-10-11 04:18:35,51200.0,100.0,1671800.0
1521,2021-10-11 04:18:35,51200.0,700.0,1671700.0
1522,2021-10-11 04:18:31,51200.0,400.0,1671000.0
1523,2021-10-11 04:18:31,51200.0,600.0,1670600.0
1524,2021-10-11 04:18:27,51200.0,400.0,1670000.0
1525,2021-10-11 04:18:27,51200.0,200.0,1669600.0
1526,2021-10-11 04:18:27,51200.0,600.0,1669400.0
1527,2021-10-11 04:18:27,51200.0,100.0,1668800.0
1528,2021-10-11 04:18:27,51200.0,200.0,1668700.0
1529,2021-10-11 04:18:27,51200.0,300.0,1668500.0
1530,2021-10-11 04:18:27,51200.0,200.0,1668200.0
1531,2021-10-11 04:18:27,51200.0,200.0,1668000.0
1532,2021-10-11 04:18:27,51200.0,100.0,1667800.0
1533,2021-10-11 04:18:27,51200.0,100.0,1667700.0
1534,2021-10-11 04:18:27,51200.0,500.0,1667600.0
1535,2021-10-11 04:18:27,51200.0,500.0,1667100.0
1536,2021-10-11 04:18:27,51200.0,300.0,1666600.0
1537,2021-10-11 04:18:27,51200.0,200.0,1666300.0
1538,2021-10-11 04:18:27,51200.0,1200.0,1666100.0
1539,2021-10-11 04:18:27,51200.0,500.0,1664900.0
1540,2021-10-11 04:18:27,51200.0,500.0,1664400.0
1541,2021-10-11 04:18:27,51200.0,300.0,1663900.0
1542,2021-10-11 04:18:27,51200.0,1000.0,1663600.0
1543,2021-10-11 04:18:27,51200.0,100.0,1662600.0
1544,2021-10-11 04:18:27,51200.0,2500.0,1662500.0
1545,2021-10-11 04:18:08,51200.0,500.0,1660000.0
1546,2021-10-11 04:18:08,51200.0,100.0,1659500.0
1547,2021-10-11 04:18:08,51200.0,100.0,1659400.0
1548,2021-10-11 04:18:08,51200.0,1400.0,1659300.0
1549,2021-10-11 04:18:08,51200.0,400.0,1657900.0
1550,2021-10-11 04:18:08,51200.0,1500.0,1657500.0
1551,2021-10-11 04:18:08,51200.0,1000.0,1656000.0
1552,2021-10-11 04:17:52,51200.0,200.0,1655000.0
1553,2021-10-11 04:17:39,51200.0,5000.0,1654800.0
1554,2021-10-11 04:17:30,51200.0,5000.0,1649800.0
1555,2021-10-11 04:17:11,51200.0,3500.0,1644800.0
1556,2021-10-11 04:17:04,51100.0,200.0,1641300.0
1557,2021-10-11 04:16:57,51100.0,100.0,1641100.0
1558,2021-10-11 04:16:57,51100.0,400.0,1641000.0
1559,2021-10-11 04:16:55,51100.0,200.0,1640600.0
1560,2021-10-11 04:16:46,51100.0,400.0,1640400.0
1561,2021-10-11 04:16:46,51100.0,1000.0,1640000.0
1562,2021-10-11 04:16:46,51100.0,1000.0,1639000.0
1563,2021-10-11 04:16:46,51100.0,1500.0,1638000.0
1564,2021-10-11 04:16:46,51100.0,100.0,1636500.0
1565,2021-10-11 04:16:46,51100.0,600.0,1636400.0
1566,2021-10-11 04:16:46,51100.0,200.0,1635800.0
1567,2021-10-11 04:16:46,51100.0,2500.0,1635600.0
1568,2021-10-11 04:16:46,51100.0,2000.0,1633100.0
1569,2021-10-11 04:16:46,51100.0,500.0,1631100.0
1570,2021-10-11 04:16:46,51100.0,200.0,1630600.0
1571,2021-10-11 04:16:40,51000.0,500.0,1630400.0
1572,2021-10-11 04:16:25,51000.0,200.0,1629900.0
1573,2021-10-11 04:16:21,51000.0,100.0,1629700.0
1574,2021-10-11 04:16:03,51000.0,100.0,1629600.0
1575,2021-10-11 04:15:56,51000.0,200.0,1629500.0
1576,2021-10-11 04:15:56,51000.0,100.0,1629300.0
1577,2021-10-11 04:15:56,51000.0,200.0,1629200.0
1578,2021-10-11 04:15:56,51000.0,2000.0,1629000.0
1579,2021-10-11 04:15:56,51000.0,400.0,1627000.0
1580,2021-10-11 04:15:56,51000.0,200.0,1626600.0
1581,2021-10-11 04:15:56,51000.0,100.0,1626400.0
1582,2021-10-11 04:15:56,51000.0,100.0,1626300.0
1583,2021-10-11 04:15:56,51000.0,100.0,1626200.0
1584,2021-10-11 04:15:56,51000.0,400.0,1626100.0
1585,2021-10-11 04:15:53,51000.0,1000.0,1625700.0
1586,2021-10-11 04:15:50,51000.0,1600.0,1624700.0
1587,2021-10-11 04:15:50,51000.0,500.0,1623100.0
1588,2021-10-11 04:15:50,51000.0,500.0,1622600.0
1589,2021-10-11 04:15:50,51000.0,100.0,1622100.0
1590,2021-10-11 04:15:50,51000.0,1000.0,1622000.0
1591,2021-10-11 04:15:50,51000.0,1000.0,1621000.0
1592,2021-10-11 04:15:50,51000.0,300.0,1620000.0
1593,2021-10-11 04:15:50,51000.0,100.0,1619700.0
1594,2021-10-11 04:15:50,51000.0,100.0,1619600.0
1595,2021-10-11 04:15:50,51000.0,500.0,1619500.0
1596,2021-10-11 04:15:50,51000.0,1000.0,1619000.0
1597,2021-10-11 04:15:50,51000.0,100.0,1618000.0
1598,2021-10-11 04:15:50,51000.0,100.0,1617900.0
1599,2021-10-11 04:15:50,51000.0,200.0,1617800.0
1600,2021-10-11 04:15:50,51000.0,2900.0,1617600.0
1601,2021-10-11 04:15:47,51000.0,1000.0,1614700.0
1602,2021-10-11 04:15:47,51000.0,400.0,1613700.0
1603,2021-10-11 04:15:43,51000.0,700.0,1613300.0
1604,2021-10-11 04:15:43,51000.0,500.0,1612600.0
1605,2021-10-11 04:15:43,51000.0,100.0,1612100.0
1606,2021-10-11 04:15:43,51000.0,300.0,1612000.0
1607,2021-10-11 04:15:43,51000.0,500.0,1611700.0
1608,2021-10-11 04:15:43,51000.0,3500.0,1611200.0
1609,2021-10-11 04:15:43,51000.0,100.0,1607700.0
1610,2021-10-11 04:15:43,51000.0,1000.0,1607600.0
1611,2021-10-11 04:15:43,51000.0,1500.0,1606600.0
1612,2021-10-11 04:15:43,51000.0,500.0,1605100.0
1613,2021-10-11 04:15:43,51000.0,1000.0,1604600.0
1614,2021-10-11 04:15:43,51000.0,300.0,1603600.0
1615,2021-10-11 04:15:36,51000.0,200.0,1603300.0
1616,2021-10-11 04:15:36,51000.0,300.0,1603100.0
1617,2021-10-11 04:15:36,51000.0,300.0,1602800.0
1618,2021-10-11 04:15:36,51000.0,500.0,1602500.0
1619,2021-10-11 04:15:36,51000.0,1200.0,1602000.0
1620,2021-10-11 04:15:32,51000.0,10000.0,1600800.0
1621,2021-10-11 04:15:28,51000.0,3800.0,1590800.0
1622,2021-10-11 04:15:28,51000.0,100.0,1587000.0
1623,2021-10-11 04:15:28,51000.0,500.0,1586900.0
1624,2021-10-11 04:15:28,51000.0,1000.0,1586400.0
1625,2021-10-11 04:15:28,51000.0,400.0,1585400.0
1626,2021-10-11 04:15:28,51000.0,1000.0,1585000.0
1627,2021-10-11 04:15:28,51000.0,100.0,1584000.0
1628,2021-10-11 04:15:28,51000.0,100.0,1583900.0
1629,2021-10-11 04:15:28,51000.0,1500.0,1583800.0
1630,2021-10-11 04:15:28,51000.0,200.0,1582300.0
1631,2021-10-11 04:15:28,51000.0,1000.0,1582100.0
1632,2021-10-11 04:15:28,51000.0,300.0,1581100.0
1633,2021-10-11 04:15:24,51000.0,200.0,1580800.0
1634,2021-10-11 04:15:24,51000.0,100.0,1580600.0
1635,2021-10-11 04:15:24,51000.0,300.0,1580500.0
1636,2021-10-11 04:15:24,51000.0,200.0,1580200.0
1637,2021-10-11 04:15:24,51000.0,200.0,1580000.0
1638,2021-10-11 04:15:23,51000.0,100.0,1579800.0
1639,2021-10-11 04:15:17,51000.0,100.0,1579700.0
1640,2021-10-11 04:15:16,51000.0,600.0,1579600.0
1641,2021-10-11 04:15:16,51000.0,100.0,1579000.0
1642,2021-10-11 04:15:16,51000.0,300.0,1578900.0
1643,2021-10-11 04:15:14,51000.0,700.0,1578600.0
1644,2021-10-11 04:15:14,51000.0,100.0,1577900.0
1645,2021-10-11 04:15:14,51000.0,200.0,1577800.0
1646,2021-10-11 04:15:14,51000.0,300.0,1577600.0
1647,2021-10-11 04:15:14,51000.0,100.0,1577300.0
1648,2021-10-11 04:15:08,51000.0,100.0,1577200.0
1649,2021-10-11 04:15:08,51000.0,100.0,1577100.0
1650,2021-10-11 04:15:06,51000.0,100.0,1577000.0
1651,2021-10-11 04:15:06,51000.0,500.0,1576900.0
1652,2021-10-11 04:14:47,51000.0,100.0,1576400.0
1653,2021-10-11 04:14:47,51000.0,400.0,1576300.0
1654,2021-10-11 04:14:09,51000.0,100.0,1575900.0
1655,2021-10-11 04:14:01,51000.0,1000.0,1575800.0
1656,2021-10-11 04:13:57,51000.0,100.0,1574800.0
1657,2021-10-11 04:13:40,51000.0,2000.0,1574700.0
1658,2021-10-11 04:13:16,50900.0,100.0,1572700.0
1659,2021-10-11 04:12:56,50900.0,1000.0,1572600.0
1660,2021-10-11 04:12:50,51000.0,100.0,1571600.0
1661,2021-10-11 04:12:37,50900.0,500.0,1571500.0
1662,2021-10-11 04:11:11,50900.0,800.0,1571000.0
1663,2021-10-11 04:11:11,50900.0,500.0,1570200.0
1664,2021-10-11 04:10:31,51000.0,1300.0,1569700.0
1665,2021-10-11 04:10:31,51000.0,200.0,1568400.0
1666,2021-10-11 04:10:31,51000.0,2500.0,1568200.0
1667,2021-10-11 04:10:31,51000.0,1000.0,1565700.0
1668,2021-10-11 04:10:31,51000.0,500.0,1564700.0
1669,2021-10-11 04:10:31,51000.0,3000.0,1564200.0
1670,2021-10-11 04:10:31,51000.0,100.0,1561200.0
1671,2021-10-11 04:10:31,51000.0,200.0,1561100.0
1672,2021-10-11 04:10:31,51000.0,2000.0,1560900.0
1673,2021-10-11 04:10:31,51000.0,1000.0,1558900.0
1674,2021-10-11 04:10:31,51000.0,100.0,1557900.0
1675,2021-10-11 04:10:31,51000.0,1000.0,1557800.0
1676,2021-10-11 04:10:31,51000.0,100.0,1556800.0
1677,2021-10-11 04:10:31,51000.0,2700.0,1556700.0
1678,2021-10-11 04:10:31,51000.0,100.0,1554000.0
1679,2021-10-11 04:10:31,51000.0,2700.0,1553900.0
1680,2021-10-11 04:10:31,51000.0,100.0,1551200.0
1681,2021-10-11 04:10:31,50900.0,11400.0,1551100.0
1682,2021-10-11 04:10:21,50900.0,5000.0,1539700.0
1683,2021-10-11 04:10:18,50900.0,100.0,1534700.0
1684,2021-10-11 04:10:18,50900.0,3000.0,1534600.0
1685,2021-10-11 04:10:18,50900.0,500.0,1531600.0
1686,2021-10-11 04:10:18,50900.0,1500.0,1531100.0
1687,2021-10-11 04:10:18,50900.0,3000.0,1529600.0
1688,2021-10-11 04:10:18,50900.0,400.0,1526600.0
1689,2021-10-11 04:10:18,50900.0,300.0,1526200.0
1690,2021-10-11 04:10:18,50900.0,5000.0,1525900.0
1691,2021-10-11 04:10:18,50900.0,1000.0,1520900.0
1692,2021-10-11 04:10:18,50900.0,300.0,1519900.0
1693,2021-10-11 04:10:18,50900.0,1000.0,1519600.0
1694,2021-10-11 04:10:18,50900.0,100.0,1518600.0
1695,2021-10-11 04:10:18,50900.0,400.0,1518500.0
1696,2021-10-11 04:10:18,50900.0,400.0,1518100.0
1697,2021-10-11 04:10:18,50900.0,1000.0,1517700.0
1698,2021-10-11 04:10:18,50900.0,3300.0,1516700.0
1699,2021-10-11 04:10:18,50900.0,2000.0,1513400.0
1700,2021-10-11 04:10:18,50900.0,100.0,1511400.0
1701,2021-10-11 04:10:18,50900.0,100.0,1511300.0
1702,2021-10-11 04:10:18,50900.0,800.0,1511200.0
1703,2021-10-11 04:10:11,51000.0,200.0,1510400.0
1704,2021-10-11 04:10:11,51000.0,1000.0,1510200.0
1705,2021-10-11 04:10:11,51000.0,3800.0,1509200.0
1706,2021-10-11 04:08:52,50900.0,400.0,1505400.0
1707,2021-10-11 04:08:45,50900.0,100.0,1505000.0
1708,2021-10-11 04:08:23,50900.0,1900.0,1504900.0
1709,2021-10-11 04:07:13,50900.0,100.0,1503000.0
1710,2021-10-11 04:06:49,50900.0,100.0,1502900.0
1711,2021-10-11 04:06:13,50900.0,200.0,1502800.0
1712,2021-10-11 04:05:49,50900.0,1000.0,1502600.0
1713,2021-10-11 04:05:29,50900.0,200.0,1501600.0
1714,2021-10-11 04:04:10,50900.0,200.0,1501400.0
1715,2021-10-11 04:03:54,50800.0,900.0,1501200.0
1716,2021-10-11 04:03:54,50800.0,600.0,1500300.0
1717,2021-10-11 04:03:54,50900.0,100.0,1499700.0
1718,2021-10-11 04:03:54,50900.0,500.0,1499600.0
1719,2021-10-11 04:03:54,50900.0,100.0,1499100.0
1720,2021-10-11 04:03:54,50900.0,1500.0,1499000.0
1721,2021-10-11 04:03:54,50900.0,1000.0,1497500.0
1722,2021-10-11 04:03:54,50900.0,500.0,1496500.0
1723,2021-10-11 04:03:54,50900.0,1000.0,1496000.0
1724,2021-10-11 04:03:54,50900.0,500.0,1495000.0
1725,2021-10-11 04:03:54,50900.0,200.0,1494500.0
1726,2021-10-11 04:03:54,50900.0,500.0,1494300.0
1727,2021-10-11 04:03:54,50900.0,1400.0,1493800.0
1728,2021-10-11 04:03:54,50900.0,100.0,1492400.0
1729,2021-10-11 04:03:54,50900.0,2000.0,1492300.0
1730,2021-10-11 04:03:54,50900.0,5000.0,1490300.0
1731,2021-10-11 04:03:54,50900.0,100.0,1485300.0
1732,2021-10-11 04:03:21,50900.0,100.0,1485200.0
1733,2021-10-11 04:03:11,51000.0,1100.0,1485100.0
1734,2021-10-11 04:03:00,50900.0,200.0,1484000.0
1735,2021-10-11 04:02:38,51000.0,100.0,1483800.0
1736,2021-10-11 04:02:35,50900.0,100.0,1483700.0
1737,2021-10-11 04:02:35,50900.0,400.0,1483600.0
1738,2021-10-11 04:02:09,50900.0,200.0,1483200.0
1739,2021-10-11 04:02:08,51000.0,300.0,1483000.0
1740,2021-10-11 04:02:03,50900.0,200.0,1482700.0
1741,2021-10-11 04:01:54,50900.0,200.0,1482500.0
1742,2021-10-11 04:01:45,50900.0,400.0,1482300.0
1743,2021-10-11 04:01:23,50900.0,200.0,1481900.0
1744,2021-10-11 04:01:23,50900.0,400.0,1481700.0
1745,2021-10-11 04:01:19,50800.0,500.0,1481300.0
1746,2021-10-11 04:01:15,50900.0,5600.0,1480800.0
1747,2021-10-11 04:01:15,50900.0,200.0,1475200.0
1748,2021-10-11 04:01:15,50900.0,200.0,1475000.0
1749,2021-10-11 04:01:15,50900.0,500.0,1474800.0
1750,2021-10-11 04:01:15,50900.0,100.0,1474300.0
1751,2021-10-11 04:01:15,50900.0,1200.0,1474200.0
1752,2021-10-11 04:01:15,50900.0,1000.0,1473000.0
1753,2021-10-11 04:01:15,50900.0,1000.0,1472000.0
1754,2021-10-11 04:01:15,50900.0,200.0,1471000.0
1755,2021-10-11 04:01:11,50900.0,200.0,1470800.0
1756,2021-10-11 04:00:42,50900.0,100.0,1470600.0
1757,2021-10-11 04:00:42,50900.0,1000.0,1470500.0
1758,2021-10-11 04:00:42,50900.0,500.0,1469500.0
1759,2021-10-11 04:00:42,50900.0,400.0,1469000.0
1760,2021-10-11 04:00:42,50900.0,100.0,1468600.0
1761,2021-10-11 04:00:42,50900.0,300.0,1468500.0
1762,2021-10-11 04:00:42,50900.0,100.0,1468200.0
1763,2021-10-11 04:00:42,50900.0,100.0,1468100.0
1764,2021-10-11 04:00:42,50900.0,500.0,1468000.0
1765,2021-10-11 04:00:42,50900.0,1000.0,1467500.0
1766,2021-10-11 04:00:42,50900.0,300.0,1466500.0
1767,2021-10-11 04:00:42,50900.0,200.0,1466200.0
1768,2021-10-11 04:00:42,50900.0,200.0,1466000.0
1769,2021-10-11 04:00:42,50900.0,100.0,1465800.0
1770,2021-10-11 04:00:42,50900.0,100.0,1465700.0
1771,2021-10-11 04:00:31,50900.0,200.0,1465600.0
1772,2021-10-11 04:00:31,50900.0,300.0,1465400.0
1773,2021-10-11 04:00:25,50900.0,4000.0,1465100.0
1774,2021-10-11 03:59:44,50800.0,200.0,1461100.0
1775,2021-10-11 03:59:36,50900.0,500.0,1460900.0
1776,2021-10-11 03:59:34,50900.0,800.0,1460400.0
1777,2021-10-11 03:58:57,50900.0,4400.0,1459600.0
1778,2021-10-11 03:58:57,50900.0,600.0,1455200.0
1779,2021-10-11 03:58:38,50900.0,400.0,1454600.0
1780,2021-10-11 03:58:38,50900.0,100.0,1454200.0
1781,2021-10-11 03:58:37,50900.0,100.0,1454100.0
1782,2021-10-11 03:58:12,50900.0,200.0,1454000.0
1783,2021-10-11 03:58:07,50900.0,100.0,1453800.0
1784,2021-10-11 03:58:02,50900.0,1600.0,1453700.0
1785,2021-10-11 03:58:02,50900.0,400.0,1452100.0
1786,2021-10-11 03:57:36,50900.0,200.0,1451700.0
1787,2021-10-11 03:57:20,50900.0,9400.0,1451500.0
1788,2021-10-11 03:57:20,50900.0,100.0,1442100.0
1789,2021-10-11 03:57:20,50900.0,500.0,1442000.0
1790,2021-10-11 03:57:15,50900.0,900.0,1441500.0
1791,2021-10-11 03:56:57,50900.0,100.0,1440600.0
1792,2021-10-11 03:56:57,50900.0,100.0,1440500.0
1793,2021-10-11 03:56:57,50900.0,500.0,1440400.0
1794,2021-10-11 03:56:57,50900.0,1200.0,1439900.0
1795,2021-10-11 03:56:49,50900.0,100.0,1438700.0
1796,2021-10-11 03:56:36,50900.0,500.0,1438600.0
1797,2021-10-11 03:56:32,50800.0,2000.0,1438100.0
1798,2021-10-11 03:56:20,50900.0,100.0,1436100.0
1799,2021-10-11 03:55:31,50900.0,100.0,1436000.0
1800,2021-10-11 03:55:22,50900.0,500.0,1435900.0
1801,2021-10-11 03:55:22,50900.0,1000.0,1435400.0
1802,2021-10-11 03:55:22,50900.0,100.0,1434400.0
1803,2021-10-11 03:55:22,50900.0,400.0,1434300.0
1804,2021-10-11 03:55:22,50900.0,200.0,1433900.0
1805,2021-10-11 03:55:22,50900.0,500.0,1433700.0
1806,2021-10-11 03:55:22,50900.0,1000.0,1433200.0
1807,2021-10-11 03:55:22,50900.0,1300.0,1432200.0
1808,2021-10-11 03:55:02,50800.0,300.0,1430900.0
1809,2021-10-11 03:54:50,50800.0,200.0,1430600.0
1810,2021-10-11 03:54:34,50800.0,1200.0,1430400.0
1811,2021-10-11 03:54:34,50800.0,500.0,1429200.0
1812,2021-10-11 03:54:16,50800.0,500.0,1428700.0
1813,2021-10-11 03:54:16,50800.0,100.0,1428200.0
1814,2021-10-11 03:54:16,50800.0,200.0,1428100.0
1815,2021-10-11 03:54:16,50800.0,200.0,1427900.0
1816,2021-10-11 03:54:16,50900.0,1000.0,1427700.0
1817,2021-10-11 03:54:05,50800.0,200.0,1426700.0
1818,2021-10-11 03:53:31,50800.0,600.0,1426500.0
1819,2021-10-11 03:53:31,50800.0,100.0,1425900.0
1820,2021-10-11 03:53:31,50800.0,100.0,1425800.0
1821,2021-10-11 03:53:31,50800.0,1200.0,1425700.0
1822,2021-10-11 03:53:15,50800.0,9300.0,1424500.0
1823,2021-10-11 03:53:00,50800.0,1000.0,1415200.0
1824,2021-10-11 03:52:57,50800.0,2400.0,1414200.0
1825,2021-10-11 03:52:57,50800.0,500.0,1411800.0
1826,2021-10-11 03:52:57,50800.0,100.0,1411300.0
1827,2021-10-11 03:52:48,50900.0,200.0,1411200.0
1828,2021-10-11 03:52:15,50900.0,3000.0,1411000.0
1829,2021-10-11 03:52:05,50800.0,200.0,1408000.0
1830,2021-10-11 03:52:05,50800.0,300.0,1407800.0
1831,2021-10-11 03:51:48,50800.0,200.0,1407500.0
1832,2021-10-11 03:51:48,50800.0,400.0,1407300.0
1833,2021-10-11 03:51:40,50800.0,200.0,1406900.0
1834,2021-10-11 03:51:07,50800.0,2600.0,1406700.0
1835,2021-10-11 03:51:05,50800.0,100.0,1404100.0
1836,2021-10-11 03:50:49,50800.0,1100.0,1404000.0
1837,2021-10-11 03:50:49,50800.0,1000.0,1402900.0
1838,2021-10-11 03:50:49,50800.0,200.0,1401900.0
1839,2021-10-11 03:50:49,50800.0,3700.0,1401700.0
1840,2021-10-11 03:50:32,50800.0,3000.0,1398000.0
1841,2021-10-11 03:50:26,50800.0,1400.0,1395000.0
1842,2021-10-11 03:50:20,50800.0,1900.0,1393600.0
1843,2021-10-11 03:50:20,50800.0,100.0,1391700.0
1844,2021-10-11 03:50:15,50900.0,500.0,1391600.0
1845,2021-10-11 03:50:14,50900.0,5000.0,1391100.0
1846,2021-10-11 03:50:07,50800.0,100.0,1386100.0
1847,2021-10-11 03:49:35,50700.0,400.0,1386000.0
1848,2021-10-11 03:49:35,50800.0,200.0,1385600.0
1849,2021-10-11 03:49:35,50800.0,500.0,1385400.0
1850,2021-10-11 03:49:35,50800.0,100.0,1384900.0
1851,2021-10-11 03:49:35,50800.0,800.0,1384800.0
1852,2021-10-11 03:49:27,50800.0,200.0,1384000.0
1853,2021-10-11 03:49:27,50800.0,300.0,1383800.0
1854,2021-10-11 03:49:10,50800.0,500.0,1383500.0
1855,2021-10-11 03:49:10,50800.0,1000.0,1383000.0
1856,2021-10-11 03:49:10,50800.0,200.0,1382000.0
1857,2021-10-11 03:49:10,50800.0,1500.0,1381800.0
1858,2021-10-11 03:49:10,50800.0,1000.0,1380300.0
1859,2021-10-11 03:49:10,50800.0,500.0,1379300.0
1860,2021-10-11 03:49:08,50800.0,500.0,1378800.0
1861,2021-10-11 03:49:07,50800.0,1000.0,1378300.0
1862,2021-10-11 03:49:07,50800.0,100.0,1377300.0
1863,2021-10-11 03:49:07,50800.0,900.0,1377200.0
1864,2021-10-11 03:48:38,50800.0,800.0,1376300.0
1865,2021-10-11 03:48:38,50800.0,100.0,1375500.0
1866,2021-10-11 03:48:38,50800.0,2300.0,1375400.0
1867,2021-10-11 03:48:15,50800.0,100.0,1373100.0
1868,2021-10-11 03:48:14,50800.0,200.0,1373000.0
1869,2021-10-11 03:48:13,50800.0,400.0,1372800.0
1870,2021-10-11 03:48:13,50800.0,100.0,1372400.0
1871,2021-10-11 03:48:11,50800.0,3900.0,1372300.0
1872,2021-10-11 03:48:11,50800.0,100.0,1368400.0
1873,2021-10-11 03:48:11,50800.0,2000.0,1368300.0
1874,2021-10-11 03:47:54,50800.0,100.0,1366300.0
1875,2021-10-11 03:47:53,50700.0,500.0,1366200.0
1876,2021-10-11 03:47:49,50800.0,300.0,1365700.0
1877,2021-10-11 03:47:35,50800.0,100.0,1365400.0
1878,2021-10-11 03:47:20,50800.0,100.0,1365300.0
1879,2021-10-11 03:46:42,50800.0,400.0,1365200.0
1880,2021-10-11 03:46:42,50800.0,200.0,1364800.0
1881,2021-10-11 03:46:42,50800.0,100.0,1364600.0
1882,2021-10-11 03:46:42,50800.0,200.0,1364500.0
1883,2021-10-11 03:46:40,50800.0,300.0,1364300.0
1884,2021-10-11 03:46:40,50800.0,1000.0,1364000.0
1885,2021-10-11 03:46:40,50800.0,100.0,1363000.0
1886,2021-10-11 03:46:40,50800.0,100.0,1362900.0
1887,2021-10-11 03:46:30,50800.0,400.0,1362800.0
1888,2021-10-11 03:46:30,50800.0,1000.0,1362400.0
1889,2021-10-11 03:46:30,50800.0,100.0,1361400.0
1890,2021-10-11 03:46:30,50800.0,100.0,1361300.0
1891,2021-10-11 03:46:30,50800.0,200.0,1361200.0
1892,2021-10-11 03:46:13,50800.0,300.0,1361000.0
1893,2021-10-11 03:46:13,50800.0,100.0,1360700.0
1894,2021-10-11 03:46:05,50800.0,200.0,1360600.0
1895,2021-10-11 03:45:59,50800.0,300.0,1360400.0
1896,2021-10-11 03:45:59,50800.0,200.0,1360100.0
1897,2021-10-11 03:45:59,50800.0,500.0,1359900.0
1898,2021-10-11 03:45:59,50800.0,300.0,1359400.0
1899,2021-10-11 03:45:59,50800.0,700.0,1359100.0
1900,2021-10-11 03:45:59,50800.0,300.0,1358400.0
1901,2021-10-11 03:45:49,50900.0,100.0,1358100.0
1902,2021-10-11 03:45:44,50800.0,200.0,1358000.0
1903,2021-10-11 03:45:44,50800.0,100.0,1357800.0
1904,2021-10-11 03:45:44,50800.0,100.0,1357700.0
1905,2021-10-11 03:45:44,50800.0,300.0,1357600.0
1906,2021-10-11 03:45:44,50800.0,100.0,1357300.0
1907,2021-10-11 03:45:44,50800.0,100.0,1357200.0
1908,2021-10-11 03:45:44,50800.0,1400.0,1357100.0
1909,2021-10-11 03:45:39,50800.0,600.0,1355700.0
1910,2021-10-11 03:45:39,50800.0,400.0,1355100.0
1911,2021-10-11 03:45:18,50800.0,100.0,1354700.0
1912,2021-10-11 03:45:18,50800.0,500.0,1354600.0
1913,2021-10-11 03:45:18,50800.0,100.0,1354100.0
1914,2021-10-11 03:45:18,50800.0,300.0,1354000.0
1915,2021-10-11 03:45:18,50800.0,1000.0,1353700.0
1916,2021-10-11 03:45:18,50800.0,200.0,1352700.0
1917,2021-10-11 03:45:18,50800.0,200.0,1352500.0
1918,2021-10-11 03:45:18,50800.0,100.0,1352300.0
1919,2021-10-11 03:45:18,50800.0,100.0,1352200.0
1920,2021-10-11 03:45:18,50800.0,2000.0,1352100.0
1921,2021-10-11 03:45:18,50800.0,1000.0,1350100.0
1922,2021-10-11 03:45:18,50800.0,100.0,1349100.0
1923,2021-10-11 03:45:18,50800.0,800.0,1349000.0
1924,2021-10-11 03:45:18,50800.0,100.0,1348200.0
1925,2021-10-11 03:45:18,50800.0,300.0,1348100.0
1926,2021-10-11 03:45:18,50800.0,100.0,1347800.0
1927,2021-10-11 03:45:18,50800.0,200.0,1347700.0
1928,2021-10-11 03:45:11,50800.0,800.0,1347500.0
1929,2021-10-11 03:45:11,50800.0,100.0,1346700.0
1930,2021-10-11 03:45:11,50800.0,5000.0,1346600.0
1931,2021-10-11 03:45:11,50800.0,200.0,1341600.0
1932,2021-10-11 03:45:11,50800.0,100.0,1341400.0
1933,2021-10-11 03:45:11,50800.0,300.0,1341300.0
1934,2021-10-11 03:45:11,50800.0,200.0,1341000.0
1935,2021-10-11 03:45:11,50800.0,400.0,1340800.0
1936,2021-10-11 03:45:11,50800.0,1900.0,1340400.0
1937,2021-10-11 03:45:11,50800.0,200.0,1338500.0
1938,2021-10-11 03:45:11,50800.0,800.0,1338300.0
1939,2021-10-11 03:45:00,50900.0,100.0,1337500.0
1940,2021-10-11 03:44:59,50800.0,200.0,1337400.0
1941,2021-10-11 03:44:57,50800.0,500.0,1337200.0
1942,2021-10-11 03:44:57,50800.0,1000.0,1336700.0
1943,2021-10-11 03:44:57,50800.0,100.0,1335700.0
1944,2021-10-11 03:44:57,50800.0,100.0,1335600.0
1945,2021-10-11 03:44:57,50800.0,100.0,1335500.0
1946,2021-10-11 03:44:48,50800.0,400.0,1335400.0
1947,2021-10-11 03:44:48,50800.0,100.0,1335000.0
1948,2021-10-11 03:44:48,50800.0,500.0,1334900.0
1949,2021-10-11 03:44:48,50800.0,100.0,1334400.0
1950,2021-10-11 03:44:48,50800.0,200.0,1334300.0
1951,2021-10-11 03:44:48,50800.0,200.0,1334100.0
1952,2021-10-11 03:44:48,50800.0,100.0,1333900.0
1953,2021-10-11 03:44:48,50800.0,100.0,1333800.0
1954,2021-10-11 03:44:48,50800.0,600.0,1333700.0
1955,2021-10-11 03:44:35,50800.0,2000.0,1333100.0
1956,2021-10-11 03:44:23,50800.0,200.0,1331100.0
1957,2021-10-11 03:43:59,50800.0,1500.0,1330900.0
1958,2021-10-11 03:43:50,50900.0,100.0,1329400.0
1959,2021-10-11 03:43:35,50900.0,200.0,1329300.0
1960,2021-10-11 03:43:25,50900.0,1000.0,1329100.0
1961,2021-10-11 03:43:22,50800.0,100.0,1328100.0
1962,2021-10-11 03:43:00,50800.0,200.0,1328000.0
1963,2021-10-11 03:42:51,50800.0,200.0,1327800.0
1964,2021-10-11 03:42:24,50800.0,200.0,1327600.0
1965,2021-10-11 03:42:24,50800.0,500.0,1327400.0
1966,2021-10-11 03:41:58,50800.0,300.0,1326900.0
1967,2021-10-11 03:41:56,50900.0,100.0,1326600.0
1968,2021-10-11 03:41:43,50900.0,1000.0,1326500.0
1969,2021-10-11 03:41:40,50800.0,200.0,1325500.0
1970,2021-10-11 03:41:15,50800.0,4000.0,1325300.0
1971,2021-10-11 03:41:11,50800.0,1600.0,1321300.0
1972,2021-10-11 03:41:09,50800.0,3800.0,1319700.0
1973,2021-10-11 03:41:05,50800.0,500.0,1315900.0
1974,2021-10-11 03:40:50,50900.0,200.0,1315400.0
1975,2021-10-11 03:40:26,50900.0,100.0,1315200.0
1976,2021-10-11 03:39:55,50800.0,400.0,1315100.0
1977,2021-10-11 03:39:55,50900.0,600.0,1314700.0
1978,2021-10-11 03:39:45,50900.0,3000.0,1314100.0
1979,2021-10-11 03:39:26,50900.0,500.0,1311100.0
1980,2021-10-11 03:39:06,50900.0,400.0,1310600.0
1981,2021-10-11 03:38:42,50800.0,500.0,1310200.0
1982,2021-10-11 03:38:39,50800.0,2000.0,1309700.0
1983,2021-10-11 03:38:15,50800.0,100.0,1307700.0
1984,2021-10-11 03:37:57,50800.0,100.0,1307600.0
1985,2021-10-11 03:37:57,50800.0,400.0,1307500.0
1986,2021-10-11 03:37:57,50800.0,300.0,1307100.0
1987,2021-10-11 03:37:44,50800.0,1000.0,1306800.0
1988,2021-10-11 03:37:43,50800.0,2000.0,1305800.0
1989,2021-10-11 03:37:29,50800.0,2000.0,1303800.0
1990,2021-10-11 03:37:29,50800.0,1000.0,1301800.0
1991,2021-10-11 03:37:29,50800.0,100.0,1300800.0
1992,2021-10-11 03:37:29,50800.0,1400.0,1300700.0
1993,2021-10-11 03:37:07,50900.0,2000.0,1299300.0
1994,2021-10-11 03:36:51,50900.0,1000.0,1297300.0
1995,2021-10-11 03:36:43,50900.0,1000.0,1296300.0
1996,2021-10-11 03:36:35,50900.0,700.0,1295300.0
1997,2021-10-11 03:36:20,50900.0,300.0,1294600.0
1998,2021-10-11 03:36:03,50800.0,200.0,1294300.0
1999,2021-10-11 03:35:59,50800.0,400.0,1294100.0
2000,2021-10-11 03:35:52,50800.0,500.0,1293700.0
2001,2021-10-11 03:35:52,50800.0,500.0,1293200.0
2002,2021-10-11 03:35:47,50800.0,500.0,1292700.0
2003,2021-10-11 03:35:47,50800.0,1000.0,1292200.0
2004,2021-10-11 03:35:47,50800.0,100.0,1291200.0
2005,2021-10-11 03:35:47,50800.0,100.0,1291100.0
2006,2021-10-11 03:35:47,50800.0,100.0,1291000.0
2007,2021-10-11 03:35:47,50800.0,400.0,1290900.0
2008,2021-10-11 03:35:47,50800.0,100.0,1290500.0
2009,2021-10-11 03:35:47,50800.0,1700.0,1290400.0
2010,2021-10-11 03:35:47,50900.0,1000.0,1288700.0
2011,2021-10-11 03:35:47,50900.0,100.0,1287700.0
2012,2021-10-11 03:35:37,50900.0,100.0,1287600.0
2013,2021-10-11 03:35:29,50900.0,100.0,1287500.0
2014,2021-10-11 03:35:03,50800.0,200.0,1287400.0
2015,2021-10-11 03:35:03,50800.0,100.0,1287200.0
2016,2021-10-11 03:35:03,50800.0,2500.0,1287100.0
2017,2021-10-11 03:35:03,50800.0,1000.0,1284600.0
2018,2021-10-11 03:35:03,50800.0,200.0,1283600.0
2019,2021-10-11 03:34:55,50800.0,600.0,1283400.0
2020,2021-10-11 03:34:46,50800.0,200.0,1282800.0
2021,2021-10-11 03:34:46,50800.0,800.0,1282600.0
2022,2021-10-11 03:34:31,50800.0,2000.0,1281800.0
2023,2021-10-11 03:34:25,50800.0,100.0,1279800.0
2024,2021-10-11 03:34:08,50800.0,2100.0,1279700.0
2025,2021-10-11 03:33:48,50800.0,300.0,1277600.0
2026,2021-10-11 03:32:55,50800.0,3000.0,1277300.0
2027,2021-10-11 03:32:52,50800.0,1700.0,1274300.0
2028,2021-10-11 03:32:52,50800.0,3300.0,1272600.0
2029,2021-10-11 03:32:51,50800.0,500.0,1269300.0
2030,2021-10-11 03:32:49,50900.0,5300.0,1268800.0
2031,2021-10-11 03:32:49,50900.0,2000.0,1263500.0
2032,2021-10-11 03:32:49,50900.0,100.0,1261500.0
2033,2021-10-11 03:32:49,50900.0,100.0,1261400.0
2034,2021-10-11 03:32:49,50900.0,1000.0,1261300.0
2035,2021-10-11 03:32:49,50900.0,200.0,1260300.0
2036,2021-10-11 03:32:49,50900.0,1300.0,1260100.0
2037,2021-10-11 03:32:24,50800.0,100.0,1258800.0
2038,2021-10-11 03:31:58,50800.0,100.0,1258700.0
2039,2021-10-11 03:31:58,50800.0,1000.0,1258600.0
2040,2021-10-11 03:31:56,50800.0,200.0,1257600.0
2041,2021-10-11 03:31:50,50900.0,1500.0,1257400.0
2042,2021-10-11 03:31:50,50900.0,500.0,1255900.0
2043,2021-10-11 03:31:50,50900.0,100.0,1255400.0
2044,2021-10-11 03:31:50,50900.0,500.0,1255300.0
2045,2021-10-11 03:31:50,50900.0,100.0,1254800.0
2046,2021-10-11 03:31:50,50900.0,500.0,1254700.0
2047,2021-10-11 03:31:50,50900.0,100.0,1254200.0
2048,2021-10-11 03:31:50,50900.0,300.0,1254100.0
2049,2021-10-11 03:31:50,50900.0,500.0,1253800.0
2050,2021-10-11 03:31:50,50900.0,900.0,1253300.0
