,Time,Price,Volume_per_trade,Volume
0,2021-10-01 14:45:01,31000.0,500.0,329600.0
1,2021-10-01 14:45:01,31000.0,5100.0,329100.0
2,2021-10-01 14:45:01,31000.0,300.0,324000.0
3,2021-10-01 14:45:01,31000.0,100.0,323700.0
4,2021-10-01 14:45:01,31000.0,200.0,323600.0
5,2021-10-01 14:45:01,31000.0,300.0,323400.0
6,2021-10-01 14:45:01,31000.0,4700.0,323100.0
7,2021-10-01 14:45:01,31000.0,1000.0,318400.0
8,2021-10-01 14:45:01,31000.0,2000.0,317400.0
9,2021-10-01 14:45:01,31000.0,2000.0,315400.0
10,2021-10-01 14:45:01,31000.0,300.0,313400.0
11,2021-10-01 14:45:01,31000.0,200.0,313100.0
12,2021-10-01 14:45:01,31000.0,8000.0,312900.0
13,2021-10-01 14:45:01,31000.0,1000.0,304900.0
14,2021-10-01 14:45:01,31000.0,500.0,303900.0
15,2021-10-01 14:45:01,31000.0,100.0,303400.0
16,2021-10-01 14:45:01,31000.0,100.0,303300.0
17,2021-10-01 14:45:01,31000.0,1000.0,303200.0
18,2021-10-01 14:45:01,31000.0,100.0,302200.0
19,2021-10-01 14:45:01,31000.0,300.0,302100.0
20,2021-10-01 14:45:01,31000.0,200.0,301800.0
21,2021-10-01 14:45:01,31000.0,500.0,301600.0
22,2021-10-01 14:45:01,31000.0,500.0,301100.0
23,2021-10-01 14:45:01,31000.0,1500.0,300600.0
24,2021-10-01 14:45:01,31000.0,100.0,299100.0
25,2021-10-01 14:45:01,31000.0,1000.0,299000.0
26,2021-10-01 14:45:01,31000.0,1900.0,298000.0
27,2021-10-01 14:45:01,31000.0,100.0,296100.0
28,2021-10-01 14:45:01,31000.0,100.0,296000.0
29,2021-10-01 14:45:01,31000.0,300.0,295900.0
30,2021-10-01 14:45:01,31000.0,100.0,295600.0
31,2021-10-01 14:29:53,31150.0,100.0,295500.0
32,2021-10-01 14:29:53,31150.0,200.0,295400.0
33,2021-10-01 14:29:53,31150.0,100.0,295200.0
34,2021-10-01 14:29:40,31200.0,100.0,295100.0
35,2021-10-01 14:29:36,31200.0,200.0,295000.0
36,2021-10-01 14:29:36,31200.0,100.0,294800.0
37,2021-10-01 14:29:36,31200.0,200.0,294700.0
38,2021-10-01 14:29:36,31200.0,300.0,294500.0
39,2021-10-01 14:29:36,31200.0,100.0,294200.0
40,2021-10-01 14:29:36,31200.0,100.0,294100.0
41,2021-10-01 14:29:36,31200.0,100.0,294000.0
42,2021-10-01 14:29:36,31200.0,1700.0,293900.0
43,2021-10-01 14:29:36,31200.0,200.0,292200.0
44,2021-10-01 14:29:36,31200.0,1000.0,292000.0
45,2021-10-01 14:29:36,31200.0,2800.0,291000.0
46,2021-10-01 14:29:36,31200.0,200.0,288200.0
47,2021-10-01 14:29:36,31200.0,200.0,288000.0
48,2021-10-01 14:29:33,31200.0,1800.0,287800.0
49,2021-10-01 14:29:33,31200.0,100.0,286000.0
50,2021-10-01 14:29:33,31200.0,100.0,285900.0
51,2021-10-01 14:29:32,31200.0,100.0,285800.0
52,2021-10-01 14:29:32,31200.0,400.0,285700.0
53,2021-10-01 14:29:31,31200.0,100.0,285300.0
54,2021-10-01 14:29:21,31200.0,500.0,285200.0
55,2021-10-01 14:29:21,31200.0,500.0,284700.0
56,2021-10-01 14:29:20,31200.0,200.0,284200.0
57,2021-10-01 14:29:20,31200.0,100.0,284000.0
58,2021-10-01 14:29:20,31200.0,700.0,283900.0
59,2021-10-01 14:29:11,31200.0,2000.0,283200.0
60,2021-10-01 14:29:08,31200.0,100.0,281200.0
61,2021-10-01 14:29:03,31200.0,2200.0,281100.0
62,2021-10-01 14:29:03,31200.0,1000.0,278900.0
63,2021-10-01 14:29:03,31200.0,100.0,277900.0
64,2021-10-01 14:29:03,31200.0,10000.0,277800.0
65,2021-10-01 14:29:03,31200.0,1000.0,267800.0
66,2021-10-01 14:29:03,31200.0,1000.0,266800.0
67,2021-10-01 14:29:03,31200.0,100.0,265800.0
68,2021-10-01 14:29:03,31200.0,10000.0,265700.0
69,2021-10-01 14:29:03,31200.0,2600.0,255700.0
70,2021-10-01 14:28:35,31200.0,1000.0,253100.0
71,2021-10-01 14:28:35,31200.0,200.0,252100.0
72,2021-10-01 14:28:35,31200.0,100.0,251900.0
73,2021-10-01 14:28:35,31200.0,100.0,251800.0
74,2021-10-01 14:28:35,31200.0,300.0,251700.0
75,2021-10-01 14:28:35,31200.0,500.0,251400.0
76,2021-10-01 14:28:35,31200.0,2100.0,250900.0
77,2021-10-01 14:28:35,31200.0,100.0,248800.0
78,2021-10-01 14:28:35,31200.0,200.0,248700.0
79,2021-10-01 14:28:35,31200.0,2000.0,248500.0
80,2021-10-01 14:28:35,31200.0,500.0,246500.0
81,2021-10-01 14:28:35,31200.0,100.0,246000.0
82,2021-10-01 14:28:35,31200.0,100.0,245900.0
83,2021-10-01 14:28:35,31200.0,200.0,245800.0
84,2021-10-01 14:28:35,31200.0,300.0,245600.0
85,2021-10-01 14:28:35,31200.0,2000.0,245300.0
86,2021-10-01 14:28:35,31200.0,1000.0,243300.0
87,2021-10-01 14:28:35,31200.0,100.0,242300.0
88,2021-10-01 14:28:35,31200.0,500.0,242200.0
89,2021-10-01 14:28:35,31200.0,500.0,241700.0
90,2021-10-01 14:28:35,31200.0,200.0,241200.0
91,2021-10-01 14:28:35,31200.0,300.0,241000.0
92,2021-10-01 14:28:35,31200.0,600.0,240700.0
93,2021-10-01 14:28:35,31200.0,5400.0,240100.0
94,2021-10-01 14:28:35,31200.0,100.0,234700.0
95,2021-10-01 14:28:35,31200.0,200.0,234600.0
96,2021-10-01 14:28:35,31200.0,300.0,234400.0
97,2021-10-01 14:28:15,31200.0,200.0,234100.0
98,2021-10-01 14:28:15,31200.0,300.0,233900.0
99,2021-10-01 14:28:15,31200.0,500.0,233600.0
100,2021-10-01 14:27:45,31200.0,500.0,233100.0
101,2021-10-01 14:27:17,31200.0,1000.0,232600.0
102,2021-10-01 14:26:51,31200.0,100.0,231600.0
103,2021-10-01 14:26:51,31200.0,900.0,231500.0
104,2021-10-01 14:26:39,31200.0,100.0,230600.0
105,2021-10-01 14:26:39,31200.0,100.0,230500.0
106,2021-10-01 14:20:25,31200.0,100.0,230400.0
107,2021-10-01 13:59:20,31200.0,200.0,230300.0
108,2021-10-01 13:56:52,31200.0,300.0,230100.0
109,2021-10-01 13:54:23,31200.0,500.0,229800.0
110,2021-10-01 13:54:09,31200.0,2000.0,229300.0
111,2021-10-01 13:51:21,31200.0,500.0,227300.0
112,2021-10-01 13:45:35,31200.0,100.0,226800.0
113,2021-10-01 13:40:06,31200.0,300.0,226700.0
114,2021-10-01 13:36:34,31200.0,200.0,226400.0
115,2021-10-01 13:26:34,31200.0,200.0,226200.0
116,2021-10-01 13:26:25,31200.0,5000.0,226000.0
117,2021-10-01 13:25:42,31200.0,500.0,221000.0
118,2021-10-01 13:25:42,31200.0,400.0,220500.0
119,2021-10-01 13:25:42,31200.0,500.0,220100.0
120,2021-10-01 13:25:42,31200.0,500.0,219600.0
121,2021-10-01 13:25:42,31200.0,100.0,219100.0
122,2021-10-01 13:25:42,31200.0,500.0,219000.0
123,2021-10-01 13:25:42,31200.0,2500.0,218500.0
124,2021-10-01 13:25:39,31200.0,5000.0,216000.0
125,2021-10-01 13:25:30,31200.0,1300.0,211000.0
126,2021-10-01 13:24:23,31200.0,1000.0,209700.0
127,2021-10-01 11:25:10,31200.0,200.0,208700.0
128,2021-10-01 11:20:11,31200.0,200.0,208500.0
129,2021-10-01 11:19:16,31200.0,100.0,208300.0
130,2021-10-01 11:01:57,31200.0,1200.0,208200.0
131,2021-10-01 11:01:57,31200.0,200.0,207000.0
132,2021-10-01 11:01:57,31200.0,500.0,206800.0
133,2021-10-01 11:01:57,31200.0,100.0,206300.0
134,2021-10-01 11:01:57,31200.0,100.0,206200.0
135,2021-10-01 10:53:22,31200.0,300.0,206100.0
136,2021-10-01 10:48:45,31200.0,600.0,205800.0
137,2021-10-01 10:48:45,31200.0,500.0,205200.0
138,2021-10-01 10:48:45,31200.0,2000.0,204700.0
139,2021-10-01 10:48:45,31200.0,500.0,202700.0
140,2021-10-01 10:48:45,31200.0,100.0,202200.0
141,2021-10-01 10:48:45,31200.0,600.0,202100.0
142,2021-10-01 10:48:45,31200.0,500.0,201500.0
143,2021-10-01 10:48:45,31200.0,100.0,201000.0
144,2021-10-01 10:48:45,31200.0,100.0,200900.0
145,2021-10-01 10:48:29,31200.0,100.0,200800.0
146,2021-10-01 10:48:29,31200.0,500.0,200700.0
147,2021-10-01 10:48:29,31200.0,2000.0,200200.0
148,2021-10-01 10:48:29,31200.0,400.0,198200.0
149,2021-10-01 10:37:00,31200.0,400.0,197800.0
150,2021-10-01 10:35:38,31200.0,100.0,197400.0
151,2021-10-01 10:31:54,31200.0,400.0,197300.0
152,2021-10-01 10:31:54,31200.0,600.0,196900.0
153,2021-10-01 10:06:47,31200.0,100.0,196300.0
154,2021-10-01 09:55:35,31200.0,1300.0,196200.0
155,2021-10-01 09:55:35,31200.0,800.0,194900.0
156,2021-10-01 09:55:35,31200.0,200.0,194100.0
157,2021-10-01 09:55:35,31200.0,200.0,193900.0
158,2021-10-01 09:55:35,31200.0,2500.0,193700.0
159,2021-10-01 09:54:03,31200.0,100.0,191200.0
160,2021-10-01 09:49:52,31200.0,400.0,191100.0
161,2021-10-01 09:46:11,31200.0,100.0,190700.0
162,2021-10-01 09:43:53,31200.0,100.0,190600.0
163,2021-10-01 09:42:09,31200.0,6800.0,190500.0
164,2021-10-01 09:42:09,31200.0,2000.0,183700.0
165,2021-10-01 09:42:09,31200.0,1200.0,181700.0
166,2021-10-01 09:41:42,31200.0,1800.0,180500.0
167,2021-10-01 09:41:42,31200.0,1100.0,178700.0
168,2021-10-01 09:41:42,31200.0,300.0,177600.0
169,2021-10-01 09:41:42,31200.0,500.0,177300.0
170,2021-10-01 09:41:42,31200.0,500.0,176800.0
171,2021-10-01 09:41:42,31200.0,800.0,176300.0
172,2021-10-01 09:31:55,31200.0,200.0,175500.0
173,2021-10-01 09:31:45,31200.0,300.0,175300.0
174,2021-10-01 09:31:45,31200.0,200.0,175000.0
175,2021-10-01 09:31:45,31200.0,2800.0,174800.0
176,2021-10-01 09:31:45,31200.0,100.0,172000.0
177,2021-10-01 09:31:45,31200.0,4400.0,171900.0
178,2021-10-01 09:31:45,31200.0,1300.0,167500.0
179,2021-10-01 09:31:45,31200.0,900.0,166200.0
180,2021-10-01 09:27:34,31200.0,100.0,165300.0
181,2021-10-01 09:27:28,31200.0,300.0,165200.0
182,2021-10-01 09:25:34,31200.0,200.0,164900.0
183,2021-10-01 09:25:34,31200.0,300.0,164700.0
184,2021-10-01 09:24:57,31200.0,100.0,164400.0
185,2021-10-01 09:24:41,31200.0,200.0,164300.0
186,2021-10-01 09:24:18,31200.0,2500.0,164100.0
187,2021-10-01 09:24:15,31200.0,500.0,161600.0
188,2021-10-01 09:24:15,31200.0,1900.0,161100.0
189,2021-10-01 09:24:13,31200.0,1000.0,159200.0
190,2021-10-01 09:24:07,31200.0,5000.0,158200.0
191,2021-10-01 09:24:01,31200.0,2100.0,153200.0
192,2021-10-01 09:24:01,31200.0,900.0,151100.0
193,2021-10-01 09:23:27,31200.0,500.0,150200.0
194,2021-10-01 09:23:22,31200.0,100.0,149700.0
195,2021-10-01 09:23:18,31200.0,500.0,149600.0
196,2021-10-01 09:23:18,31200.0,600.0,149100.0
197,2021-10-01 09:23:18,31200.0,100.0,148500.0
198,2021-10-01 09:23:16,31200.0,200.0,148400.0
199,2021-10-01 09:23:16,31200.0,300.0,148200.0
200,2021-10-01 09:23:16,31200.0,200.0,147900.0
201,2021-10-01 09:23:16,31200.0,500.0,147700.0
202,2021-10-01 09:23:16,31200.0,1800.0,147200.0
203,2021-10-01 09:23:12,31200.0,1000.0,145400.0
204,2021-10-01 09:23:08,31200.0,500.0,144400.0
205,2021-10-01 09:23:08,31200.0,1700.0,143900.0
206,2021-10-01 09:23:08,31200.0,300.0,142200.0
207,2021-10-01 09:23:07,31200.0,500.0,141900.0
208,2021-10-01 09:23:05,31200.0,200.0,141400.0
209,2021-10-01 09:22:57,31200.0,100.0,141200.0
210,2021-10-01 09:22:49,31200.0,900.0,141100.0
211,2021-10-01 09:22:49,31200.0,500.0,140200.0
212,2021-10-01 09:22:49,31200.0,600.0,139700.0
213,2021-10-01 09:22:42,31200.0,100.0,139100.0
214,2021-10-01 09:22:42,31200.0,400.0,139000.0
215,2021-10-01 09:22:38,31200.0,100.0,138600.0
216,2021-10-01 09:22:34,31200.0,500.0,138500.0
217,2021-10-01 09:22:34,31200.0,100.0,138000.0
218,2021-10-01 09:22:34,31200.0,100.0,137900.0
219,2021-10-01 09:22:34,31200.0,1000.0,137800.0
220,2021-10-01 09:22:34,31200.0,1600.0,136800.0
221,2021-10-01 09:22:34,31200.0,200.0,135200.0
222,2021-10-01 09:22:28,31200.0,100.0,135000.0
223,2021-10-01 09:22:21,31200.0,1000.0,134900.0
224,2021-10-01 09:22:18,31200.0,100.0,133900.0
225,2021-10-01 09:22:18,31200.0,200.0,133800.0
226,2021-10-01 09:22:04,31200.0,300.0,133600.0
227,2021-10-01 09:22:04,31200.0,700.0,133300.0
228,2021-10-01 09:21:58,31200.0,200.0,132600.0
229,2021-10-01 09:21:55,31150.0,600.0,132400.0
230,2021-10-01 09:21:44,31200.0,100.0,131800.0
231,2021-10-01 09:21:44,31200.0,100.0,131700.0
232,2021-10-01 09:21:38,31150.0,2000.0,131600.0
233,2021-10-01 09:21:31,31100.0,3000.0,129600.0
234,2021-10-01 09:21:17,31100.0,1400.0,126600.0
235,2021-10-01 09:21:16,31100.0,3000.0,125200.0
236,2021-10-01 09:21:14,31100.0,400.0,122200.0
237,2021-10-01 09:21:14,31100.0,200.0,121800.0
238,2021-10-01 09:21:06,31050.0,200.0,121600.0
239,2021-10-01 09:21:06,31050.0,1000.0,121400.0
240,2021-10-01 09:21:06,31050.0,800.0,120400.0
241,2021-10-01 09:20:49,31050.0,200.0,119600.0
242,2021-10-01 09:20:48,31050.0,1600.0,119400.0
243,2021-10-01 09:20:47,31050.0,300.0,117800.0
244,2021-10-01 09:20:44,31050.0,300.0,117500.0
245,2021-10-01 09:20:44,31050.0,100.0,117200.0
246,2021-10-01 09:20:42,31050.0,200.0,117100.0
247,2021-10-01 09:20:33,31050.0,1700.0,116900.0
248,2021-10-01 09:20:33,31050.0,1500.0,115200.0
249,2021-10-01 09:20:32,31050.0,300.0,113700.0
250,2021-10-01 09:20:32,31050.0,2000.0,113400.0
251,2021-10-01 09:20:28,31050.0,2000.0,111400.0
252,2021-10-01 09:20:25,31050.0,100.0,109400.0
253,2021-10-01 09:20:18,31050.0,200.0,109300.0
254,2021-10-01 09:20:18,31050.0,100.0,109100.0
255,2021-10-01 09:20:17,31050.0,200.0,109000.0
256,2021-10-01 09:20:08,31050.0,100.0,108800.0
257,2021-10-01 09:20:02,31050.0,300.0,108700.0
258,2021-10-01 09:20:01,31050.0,200.0,108400.0
259,2021-10-01 09:19:50,31000.0,700.0,108200.0
260,2021-10-01 09:19:50,31000.0,100.0,107500.0
261,2021-10-01 09:19:50,31000.0,200.0,107400.0
262,2021-10-01 09:19:50,31000.0,100.0,107200.0
263,2021-10-01 09:19:50,31000.0,900.0,107100.0
264,2021-10-01 09:19:38,31000.0,200.0,106200.0
265,2021-10-01 09:19:35,31000.0,200.0,106000.0
266,2021-10-01 09:19:34,31000.0,200.0,105800.0
267,2021-10-01 09:19:33,31000.0,600.0,105600.0
268,2021-10-01 09:19:33,31000.0,400.0,105000.0
269,2021-10-01 09:19:30,31000.0,4000.0,104600.0
270,2021-10-01 09:19:23,31000.0,100.0,100600.0
271,2021-10-01 09:19:23,31000.0,200.0,100500.0
272,2021-10-01 09:19:20,30900.0,500.0,100300.0
273,2021-10-01 09:19:16,30900.0,1000.0,99800.0
274,2021-10-01 09:19:16,30900.0,200.0,98800.0
275,2021-10-01 09:18:44,30600.0,100.0,98600.0
276,2021-10-01 09:18:42,30600.0,2000.0,98500.0
277,2021-10-01 09:18:40,30600.0,3700.0,96500.0
278,2021-10-01 09:18:40,30600.0,4200.0,92800.0
279,2021-10-01 09:18:39,30600.0,200.0,88600.0
280,2021-10-01 09:18:36,30600.0,600.0,88400.0
281,2021-10-01 09:18:34,30600.0,5000.0,87800.0
282,2021-10-01 09:18:34,30600.0,5000.0,82800.0
283,2021-10-01 09:18:22,30500.0,500.0,77800.0
284,2021-10-01 09:18:17,30500.0,300.0,77300.0
285,2021-10-01 09:18:14,30500.0,500.0,77000.0
286,2021-10-01 09:18:11,30500.0,2000.0,76500.0
287,2021-10-01 09:18:08,30500.0,200.0,74500.0
288,2021-10-01 09:18:05,30500.0,6500.0,74300.0
289,2021-10-01 09:17:59,30500.0,2000.0,67800.0
290,2021-10-01 09:17:55,30500.0,3000.0,65800.0
291,2021-10-01 09:17:54,30400.0,2300.0,62800.0
292,2021-10-01 09:17:54,30400.0,1700.0,60500.0
293,2021-10-01 09:17:46,30500.0,500.0,58800.0
294,2021-10-01 09:17:46,30500.0,2500.0,58300.0
295,2021-10-01 09:17:42,30400.0,300.0,55800.0
296,2021-10-01 09:17:42,30400.0,1500.0,55500.0
297,2021-10-01 09:17:42,30400.0,1000.0,54000.0
298,2021-10-01 09:17:42,30400.0,2200.0,53000.0
299,2021-10-01 09:17:28,30400.0,100.0,50800.0
300,2021-10-01 09:17:23,30400.0,100.0,50700.0
301,2021-10-01 09:17:22,30400.0,500.0,50600.0
302,2021-10-01 09:17:21,30400.0,300.0,50100.0
303,2021-10-01 09:17:18,30400.0,1000.0,49800.0
304,2021-10-01 09:17:18,30400.0,2000.0,48800.0
305,2021-10-01 09:16:59,30400.0,1000.0,46800.0
306,2021-10-01 09:16:48,30400.0,100.0,45800.0
307,2021-10-01 09:16:42,30400.0,1900.0,45700.0
308,2021-10-01 09:16:42,30400.0,3100.0,43800.0
309,2021-10-01 09:16:40,30400.0,300.0,40700.0
310,2021-10-01 09:16:35,30400.0,4500.0,40400.0
311,2021-10-01 09:16:31,30400.0,1000.0,35900.0
312,2021-10-01 09:16:30,30400.0,1000.0,34900.0
313,2021-10-01 09:16:28,30100.0,3000.0,33900.0
314,2021-10-01 09:16:28,30100.0,100.0,30900.0
315,2021-10-01 09:16:13,30400.0,100.0,30800.0
316,2021-10-01 09:15:58,30500.0,1000.0,30700.0
317,2021-10-01 09:15:38,30500.0,3000.0,29700.0
318,2021-10-01 09:15:33,30500.0,1000.0,26700.0
319,2021-10-01 09:15:27,30500.0,2000.0,25700.0
320,2021-10-01 09:15:00,30500.0,500.0,23700.0
321,2021-10-01 09:15:00,30500.0,500.0,23200.0
322,2021-10-01 09:15:00,30500.0,400.0,22700.0
323,2021-10-01 09:15:00,30500.0,500.0,22300.0
324,2021-10-01 09:15:00,30500.0,600.0,21800.0
325,2021-10-01 09:15:00,30500.0,500.0,21200.0
326,2021-10-01 09:15:00,30500.0,1600.0,20700.0
327,2021-10-01 09:15:00,30500.0,200.0,19100.0
328,2021-10-01 09:15:00,30500.0,2000.0,18900.0
329,2021-10-01 09:15:00,30500.0,2200.0,16900.0
330,2021-10-01 09:15:00,30500.0,800.0,14700.0
331,2021-10-01 09:15:00,30500.0,900.0,13900.0
332,2021-10-01 09:15:00,30500.0,100.0,13000.0
333,2021-10-01 09:15:00,30500.0,1000.0,12900.0
334,2021-10-01 09:15:00,30500.0,1000.0,11900.0
335,2021-10-01 09:15:00,30500.0,300.0,10900.0
336,2021-10-01 09:15:00,30500.0,500.0,10600.0
337,2021-10-01 09:15:00,30500.0,2100.0,10100.0
338,2021-10-01 09:15:00,30500.0,1800.0,8000.0
339,2021-10-01 09:15:00,30500.0,200.0,6200.0
340,2021-10-01 09:15:00,30500.0,2800.0,6000.0
341,2021-10-01 09:15:00,30500.0,200.0,3200.0
342,2021-10-01 09:15:00,30500.0,500.0,3000.0
343,2021-10-01 09:15:00,30500.0,300.0,2500.0
344,2021-10-01 09:15:00,30500.0,300.0,2200.0
345,2021-10-01 09:15:00,30500.0,200.0,1900.0
346,2021-10-01 09:15:00,30500.0,200.0,1700.0
347,2021-10-01 09:15:00,30500.0,200.0,1500.0
348,2021-10-01 09:15:00,30500.0,800.0,1300.0
349,2021-10-01 09:15:00,30500.0,200.0,500.0
350,2021-10-01 09:15:00,30500.0,100.0,300.0
351,2021-10-01 09:15:00,30500.0,200.0,200.0
