,Time,Price,Volume_per_trade,Volume
0,2021-10-20 07:45:00,27450.0,500.0,232100.0
1,2021-10-20 07:28:48,27400.0,900.0,231600.0
2,2021-10-20 07:28:13,27500.0,500.0,230700.0
3,2021-10-20 07:28:13,27500.0,1500.0,230200.0
4,2021-10-20 07:28:13,27500.0,2900.0,228700.0
5,2021-10-20 07:28:13,27450.0,100.0,225800.0
6,2021-10-20 07:26:51,27400.0,100.0,225700.0
7,2021-10-20 07:24:07,27200.0,300.0,225600.0
8,2021-10-20 07:23:37,27150.0,3000.0,225300.0
9,2021-10-20 07:20:48,27000.0,1900.0,222300.0
10,2021-10-20 07:20:48,27000.0,200.0,220400.0
11,2021-10-20 07:20:48,27000.0,200.0,220200.0
12,2021-10-20 07:20:48,27000.0,500.0,220000.0
13,2021-10-20 07:20:48,27000.0,500.0,219500.0
14,2021-10-20 07:20:48,27000.0,500.0,219000.0
15,2021-10-20 07:20:48,27000.0,300.0,218500.0
16,2021-10-20 07:20:48,27000.0,300.0,218200.0
17,2021-10-20 07:20:48,27000.0,600.0,217900.0
18,2021-10-20 07:20:39,27100.0,400.0,217300.0
19,2021-10-20 07:19:17,27100.0,100.0,216900.0
20,2021-10-20 07:19:17,27100.0,400.0,216800.0
21,2021-10-20 07:18:55,27100.0,4000.0,216400.0
22,2021-10-20 07:18:21,27100.0,1000.0,212400.0
23,2021-10-20 07:18:15,27000.0,900.0,211400.0
24,2021-10-20 07:18:15,27050.0,600.0,210500.0
25,2021-10-20 07:17:21,27000.0,600.0,209900.0
26,2021-10-20 07:17:21,27000.0,200.0,209300.0
27,2021-10-20 07:17:21,27000.0,500.0,209100.0
28,2021-10-20 07:17:21,27000.0,1000.0,208600.0
29,2021-10-20 07:17:21,27000.0,500.0,207600.0
30,2021-10-20 07:17:21,27000.0,300.0,207100.0
31,2021-10-20 07:17:21,27000.0,600.0,206800.0
32,2021-10-20 07:17:21,27000.0,300.0,206200.0
33,2021-10-20 07:16:43,27000.0,700.0,205900.0
34,2021-10-20 07:16:43,27100.0,1500.0,205200.0
35,2021-10-20 07:16:43,27100.0,1100.0,203700.0
36,2021-10-20 07:16:43,27100.0,500.0,202600.0
37,2021-10-20 07:15:08,27200.0,700.0,202100.0
38,2021-10-20 07:15:08,27200.0,200.0,201400.0
39,2021-10-20 07:15:08,27200.0,100.0,201200.0
40,2021-10-20 07:14:45,27200.0,300.0,201100.0
41,2021-10-20 07:13:21,27200.0,1000.0,200800.0
42,2021-10-20 07:13:21,27200.0,1000.0,199800.0
43,2021-10-20 07:13:21,27200.0,200.0,198800.0
44,2021-10-20 07:13:21,27200.0,300.0,198600.0
45,2021-10-20 07:13:21,27200.0,4100.0,198300.0
46,2021-10-20 07:12:44,27200.0,2000.0,194200.0
47,2021-10-20 07:11:18,27200.0,100.0,192200.0
48,2021-10-20 07:09:31,27200.0,700.0,192100.0
49,2021-10-20 07:09:19,27400.0,300.0,191400.0
50,2021-10-20 07:09:15,27400.0,700.0,191100.0
51,2021-10-20 07:08:57,27200.0,1000.0,190400.0
52,2021-10-20 07:08:23,27200.0,2100.0,189400.0
53,2021-10-20 07:08:23,27200.0,2000.0,187300.0
54,2021-10-20 07:08:23,27250.0,100.0,185300.0
55,2021-10-20 07:08:23,27250.0,500.0,185200.0
56,2021-10-20 07:08:23,27250.0,100.0,184700.0
57,2021-10-20 07:08:23,27250.0,2000.0,184600.0
58,2021-10-20 07:08:23,27300.0,200.0,182600.0
59,2021-10-20 07:08:23,27300.0,5000.0,182400.0
60,2021-10-20 07:06:13,27500.0,500.0,177400.0
61,2021-10-20 07:05:55,27500.0,1000.0,176900.0
62,2021-10-20 07:05:55,27500.0,600.0,175900.0
63,2021-10-20 07:05:27,27600.0,200.0,175300.0
64,2021-10-20 07:05:27,27600.0,200.0,175100.0
65,2021-10-20 07:05:27,27600.0,100.0,174900.0
66,2021-10-20 07:05:27,27600.0,500.0,174800.0
67,2021-10-20 07:04:21,27500.0,100.0,174300.0
68,2021-10-20 07:04:13,27250.0,3000.0,174200.0
69,2021-10-20 07:04:13,27250.0,200.0,171200.0
70,2021-10-20 07:04:13,27300.0,1200.0,171000.0
71,2021-10-20 07:04:13,27300.0,600.0,169800.0
72,2021-10-20 07:04:13,27300.0,1000.0,169200.0
73,2021-10-20 07:04:13,27300.0,1000.0,168200.0
74,2021-10-20 07:04:13,27300.0,100.0,167200.0
75,2021-10-20 07:04:13,27300.0,400.0,167100.0
76,2021-10-20 07:04:13,27300.0,100.0,166700.0
77,2021-10-20 07:04:13,27300.0,100.0,166600.0
78,2021-10-20 07:04:13,27300.0,800.0,166500.0
79,2021-10-20 07:04:13,27300.0,2000.0,165700.0
80,2021-10-20 07:04:13,27300.0,100.0,163700.0
81,2021-10-20 07:04:13,27300.0,1400.0,163600.0
82,2021-10-20 07:04:13,27350.0,2600.0,162200.0
83,2021-10-20 07:04:13,27350.0,500.0,159600.0
84,2021-10-20 07:04:13,27350.0,500.0,159100.0
85,2021-10-20 07:04:13,27350.0,2000.0,158600.0
86,2021-10-20 07:04:13,27350.0,100.0,156600.0
87,2021-10-20 07:04:13,27350.0,400.0,156500.0
88,2021-10-20 07:04:13,27350.0,700.0,156100.0
89,2021-10-20 07:04:13,27400.0,1200.0,155400.0
90,2021-10-20 07:03:56,27500.0,900.0,154200.0
91,2021-10-20 07:03:12,27500.0,2000.0,153300.0
92,2021-10-20 07:03:12,27500.0,100.0,151300.0
93,2021-10-20 07:00:28,27350.0,1300.0,151200.0
94,2021-10-20 07:00:28,27350.0,1000.0,149900.0
95,2021-10-20 07:00:28,27350.0,1500.0,148900.0
96,2021-10-20 07:00:28,27350.0,1000.0,147400.0
97,2021-10-20 07:00:28,27350.0,100.0,146400.0
98,2021-10-20 07:00:28,27350.0,100.0,146300.0
99,2021-10-20 06:57:43,27350.0,100.0,146200.0
100,2021-10-20 06:57:43,27350.0,1000.0,146100.0
101,2021-10-20 06:57:43,27350.0,900.0,145100.0
102,2021-10-20 06:56:22,27500.0,100.0,144200.0
103,2021-10-20 06:56:22,27500.0,400.0,144100.0
104,2021-10-20 06:55:21,27350.0,600.0,143700.0
105,2021-10-20 06:54:41,27350.0,600.0,143100.0
106,2021-10-20 06:54:41,27350.0,100.0,142500.0
107,2021-10-20 06:54:41,27350.0,2000.0,142400.0
108,2021-10-20 06:54:41,27350.0,1200.0,140400.0
109,2021-10-20 06:53:02,27350.0,200.0,139200.0
110,2021-10-20 06:52:06,27350.0,600.0,139000.0
111,2021-10-20 06:52:06,27350.0,1000.0,138400.0
112,2021-10-20 06:52:06,27400.0,100.0,137400.0
113,2021-10-20 06:52:06,27400.0,100.0,137300.0
114,2021-10-20 06:52:06,27400.0,200.0,137200.0
115,2021-10-20 06:51:04,27500.0,500.0,137000.0
116,2021-10-20 06:50:28,27400.0,1000.0,136500.0
117,2021-10-20 06:50:04,27400.0,300.0,135500.0
118,2021-10-20 06:46:21,27400.0,300.0,135200.0
119,2021-10-20 06:45:01,27400.0,200.0,134900.0
120,2021-10-20 06:44:28,27400.0,100.0,134700.0
121,2021-10-20 06:43:26,27400.0,100.0,134600.0
122,2021-10-20 06:39:55,27500.0,100.0,134500.0
123,2021-10-20 06:39:55,27500.0,200.0,134400.0
124,2021-10-20 06:27:52,27700.0,500.0,134200.0
125,2021-10-20 06:19:34,27700.0,1000.0,133700.0
126,2021-10-20 06:19:04,27700.0,1000.0,132700.0
127,2021-10-20 06:18:18,27500.0,100.0,131700.0
128,2021-10-20 06:18:18,27500.0,700.0,131600.0
129,2021-10-20 06:18:18,27400.0,100.0,130900.0
130,2021-10-20 06:17:59,27400.0,700.0,130800.0
131,2021-10-20 06:17:59,27400.0,1000.0,130100.0
132,2021-10-20 06:17:59,27400.0,300.0,129100.0
133,2021-10-20 06:15:59,27400.0,100.0,128800.0
134,2021-10-20 06:15:59,27400.0,100.0,128700.0
135,2021-10-20 06:15:45,27400.0,300.0,128600.0
136,2021-10-20 06:09:05,27300.0,600.0,128300.0
137,2021-10-20 06:09:05,27300.0,500.0,127700.0
138,2021-10-20 06:09:05,27300.0,1000.0,127200.0
139,2021-10-20 06:09:05,27350.0,200.0,126200.0
140,2021-10-20 06:09:05,27350.0,700.0,126000.0
141,2021-10-20 06:08:42,27400.0,1300.0,125300.0
142,2021-10-20 06:08:42,27400.0,600.0,124000.0
143,2021-10-20 06:08:42,27400.0,5400.0,123400.0
144,2021-10-20 06:05:33,27350.0,1300.0,118000.0
145,2021-10-20 06:05:33,27350.0,400.0,116700.0
146,2021-10-20 06:05:33,27350.0,400.0,116300.0
147,2021-10-20 06:05:33,27350.0,100.0,115900.0
148,2021-10-20 06:05:33,27350.0,100.0,115800.0
149,2021-10-20 06:05:33,27350.0,200.0,115700.0
150,2021-10-20 06:05:33,27350.0,100.0,115500.0
151,2021-10-20 06:05:33,27350.0,500.0,115400.0
152,2021-10-20 06:05:33,27350.0,1500.0,114900.0
153,2021-10-20 06:05:33,27350.0,100.0,113400.0
154,2021-10-20 06:05:33,27350.0,100.0,113300.0
155,2021-10-20 06:05:33,27350.0,300.0,113200.0
156,2021-10-20 06:00:00,27350.0,300.0,112900.0
157,2021-10-20 04:29:22,27350.0,1400.0,112600.0
158,2021-10-20 04:29:22,27350.0,1000.0,111200.0
159,2021-10-20 04:29:22,27350.0,100.0,110200.0
160,2021-10-20 04:29:22,27350.0,200.0,110100.0
161,2021-10-20 04:29:22,27350.0,300.0,109900.0
162,2021-10-20 04:29:22,27350.0,200.0,109600.0
163,2021-10-20 04:29:22,27350.0,100.0,109400.0
164,2021-10-20 04:29:22,27350.0,2700.0,109300.0
165,2021-10-20 04:25:45,27350.0,500.0,106600.0
166,2021-10-20 04:25:45,27350.0,300.0,106100.0
167,2021-10-20 04:25:15,27350.0,100.0,105800.0
168,2021-10-20 04:24:05,27400.0,300.0,105700.0
169,2021-10-20 04:23:52,27400.0,500.0,105400.0
170,2021-10-20 04:22:54,27400.0,100.0,104900.0
171,2021-10-20 04:22:36,27400.0,1000.0,104800.0
172,2021-10-20 04:19:29,27350.0,1900.0,103800.0
173,2021-10-20 04:19:29,27350.0,100.0,101900.0
174,2021-10-20 04:19:29,27350.0,100.0,101800.0
175,2021-10-20 04:19:29,27350.0,1000.0,101700.0
176,2021-10-20 04:19:29,27350.0,500.0,100700.0
177,2021-10-20 04:19:29,27350.0,500.0,100200.0
178,2021-10-20 04:19:29,27400.0,100.0,99700.0
179,2021-10-20 04:18:46,27400.0,500.0,99600.0
180,2021-10-20 04:18:46,27400.0,100.0,99100.0
181,2021-10-20 04:18:46,27400.0,100.0,99000.0
182,2021-10-20 04:18:46,27400.0,400.0,98900.0
183,2021-10-20 04:18:46,27400.0,2000.0,98500.0
184,2021-10-20 04:18:46,27400.0,500.0,96500.0
185,2021-10-20 04:18:46,27400.0,500.0,96000.0
186,2021-10-20 04:18:46,27400.0,300.0,95500.0
187,2021-10-20 04:18:46,27400.0,100.0,95200.0
188,2021-10-20 04:18:46,27400.0,1000.0,95100.0
189,2021-10-20 04:18:46,27400.0,200.0,94100.0
190,2021-10-20 04:18:46,27400.0,1000.0,93900.0
191,2021-10-20 04:18:46,27400.0,1000.0,92900.0
192,2021-10-20 04:18:46,27400.0,100.0,91900.0
193,2021-10-20 04:17:57,27500.0,100.0,91800.0
194,2021-10-20 04:17:57,27500.0,100.0,91700.0
195,2021-10-20 04:17:57,27500.0,500.0,91600.0
196,2021-10-20 04:10:46,27500.0,100.0,91100.0
197,2021-10-20 04:10:15,27500.0,300.0,91000.0
198,2021-10-20 04:10:15,27500.0,100.0,90700.0
199,2021-10-20 04:10:15,27500.0,100.0,90600.0
200,2021-10-20 04:10:15,27500.0,200.0,90500.0
201,2021-10-20 04:10:15,27500.0,500.0,90300.0
202,2021-10-20 04:10:15,27500.0,500.0,89800.0
203,2021-10-20 04:10:15,27500.0,100.0,89300.0
204,2021-10-20 04:10:15,27500.0,100.0,89200.0
205,2021-10-20 04:10:15,27500.0,1000.0,89100.0
206,2021-10-20 04:10:15,27500.0,200.0,88100.0
207,2021-10-20 04:10:15,27500.0,200.0,87900.0
208,2021-10-20 04:10:15,27500.0,1000.0,87700.0
209,2021-10-20 04:10:15,27500.0,100.0,86700.0
210,2021-10-20 04:10:15,27500.0,300.0,86600.0
211,2021-10-20 04:10:15,27500.0,100.0,86300.0
212,2021-10-20 04:10:15,27500.0,600.0,86200.0
213,2021-10-20 04:10:15,27500.0,400.0,85600.0
214,2021-10-20 04:10:15,27500.0,1000.0,85200.0
215,2021-10-20 04:10:15,27500.0,1700.0,84200.0
216,2021-10-20 04:10:15,27500.0,2200.0,82500.0
217,2021-10-20 04:09:51,27600.0,300.0,80300.0
218,2021-10-20 04:08:49,27600.0,1000.0,80000.0
219,2021-10-20 04:08:49,27600.0,100.0,79000.0
220,2021-10-20 04:08:49,27600.0,500.0,78900.0
221,2021-10-20 04:01:48,27600.0,500.0,78400.0
222,2021-10-20 03:53:03,27500.0,800.0,77900.0
223,2021-10-20 03:53:03,27500.0,500.0,77100.0
224,2021-10-20 03:53:03,27500.0,100.0,76600.0
225,2021-10-20 03:53:03,27500.0,200.0,76500.0
226,2021-10-20 03:53:03,27500.0,100.0,76300.0
227,2021-10-20 03:53:03,27500.0,300.0,76200.0
228,2021-10-20 03:53:03,27500.0,100.0,75900.0
229,2021-10-20 03:53:03,27500.0,100.0,75800.0
230,2021-10-20 03:53:03,27500.0,100.0,75700.0
231,2021-10-20 03:53:03,27500.0,300.0,75600.0
232,2021-10-20 03:53:03,27500.0,300.0,75300.0
233,2021-10-20 03:53:03,27500.0,1000.0,75000.0
234,2021-10-20 03:53:03,27500.0,100.0,74000.0
235,2021-10-20 03:53:03,27500.0,100.0,73900.0
236,2021-10-20 03:53:03,27500.0,900.0,73800.0
237,2021-10-20 03:50:57,27500.0,100.0,72900.0
238,2021-10-20 03:50:50,27550.0,200.0,72800.0
239,2021-10-20 03:50:49,27550.0,100.0,72600.0
240,2021-10-20 03:50:49,27550.0,100.0,72500.0
241,2021-10-20 03:46:40,27750.0,400.0,72400.0
242,2021-10-20 03:46:40,27700.0,600.0,72000.0
243,2021-10-20 03:44:45,27750.0,200.0,71400.0
244,2021-10-20 03:44:26,27750.0,100.0,71200.0
245,2021-10-20 03:43:24,27750.0,100.0,71100.0
246,2021-10-20 03:42:58,27750.0,200.0,71000.0
247,2021-10-20 03:42:42,27750.0,100.0,70800.0
248,2021-10-20 03:39:41,27750.0,100.0,70700.0
249,2021-10-20 03:39:19,27750.0,100.0,70600.0
250,2021-10-20 03:39:19,27750.0,400.0,70500.0
251,2021-10-20 03:39:09,27800.0,100.0,70100.0
252,2021-10-20 03:39:03,27800.0,500.0,70000.0
253,2021-10-20 03:38:35,27800.0,200.0,69500.0
254,2021-10-20 03:36:02,27750.0,600.0,69300.0
255,2021-10-20 03:30:44,27500.0,200.0,68700.0
256,2021-10-20 03:29:48,27500.0,100.0,68500.0
257,2021-10-20 03:29:35,27500.0,200.0,68400.0
258,2021-10-20 03:29:33,27500.0,300.0,68200.0
259,2021-10-20 03:29:15,27500.0,5000.0,67900.0
260,2021-10-20 03:29:06,27500.0,1000.0,62900.0
261,2021-10-20 03:29:05,27500.0,300.0,61900.0
262,2021-10-20 03:28:11,27500.0,200.0,61600.0
263,2021-10-20 03:27:46,27500.0,100.0,61400.0
264,2021-10-20 03:27:46,27500.0,100.0,61300.0
265,2021-10-20 03:27:46,27500.0,5000.0,61200.0
266,2021-10-20 03:27:46,27500.0,200.0,56200.0
267,2021-10-20 03:27:46,27500.0,300.0,56000.0
268,2021-10-20 03:27:46,27500.0,300.0,55700.0
269,2021-10-20 03:27:46,27500.0,100.0,55400.0
270,2021-10-20 03:27:46,27600.0,1000.0,55300.0
271,2021-10-20 03:27:46,27600.0,200.0,54300.0
272,2021-10-20 03:27:46,27600.0,300.0,54100.0
273,2021-10-20 03:27:46,27600.0,300.0,53800.0
274,2021-10-20 03:27:46,27600.0,200.0,53500.0
275,2021-10-20 03:27:46,27600.0,100.0,53300.0
276,2021-10-20 03:27:46,27600.0,500.0,53200.0
277,2021-10-20 03:27:46,27700.0,300.0,52700.0
278,2021-10-20 03:27:46,27700.0,1000.0,52400.0
279,2021-10-20 03:27:46,27700.0,200.0,51400.0
280,2021-10-20 03:27:46,27700.0,200.0,51200.0
281,2021-10-20 03:24:19,27700.0,300.0,51000.0
282,2021-10-20 03:23:29,27700.0,100.0,50700.0
283,2021-10-20 03:23:29,27700.0,100.0,50600.0
284,2021-10-20 03:23:29,27700.0,500.0,50500.0
285,2021-10-20 03:23:29,27700.0,300.0,50000.0
286,2021-10-20 03:23:29,27700.0,1000.0,49700.0
287,2021-10-20 03:23:29,27700.0,100.0,48700.0
288,2021-10-20 03:23:29,27700.0,400.0,48600.0
289,2021-10-20 03:20:41,27800.0,100.0,48200.0
290,2021-10-20 03:19:00,27700.0,600.0,48100.0
291,2021-10-20 03:18:01,27800.0,200.0,47500.0
292,2021-10-20 03:18:01,27800.0,100.0,47300.0
293,2021-10-20 03:17:43,27800.0,1000.0,47200.0
294,2021-10-20 03:16:46,27800.0,1900.0,46200.0
295,2021-10-20 03:16:46,27800.0,100.0,44300.0
296,2021-10-20 03:16:23,27850.0,100.0,44200.0
297,2021-10-20 03:14:40,27800.0,900.0,44100.0
298,2021-10-20 03:12:36,27800.0,500.0,43200.0
299,2021-10-20 03:12:36,27800.0,1000.0,42700.0
300,2021-10-20 03:12:36,27800.0,400.0,41700.0
301,2021-10-20 03:12:36,27800.0,100.0,41300.0
302,2021-10-20 03:12:36,27800.0,200.0,41200.0
303,2021-10-20 03:12:36,27800.0,100.0,41000.0
304,2021-10-20 03:12:26,27850.0,1700.0,40900.0
305,2021-10-20 03:12:26,27850.0,300.0,39200.0
306,2021-10-20 03:12:19,27800.0,300.0,38900.0
307,2021-10-20 03:12:17,27850.0,100.0,38600.0
308,2021-10-20 03:11:07,27800.0,200.0,38500.0
309,2021-10-20 03:11:07,27800.0,700.0,38300.0
310,2021-10-20 03:11:07,27800.0,500.0,37600.0
311,2021-10-20 03:11:07,27800.0,100.0,37100.0
312,2021-10-20 03:10:53,27850.0,200.0,37000.0
313,2021-10-20 03:10:53,27850.0,100.0,36800.0
314,2021-10-20 03:10:53,27850.0,100.0,36700.0
315,2021-10-20 03:10:53,27850.0,200.0,36600.0
316,2021-10-20 03:09:25,27850.0,1300.0,36400.0
317,2021-10-20 03:09:09,27900.0,400.0,35100.0
318,2021-10-20 03:07:36,27900.0,100.0,34700.0
319,2021-10-20 03:07:36,27900.0,1000.0,34600.0
320,2021-10-20 03:02:53,27850.0,600.0,33600.0
321,2021-10-20 03:00:42,27850.0,100.0,33000.0
322,2021-10-20 03:00:42,27900.0,200.0,32900.0
323,2021-10-20 03:00:42,27900.0,200.0,32700.0
324,2021-10-20 03:00:42,28000.0,500.0,32500.0
325,2021-10-20 03:00:36,28200.0,200.0,32000.0
326,2021-10-20 02:59:07,28200.0,300.0,31800.0
327,2021-10-20 02:56:15,27900.0,200.0,31500.0
328,2021-10-20 02:56:15,27900.0,1600.0,31300.0
329,2021-10-20 02:55:01,27900.0,200.0,29700.0
330,2021-10-20 02:54:58,27900.0,200.0,29500.0
331,2021-10-20 02:54:55,27900.0,1000.0,29300.0
332,2021-10-20 02:54:18,27900.0,1000.0,28300.0
333,2021-10-20 02:53:32,27900.0,2000.0,27300.0
334,2021-10-20 02:52:38,27900.0,1000.0,25300.0
335,2021-10-20 02:51:26,27900.0,100.0,24300.0
336,2021-10-20 02:50:32,27900.0,700.0,24200.0
337,2021-10-20 02:49:46,27900.0,2800.0,23500.0
338,2021-10-20 02:49:46,27900.0,200.0,20700.0
339,2021-10-20 02:49:40,27900.0,900.0,20500.0
340,2021-10-20 02:49:19,27900.0,500.0,19600.0
341,2021-10-20 02:48:15,27900.0,300.0,19100.0
342,2021-10-20 02:48:03,27900.0,100.0,18800.0
343,2021-10-20 02:45:41,27900.0,900.0,18700.0
344,2021-10-20 02:45:14,27900.0,100.0,17800.0
345,2021-10-20 02:45:13,27900.0,7000.0,17700.0
346,2021-10-20 02:44:56,27900.0,200.0,10700.0
347,2021-10-20 02:44:37,27900.0,800.0,10500.0
348,2021-10-20 02:44:37,27900.0,300.0,9700.0
349,2021-10-20 02:41:20,27900.0,300.0,9400.0
350,2021-10-20 02:41:20,27900.0,200.0,9100.0
351,2021-10-20 02:41:20,27900.0,500.0,8900.0
352,2021-10-20 02:33:42,27800.0,300.0,8400.0
353,2021-10-20 02:30:18,27800.0,100.0,8100.0
354,2021-10-20 02:30:18,27800.0,100.0,8000.0
355,2021-10-20 02:29:34,27800.0,200.0,7900.0
356,2021-10-20 02:29:34,27800.0,200.0,7700.0
357,2021-10-20 02:29:34,27900.0,300.0,7500.0
358,2021-10-20 02:29:34,28000.0,400.0,7200.0
359,2021-10-20 02:29:34,28150.0,200.0,6800.0
360,2021-10-20 02:29:34,28150.0,700.0,6600.0
361,2021-10-20 02:27:51,28150.0,500.0,5900.0
362,2021-10-20 02:27:38,28200.0,500.0,5400.0
363,2021-10-20 02:27:38,28200.0,500.0,4900.0
364,2021-10-20 02:27:38,28200.0,1000.0,4400.0
365,2021-10-20 02:26:32,28200.0,400.0,3400.0
366,2021-10-20 02:24:23,28150.0,200.0,3000.0
367,2021-10-20 02:22:51,28150.0,1300.0,2800.0
368,2021-10-20 02:22:51,28150.0,300.0,1500.0
369,2021-10-20 02:22:51,28150.0,200.0,1200.0
370,2021-10-20 02:15:01,28900.0,200.0,1000.0
371,2021-10-20 02:15:01,28900.0,100.0,800.0
372,2021-10-20 02:15:01,28900.0,300.0,700.0
373,2021-10-20 02:15:01,28900.0,200.0,400.0
374,2021-10-20 02:15:01,28900.0,100.0,200.0
375,2021-10-20 02:15:01,28900.0,100.0,100.0
