,Time,Price,Volume_per_trade,Volume
0,2021-10-06 07:45:00,30300.0,100.0,251600.0
1,2021-10-06 07:45:00,30300.0,100.0,251500.0
2,2021-10-06 07:45:00,30300.0,200.0,251400.0
3,2021-10-06 07:45:00,30300.0,100.0,251200.0
4,2021-10-06 07:45:00,30300.0,100.0,251100.0
5,2021-10-06 07:45:00,30300.0,100.0,251000.0
6,2021-10-06 07:45:00,30300.0,100.0,250900.0
7,2021-10-06 07:45:00,30300.0,100.0,250800.0
8,2021-10-06 07:45:00,30300.0,400.0,250700.0
9,2021-10-06 07:45:00,30300.0,200.0,250300.0
10,2021-10-06 07:27:45,30300.0,700.0,250100.0
11,2021-10-06 07:25:34,29900.0,700.0,249400.0
12,2021-10-06 07:25:34,30000.0,100.0,248700.0
13,2021-10-06 07:25:34,30000.0,100.0,248600.0
14,2021-10-06 07:25:34,30000.0,100.0,248500.0
15,2021-10-06 07:22:20,30000.0,200.0,248400.0
16,2021-10-06 07:22:20,30000.0,200.0,248200.0
17,2021-10-06 07:22:20,30000.0,100.0,248000.0
18,2021-10-06 07:19:46,30000.0,500.0,247900.0
19,2021-10-06 07:19:33,30000.0,500.0,247400.0
20,2021-10-06 07:18:02,30000.0,700.0,246900.0
21,2021-10-06 07:18:02,30000.0,200.0,246200.0
22,2021-10-06 07:18:02,30000.0,200.0,246000.0
23,2021-10-06 07:13:21,30000.0,1300.0,245800.0
24,2021-10-06 07:13:21,30000.0,1000.0,244500.0
25,2021-10-06 07:13:21,30000.0,400.0,243500.0
26,2021-10-06 07:13:21,30000.0,200.0,243100.0
27,2021-10-06 07:13:21,30000.0,100.0,242900.0
28,2021-10-06 07:12:04,30000.0,1900.0,242800.0
29,2021-10-06 07:12:04,30000.0,1000.0,240900.0
30,2021-10-06 07:12:04,30000.0,2000.0,239900.0
31,2021-10-06 07:12:04,30000.0,100.0,237900.0
32,2021-10-06 07:11:47,30500.0,2000.0,237800.0
33,2021-10-06 07:11:14,30500.0,1000.0,235800.0
34,2021-10-06 07:08:34,30000.0,1800.0,234800.0
35,2021-10-06 07:08:31,30000.0,600.0,233000.0
36,2021-10-06 07:08:25,30000.0,1600.0,232400.0
37,2021-10-06 07:08:18,30000.0,400.0,230800.0
38,2021-10-06 07:08:09,30000.0,100.0,230400.0
39,2021-10-06 07:08:09,30000.0,300.0,230300.0
40,2021-10-06 07:08:09,30050.0,200.0,230000.0
41,2021-10-06 07:08:09,30500.0,2000.0,229800.0
42,2021-10-06 07:07:54,30500.0,800.0,227800.0
43,2021-10-06 07:07:54,30500.0,100.0,227000.0
44,2021-10-06 07:07:54,30500.0,1000.0,226900.0
45,2021-10-06 07:07:54,30200.0,100.0,225900.0
46,2021-10-06 07:07:38,30150.0,800.0,225800.0
47,2021-10-06 07:07:27,30100.0,400.0,225000.0
48,2021-10-06 07:07:13,30100.0,100.0,224600.0
49,2021-10-06 07:06:35,30000.0,600.0,224500.0
50,2021-10-06 07:06:21,30000.0,5700.0,223900.0
51,2021-10-06 07:06:21,29950.0,300.0,218200.0
52,2021-10-06 07:06:20,29900.0,1100.0,217900.0
53,2021-10-06 07:06:20,29900.0,200.0,216800.0
54,2021-10-06 07:06:20,29900.0,1200.0,216600.0
55,2021-10-06 07:06:20,29900.0,200.0,215400.0
56,2021-10-06 07:06:20,29900.0,100.0,215200.0
57,2021-10-06 07:06:20,29900.0,900.0,215100.0
58,2021-10-06 07:06:20,29900.0,1000.0,214200.0
59,2021-10-06 07:06:20,29900.0,300.0,213200.0
60,2021-10-06 07:05:12,30000.0,2800.0,212900.0
61,2021-10-06 07:04:32,30000.0,100.0,210100.0
62,2021-10-06 07:04:19,30000.0,1200.0,210000.0
63,2021-10-06 07:04:04,30000.0,15000.0,208800.0
64,2021-10-06 07:03:52,30000.0,1700.0,193800.0
65,2021-10-06 07:03:22,30000.0,800.0,192100.0
66,2021-10-06 07:02:06,30000.0,1300.0,191300.0
67,2021-10-06 07:01:34,30000.0,1500.0,190000.0
68,2021-10-06 07:01:18,30000.0,2000.0,188500.0
69,2021-10-06 07:00:18,30000.0,1000.0,186500.0
70,2021-10-06 07:00:09,30000.0,200.0,185500.0
71,2021-10-06 06:59:51,30000.0,1000.0,185300.0
72,2021-10-06 06:59:35,30000.0,1500.0,184300.0
73,2021-10-06 06:59:26,30000.0,1000.0,182800.0
74,2021-10-06 06:59:17,30000.0,3000.0,181800.0
75,2021-10-06 06:58:43,29900.0,1000.0,178800.0
76,2021-10-06 06:54:17,29900.0,400.0,177800.0
77,2021-10-06 06:54:01,30000.0,1000.0,177400.0
78,2021-10-06 06:50:41,30000.0,500.0,176400.0
79,2021-10-06 06:49:09,30000.0,800.0,175900.0
80,2021-10-06 06:48:44,30000.0,1000.0,175100.0
81,2021-10-06 06:48:32,30000.0,100.0,174100.0
82,2021-10-06 06:48:31,30000.0,100.0,174000.0
83,2021-10-06 06:48:21,30000.0,500.0,173900.0
84,2021-10-06 06:47:57,30000.0,6200.0,173400.0
85,2021-10-06 06:47:57,29950.0,200.0,167200.0
86,2021-10-06 06:45:30,29900.0,900.0,167000.0
87,2021-10-06 06:45:30,29900.0,200.0,166100.0
88,2021-10-06 06:44:18,29950.0,1500.0,165900.0
89,2021-10-06 06:42:46,29950.0,100.0,164400.0
90,2021-10-06 06:40:40,29950.0,100.0,164300.0
91,2021-10-06 06:40:40,29900.0,100.0,164200.0
92,2021-10-06 06:39:13,29900.0,100.0,164100.0
93,2021-10-06 06:38:30,29800.0,100.0,164000.0
94,2021-10-06 06:38:19,29900.0,400.0,163900.0
95,2021-10-06 06:38:19,29900.0,900.0,163500.0
96,2021-10-06 06:37:58,29900.0,1000.0,162600.0
97,2021-10-06 06:36:38,29900.0,1000.0,161600.0
98,2021-10-06 06:33:59,29800.0,100.0,160600.0
99,2021-10-06 06:32:50,29800.0,400.0,160500.0
100,2021-10-06 06:32:01,29800.0,1000.0,160100.0
101,2021-10-06 06:31:30,29800.0,300.0,159100.0
102,2021-10-06 06:31:16,29900.0,400.0,158800.0
103,2021-10-06 06:30:56,29900.0,300.0,158400.0
104,2021-10-06 06:30:52,29800.0,300.0,158100.0
105,2021-10-06 06:29:16,29900.0,400.0,157800.0
106,2021-10-06 06:27:11,29900.0,1100.0,157400.0
107,2021-10-06 06:27:06,29900.0,300.0,156300.0
108,2021-10-06 06:26:07,29900.0,700.0,156000.0
109,2021-10-06 06:25:27,29900.0,200.0,155300.0
110,2021-10-06 06:25:14,29800.0,2700.0,155100.0
111,2021-10-06 06:25:08,29800.0,2000.0,152400.0
112,2021-10-06 06:25:08,29800.0,5000.0,150400.0
113,2021-10-06 06:25:08,29800.0,1000.0,145400.0
114,2021-10-06 06:24:29,29900.0,500.0,144400.0
115,2021-10-06 06:24:29,29900.0,900.0,143900.0
116,2021-10-06 06:24:29,29950.0,10000.0,143000.0
117,2021-10-06 06:22:34,29900.0,100.0,133000.0
118,2021-10-06 06:22:34,29900.0,900.0,132900.0
119,2021-10-06 06:21:57,29900.0,2100.0,132000.0
120,2021-10-06 06:21:29,30000.0,1000.0,129900.0
121,2021-10-06 06:21:03,29900.0,100.0,128900.0
122,2021-10-06 06:21:03,29900.0,1000.0,128800.0
123,2021-10-06 06:20:23,30000.0,200.0,127800.0
124,2021-10-06 06:20:06,30000.0,100.0,127600.0
125,2021-10-06 06:20:06,30000.0,400.0,127500.0
126,2021-10-06 06:18:45,30000.0,500.0,127100.0
127,2021-10-06 06:18:45,30000.0,6500.0,126600.0
128,2021-10-06 06:18:45,30000.0,2600.0,120100.0
129,2021-10-06 06:16:52,30000.0,1000.0,117500.0
130,2021-10-06 06:16:46,30000.0,700.0,116500.0
131,2021-10-06 06:16:30,30000.0,700.0,115800.0
132,2021-10-06 06:16:30,30000.0,300.0,115100.0
133,2021-10-06 06:15:03,30000.0,1000.0,114800.0
134,2021-10-06 06:14:36,30000.0,1100.0,113800.0
135,2021-10-06 06:14:36,30000.0,900.0,112700.0
136,2021-10-06 06:14:36,30000.0,1000.0,111800.0
137,2021-10-06 06:14:36,30000.0,700.0,110800.0
138,2021-10-06 06:13:43,30000.0,300.0,110100.0
139,2021-10-06 06:13:31,30000.0,1000.0,109800.0
140,2021-10-06 06:13:18,30000.0,100.0,108800.0
141,2021-10-06 06:11:43,30000.0,500.0,108700.0
142,2021-10-06 06:11:27,30000.0,100.0,108200.0
143,2021-10-06 06:11:27,30000.0,400.0,108100.0
144,2021-10-06 06:11:21,30000.0,100.0,107700.0
145,2021-10-06 06:11:20,30000.0,1000.0,107600.0
146,2021-10-06 06:10:50,30000.0,100.0,106600.0
147,2021-10-06 06:10:50,30000.0,1400.0,106500.0
148,2021-10-06 06:10:50,29950.0,500.0,105100.0
149,2021-10-06 06:08:44,29900.0,1000.0,104600.0
150,2021-10-06 06:00:09,29800.0,200.0,103600.0
151,2021-10-06 06:00:02,29800.0,300.0,103400.0
152,2021-10-06 06:00:00,30000.0,200.0,103100.0
153,2021-10-06 06:00:00,29800.0,100.0,102900.0
154,2021-10-06 04:28:59,29800.0,400.0,102800.0
155,2021-10-06 04:20:02,29800.0,100.0,102400.0
156,2021-10-06 04:19:10,29800.0,100.0,102300.0
157,2021-10-06 04:18:08,29800.0,300.0,102200.0
158,2021-10-06 04:10:34,29800.0,900.0,101900.0
159,2021-10-06 04:10:18,29800.0,100.0,101000.0
160,2021-10-06 04:10:18,29800.0,100.0,100900.0
161,2021-10-06 04:10:18,29800.0,1000.0,100800.0
162,2021-10-06 04:10:18,29800.0,2000.0,99800.0
163,2021-10-06 04:10:18,29800.0,600.0,97800.0
164,2021-10-06 04:10:18,29800.0,100.0,97200.0
165,2021-10-06 04:10:18,29800.0,100.0,97100.0
166,2021-10-06 04:07:26,30000.0,400.0,97000.0
167,2021-10-06 04:07:26,30000.0,100.0,96600.0
168,2021-10-06 04:03:58,30000.0,200.0,96500.0
169,2021-10-06 04:02:47,30000.0,400.0,96300.0
170,2021-10-06 04:02:47,30000.0,100.0,95900.0
171,2021-10-06 04:02:47,30000.0,500.0,95800.0
172,2021-10-06 04:01:01,30000.0,100.0,95300.0
173,2021-10-06 03:59:50,30000.0,1000.0,95200.0
174,2021-10-06 03:55:35,30000.0,500.0,94200.0
175,2021-10-06 03:48:05,29800.0,500.0,93700.0
176,2021-10-06 03:46:16,29850.0,100.0,93200.0
177,2021-10-06 03:43:52,29800.0,100.0,93100.0
178,2021-10-06 03:41:43,29800.0,100.0,93000.0
179,2021-10-06 03:39:55,29800.0,200.0,92900.0
180,2021-10-06 03:39:55,30000.0,800.0,92700.0
181,2021-10-06 03:37:22,30150.0,1000.0,91900.0
182,2021-10-06 03:36:03,30150.0,100.0,90900.0
183,2021-10-06 03:33:21,30000.0,500.0,90800.0
184,2021-10-06 03:33:21,30000.0,300.0,90300.0
185,2021-10-06 03:30:55,30000.0,200.0,90000.0
186,2021-10-06 03:30:35,30000.0,1000.0,89800.0
187,2021-10-06 03:30:21,30000.0,100.0,88800.0
188,2021-10-06 03:30:12,30000.0,100.0,88700.0
189,2021-10-06 03:30:08,30000.0,500.0,88600.0
190,2021-10-06 03:29:40,29900.0,100.0,88100.0
191,2021-10-06 03:22:43,29650.0,100.0,88000.0
192,2021-10-06 03:21:06,29650.0,100.0,87900.0
193,2021-10-06 03:19:58,29600.0,200.0,87800.0
194,2021-10-06 03:19:55,29500.0,100.0,87600.0
195,2021-10-06 03:19:55,29600.0,100.0,87500.0
196,2021-10-06 03:18:52,29500.0,100.0,87400.0
197,2021-10-06 03:18:52,29600.0,100.0,87300.0
198,2021-10-06 03:18:52,29600.0,100.0,87200.0
199,2021-10-06 03:18:52,29600.0,100.0,87100.0
200,2021-10-06 03:14:10,29600.0,100.0,87000.0
201,2021-10-06 03:13:20,29600.0,2000.0,86900.0
202,2021-10-06 03:13:20,29600.0,900.0,84900.0
203,2021-10-06 03:12:27,29600.0,700.0,84000.0
204,2021-10-06 03:12:02,29600.0,400.0,83300.0
205,2021-10-06 03:12:02,29600.0,100.0,82900.0
206,2021-10-06 03:12:02,29700.0,1000.0,82800.0
207,2021-10-06 03:12:02,29700.0,500.0,81800.0
208,2021-10-06 03:10:48,29800.0,100.0,81300.0
209,2021-10-06 03:10:44,29800.0,1000.0,81200.0
210,2021-10-06 03:10:44,29700.0,100.0,80200.0
211,2021-10-06 03:10:44,29700.0,300.0,80100.0
212,2021-10-06 03:10:30,29800.0,200.0,79800.0
213,2021-10-06 03:10:28,29800.0,800.0,79600.0
214,2021-10-06 03:10:28,29800.0,200.0,78800.0
215,2021-10-06 03:09:55,29800.0,600.0,78600.0
216,2021-10-06 03:09:55,29800.0,100.0,78000.0
217,2021-10-06 03:09:46,29800.0,100.0,77900.0
218,2021-10-06 03:08:17,29900.0,200.0,77800.0
219,2021-10-06 03:08:15,30000.0,700.0,77600.0
220,2021-10-06 03:07:53,30000.0,2200.0,76900.0
221,2021-10-06 03:07:53,30000.0,300.0,74700.0
222,2021-10-06 03:07:53,30000.0,500.0,74400.0
223,2021-10-06 03:07:53,30000.0,500.0,73900.0
224,2021-10-06 03:07:53,30000.0,100.0,73400.0
225,2021-10-06 03:07:53,30000.0,200.0,73300.0
226,2021-10-06 03:07:53,30000.0,100.0,73100.0
227,2021-10-06 03:07:53,30000.0,100.0,73000.0
228,2021-10-06 03:07:53,30000.0,1000.0,72900.0
229,2021-10-06 03:05:46,30050.0,200.0,71900.0
230,2021-10-06 03:05:36,30050.0,500.0,71700.0
231,2021-10-06 03:05:02,30050.0,1300.0,71200.0
232,2021-10-06 03:05:02,30050.0,100.0,69900.0
233,2021-10-06 03:05:02,30050.0,100.0,69800.0
234,2021-10-06 03:05:02,30050.0,1300.0,69700.0
235,2021-10-06 03:05:02,30050.0,200.0,68400.0
236,2021-10-06 03:03:49,30050.0,300.0,68200.0
237,2021-10-06 02:58:57,30050.0,200.0,67900.0
238,2021-10-06 02:58:57,30050.0,800.0,67700.0
239,2021-10-06 02:58:48,30500.0,100.0,66900.0
240,2021-10-06 02:58:48,30500.0,500.0,66800.0
241,2021-10-06 02:58:48,30200.0,400.0,66300.0
242,2021-10-06 02:57:58,30050.0,200.0,65900.0
243,2021-10-06 02:56:44,30050.0,100.0,65700.0
244,2021-10-06 02:56:31,30050.0,300.0,65600.0
245,2021-10-06 02:55:52,30050.0,200.0,65300.0
246,2021-10-06 02:55:52,30050.0,400.0,65100.0
247,2021-10-06 02:54:01,30050.0,600.0,64700.0
248,2021-10-06 02:51:22,30050.0,1300.0,64100.0
249,2021-10-06 02:50:30,30000.0,400.0,62800.0
250,2021-10-06 02:44:03,30000.0,200.0,62400.0
251,2021-10-06 02:44:03,30000.0,100.0,62200.0
252,2021-10-06 02:41:27,30000.0,500.0,62100.0
253,2021-10-06 02:40:49,30000.0,500.0,61600.0
254,2021-10-06 02:40:49,30000.0,100.0,61100.0
255,2021-10-06 02:40:49,30000.0,400.0,61000.0
256,2021-10-06 02:40:26,30000.0,100.0,60600.0
257,2021-10-06 02:40:26,30000.0,400.0,60500.0
258,2021-10-06 02:40:09,30000.0,100.0,60100.0
259,2021-10-06 02:40:09,30050.0,1000.0,60000.0
260,2021-10-06 02:39:26,30050.0,1100.0,59000.0
261,2021-10-06 02:39:07,30500.0,200.0,57900.0
262,2021-10-06 02:38:45,30550.0,300.0,57700.0
263,2021-10-06 02:38:30,30700.0,100.0,57400.0
264,2021-10-06 02:38:30,30600.0,900.0,57300.0
265,2021-10-06 02:38:20,30600.0,900.0,56400.0
266,2021-10-06 02:37:56,30600.0,100.0,55500.0
267,2021-10-06 02:37:03,30600.0,900.0,55400.0
268,2021-10-06 02:37:00,30600.0,100.0,54500.0
269,2021-10-06 02:36:28,30550.0,200.0,54400.0
270,2021-10-06 02:36:17,30550.0,100.0,54200.0
271,2021-10-06 02:35:46,30600.0,100.0,54100.0
272,2021-10-06 02:35:46,30600.0,100.0,54000.0
273,2021-10-06 02:35:38,30600.0,500.0,53900.0
274,2021-10-06 02:35:38,30600.0,500.0,53400.0
275,2021-10-06 02:35:13,30700.0,500.0,52900.0
276,2021-10-06 02:35:13,30700.0,400.0,52400.0
277,2021-10-06 02:32:03,30900.0,300.0,52000.0
278,2021-10-06 02:31:27,30900.0,200.0,51700.0
279,2021-10-06 02:31:25,30900.0,100.0,51500.0
280,2021-10-06 02:31:12,31000.0,300.0,51400.0
281,2021-10-06 02:30:53,31000.0,100.0,51100.0
282,2021-10-06 02:30:53,31050.0,200.0,51000.0
283,2021-10-06 02:30:34,31050.0,1000.0,50800.0
284,2021-10-06 02:30:28,31050.0,800.0,49800.0
285,2021-10-06 02:30:28,31050.0,100.0,49000.0
286,2021-10-06 02:30:25,31050.0,500.0,48900.0
287,2021-10-06 02:30:25,31050.0,200.0,48400.0
288,2021-10-06 02:29:39,31100.0,100.0,48200.0
289,2021-10-06 02:29:37,31100.0,1000.0,48100.0
290,2021-10-06 02:29:37,31100.0,1000.0,47100.0
291,2021-10-06 02:27:33,31150.0,300.0,46100.0
292,2021-10-06 02:26:07,31200.0,200.0,45800.0
293,2021-10-06 02:26:07,31200.0,200.0,45600.0
294,2021-10-06 02:26:07,31200.0,100.0,45400.0
295,2021-10-06 02:26:07,31200.0,100.0,45300.0
296,2021-10-06 02:26:07,31200.0,400.0,45200.0
297,2021-10-06 02:24:01,31200.0,100.0,44800.0
298,2021-10-06 02:23:01,31200.0,100.0,44700.0
299,2021-10-06 02:22:57,31200.0,400.0,44600.0
300,2021-10-06 02:22:52,31200.0,200.0,44200.0
301,2021-10-06 02:22:52,31200.0,100.0,44000.0
302,2021-10-06 02:22:34,31200.0,100.0,43900.0
303,2021-10-06 02:22:34,31200.0,900.0,43800.0
304,2021-10-06 02:22:21,31200.0,1000.0,42900.0
305,2021-10-06 02:22:05,31200.0,100.0,41900.0
306,2021-10-06 02:22:05,31200.0,400.0,41800.0
307,2021-10-06 02:22:05,31200.0,100.0,41400.0
308,2021-10-06 02:21:42,31200.0,200.0,41300.0
309,2021-10-06 02:20:31,31150.0,100.0,41100.0
310,2021-10-06 02:20:18,31100.0,100.0,41000.0
311,2021-10-06 02:19:56,31100.0,100.0,40900.0
312,2021-10-06 02:19:49,31050.0,200.0,40800.0
313,2021-10-06 02:19:49,31050.0,800.0,40600.0
314,2021-10-06 02:19:29,31050.0,100.0,39800.0
315,2021-10-06 02:19:18,31050.0,500.0,39700.0
316,2021-10-06 02:18:45,31050.0,100.0,39200.0
317,2021-10-06 02:18:03,31050.0,600.0,39100.0
318,2021-10-06 02:16:22,31050.0,100.0,38500.0
319,2021-10-06 02:15:41,31050.0,600.0,38400.0
320,2021-10-06 02:15:06,31050.0,700.0,37800.0
321,2021-10-06 02:15:00,31050.0,22000.0,37100.0
322,2021-10-06 02:15:00,31050.0,200.0,15100.0
323,2021-10-06 02:15:00,31050.0,3800.0,14900.0
324,2021-10-06 02:15:00,31050.0,100.0,11100.0
325,2021-10-06 02:15:00,31050.0,2200.0,11000.0
326,2021-10-06 02:15:00,31050.0,200.0,8800.0
327,2021-10-06 02:15:00,31050.0,200.0,8600.0
328,2021-10-06 02:15:00,31050.0,1000.0,8400.0
329,2021-10-06 02:15:00,31050.0,1500.0,7400.0
330,2021-10-06 02:15:00,31050.0,1100.0,5900.0
331,2021-10-06 02:15:00,31050.0,1000.0,4800.0
332,2021-10-06 02:15:00,31050.0,700.0,3800.0
333,2021-10-06 02:15:00,31050.0,1000.0,3100.0
334,2021-10-06 02:15:00,31050.0,300.0,2100.0
335,2021-10-06 02:15:00,31050.0,700.0,1800.0
336,2021-10-06 02:15:00,31050.0,600.0,1100.0
337,2021-10-06 02:15:00,31050.0,300.0,500.0
338,2021-10-06 02:15:00,31050.0,100.0,200.0
339,2021-10-06 02:15:00,31050.0,100.0,100.0
