,Time,Price,Volume_per_trade,Volume
0,2021-10-01 14:45:01,27100.0,8800.0,12211300.0
1,2021-10-01 14:45:01,27100.0,100.0,12202500.0
2,2021-10-01 14:45:01,27100.0,200.0,12202400.0
3,2021-10-01 14:45:01,27100.0,6000.0,12202200.0
4,2021-10-01 14:45:01,27100.0,2600.0,12196200.0
5,2021-10-01 14:45:01,27100.0,200.0,12193600.0
6,2021-10-01 14:45:01,27100.0,2100.0,12193400.0
7,2021-10-01 14:45:01,27100.0,100.0,12191300.0
8,2021-10-01 14:45:01,27100.0,500.0,12191200.0
9,2021-10-01 14:45:01,27100.0,500.0,12190700.0
10,2021-10-01 14:45:01,27100.0,200.0,12190200.0
11,2021-10-01 14:45:01,27100.0,100.0,12190000.0
12,2021-10-01 14:45:01,27100.0,1000.0,12189900.0
13,2021-10-01 14:45:01,27100.0,1000.0,12188900.0
14,2021-10-01 14:45:01,27100.0,100.0,12187900.0
15,2021-10-01 14:45:01,27100.0,100.0,12187800.0
16,2021-10-01 14:45:01,27100.0,1000.0,12187700.0
17,2021-10-01 14:45:01,27100.0,300.0,12186700.0
18,2021-10-01 14:45:01,27100.0,1200.0,12186400.0
19,2021-10-01 14:45:01,27100.0,200.0,12185200.0
20,2021-10-01 14:45:01,27100.0,100.0,12185000.0
21,2021-10-01 14:45:01,27100.0,100.0,12184900.0
22,2021-10-01 14:45:01,27100.0,300.0,12184800.0
23,2021-10-01 14:45:01,27100.0,1100.0,12184500.0
24,2021-10-01 14:45:01,27100.0,200.0,12183400.0
25,2021-10-01 14:45:01,27100.0,500.0,12183200.0
26,2021-10-01 14:45:01,27100.0,100.0,12182700.0
27,2021-10-01 14:45:01,27100.0,100.0,12182600.0
28,2021-10-01 14:45:01,27100.0,100.0,12182500.0
29,2021-10-01 14:45:01,27100.0,400.0,12182400.0
30,2021-10-01 14:45:01,27100.0,100.0,12182000.0
31,2021-10-01 14:45:01,27100.0,100.0,12181900.0
32,2021-10-01 14:45:01,27100.0,500.0,12181800.0
33,2021-10-01 14:45:01,27100.0,100.0,12181300.0
34,2021-10-01 14:45:01,27100.0,100.0,12181200.0
35,2021-10-01 14:45:01,27100.0,100.0,12181100.0
36,2021-10-01 14:45:01,27100.0,100.0,12181000.0
37,2021-10-01 14:45:01,27100.0,200.0,12180900.0
38,2021-10-01 14:45:01,27100.0,500.0,12180700.0
39,2021-10-01 14:45:01,27100.0,100.0,12180200.0
40,2021-10-01 14:45:01,27100.0,100.0,12180100.0
41,2021-10-01 14:45:01,27100.0,100.0,12180000.0
42,2021-10-01 14:45:01,27100.0,9900.0,12179900.0
43,2021-10-01 14:45:01,27100.0,100.0,12170000.0
44,2021-10-01 14:45:01,27100.0,100.0,12169900.0
45,2021-10-01 14:45:01,27100.0,100.0,12169800.0
46,2021-10-01 14:45:01,27100.0,100.0,12169700.0
47,2021-10-01 14:45:01,27100.0,100.0,12169600.0
48,2021-10-01 14:45:01,27100.0,1000.0,12169500.0
49,2021-10-01 14:45:01,27100.0,1800.0,12168500.0
50,2021-10-01 14:45:01,27100.0,100.0,12166700.0
51,2021-10-01 14:45:01,27100.0,2000.0,12166600.0
52,2021-10-01 14:45:01,27100.0,200.0,12164600.0
53,2021-10-01 14:45:01,27100.0,100.0,12164400.0
54,2021-10-01 14:45:01,27100.0,3000.0,12164300.0
55,2021-10-01 14:45:01,27100.0,1000.0,12161300.0
56,2021-10-01 14:45:01,27100.0,100.0,12160300.0
57,2021-10-01 14:45:01,27100.0,200.0,12160200.0
58,2021-10-01 14:45:01,27100.0,200.0,12160000.0
59,2021-10-01 14:45:01,27100.0,200.0,12159800.0
60,2021-10-01 14:45:01,27100.0,200.0,12159600.0
61,2021-10-01 14:45:01,27100.0,300.0,12159400.0
62,2021-10-01 14:45:01,27100.0,100.0,12159100.0
63,2021-10-01 14:45:01,27100.0,100.0,12159000.0
64,2021-10-01 14:45:01,27100.0,1000.0,12158900.0
65,2021-10-01 14:45:01,27100.0,6500.0,12157900.0
66,2021-10-01 14:45:01,27100.0,500.0,12151400.0
67,2021-10-01 14:45:01,27100.0,1000.0,12150900.0
68,2021-10-01 14:45:01,27100.0,500.0,12149900.0
69,2021-10-01 14:45:01,27100.0,500.0,12149400.0
70,2021-10-01 14:45:01,27100.0,2000.0,12148900.0
71,2021-10-01 14:45:01,27100.0,100.0,12146900.0
72,2021-10-01 14:45:01,27100.0,300.0,12146800.0
73,2021-10-01 14:45:01,27100.0,300.0,12146500.0
74,2021-10-01 14:45:01,27100.0,100.0,12146200.0
75,2021-10-01 14:45:01,27100.0,200.0,12146100.0
76,2021-10-01 14:45:01,27100.0,200.0,12145900.0
77,2021-10-01 14:45:01,27100.0,1000.0,12145700.0
78,2021-10-01 14:45:01,27100.0,200.0,12144700.0
79,2021-10-01 14:45:01,27100.0,100.0,12144500.0
80,2021-10-01 14:45:01,27100.0,500.0,12144400.0
81,2021-10-01 14:45:01,27100.0,100.0,12143900.0
82,2021-10-01 14:45:01,27100.0,100.0,12143800.0
83,2021-10-01 14:45:01,27100.0,1900.0,12143700.0
84,2021-10-01 14:45:01,27100.0,2000.0,12141800.0
85,2021-10-01 14:45:01,27100.0,100.0,12139800.0
86,2021-10-01 14:45:01,27100.0,200.0,12139700.0
87,2021-10-01 14:45:01,27100.0,100.0,12139500.0
88,2021-10-01 14:45:01,27100.0,100.0,12139400.0
89,2021-10-01 14:45:01,27100.0,100.0,12139300.0
90,2021-10-01 14:45:01,27100.0,300.0,12139200.0
91,2021-10-01 14:45:01,27100.0,200.0,12138900.0
92,2021-10-01 14:45:01,27100.0,30600.0,12138700.0
93,2021-10-01 14:45:01,27100.0,3000.0,12108100.0
94,2021-10-01 14:45:01,27100.0,16400.0,12105100.0
95,2021-10-01 14:45:01,27100.0,300.0,12088700.0
96,2021-10-01 14:45:01,27100.0,100.0,12088400.0
97,2021-10-01 14:45:01,27100.0,400.0,12088300.0
98,2021-10-01 14:45:01,27100.0,100.0,12087900.0
99,2021-10-01 14:45:01,27100.0,100.0,12087800.0
100,2021-10-01 14:45:01,27100.0,200.0,12087700.0
101,2021-10-01 14:45:01,27100.0,20000.0,12087500.0
102,2021-10-01 14:45:01,27100.0,200.0,12067500.0
103,2021-10-01 14:45:01,27100.0,100.0,12067300.0
104,2021-10-01 14:45:01,27100.0,500.0,12067200.0
105,2021-10-01 14:45:01,27100.0,100.0,12066700.0
106,2021-10-01 14:45:01,27100.0,200.0,12066600.0
107,2021-10-01 14:45:01,27100.0,100.0,12066400.0
108,2021-10-01 14:45:01,27100.0,300.0,12066300.0
109,2021-10-01 14:45:01,27100.0,500.0,12066000.0
110,2021-10-01 14:45:01,27100.0,5000.0,12065500.0
111,2021-10-01 14:45:01,27100.0,100.0,12060500.0
112,2021-10-01 14:45:01,27100.0,100.0,12060400.0
113,2021-10-01 14:45:01,27100.0,200.0,12060300.0
114,2021-10-01 14:45:01,27100.0,2000.0,12060100.0
115,2021-10-01 14:45:01,27100.0,200.0,12058100.0
116,2021-10-01 14:45:01,27100.0,200.0,12057900.0
117,2021-10-01 14:45:01,27100.0,100.0,12057700.0
118,2021-10-01 14:45:01,27100.0,200.0,12057600.0
119,2021-10-01 14:45:01,27100.0,200.0,12057400.0
120,2021-10-01 14:45:01,27100.0,100.0,12057200.0
121,2021-10-01 14:45:01,27100.0,300.0,12057100.0
122,2021-10-01 14:45:01,27100.0,4000.0,12056800.0
123,2021-10-01 14:45:01,27100.0,300.0,12052800.0
124,2021-10-01 14:45:01,27100.0,100.0,12052500.0
125,2021-10-01 14:45:01,27100.0,300.0,12052400.0
126,2021-10-01 14:45:01,27100.0,2800.0,12052100.0
127,2021-10-01 14:45:01,27100.0,100.0,12049300.0
128,2021-10-01 14:45:01,27100.0,2000.0,12049200.0
129,2021-10-01 14:45:01,27100.0,1000.0,12047200.0
130,2021-10-01 14:45:01,27100.0,200.0,12046200.0
131,2021-10-01 14:45:01,27100.0,200.0,12046000.0
132,2021-10-01 14:45:01,27100.0,700.0,12045800.0
133,2021-10-01 14:45:01,27100.0,6000.0,12045100.0
134,2021-10-01 14:45:01,27100.0,1000.0,12039100.0
135,2021-10-01 14:45:01,27100.0,100.0,12038100.0
136,2021-10-01 14:45:01,27100.0,200.0,12038000.0
137,2021-10-01 14:45:01,27100.0,500.0,12037800.0
138,2021-10-01 14:45:01,27100.0,200.0,12037300.0
139,2021-10-01 14:45:01,27100.0,900.0,12037100.0
140,2021-10-01 14:45:01,27100.0,1000.0,12036200.0
141,2021-10-01 14:45:01,27100.0,700.0,12035200.0
142,2021-10-01 14:45:01,27100.0,200.0,12034500.0
143,2021-10-01 14:45:01,27100.0,4800.0,12034300.0
144,2021-10-01 14:45:01,27100.0,1000.0,12029500.0
145,2021-10-01 14:45:01,27100.0,500.0,12028500.0
146,2021-10-01 14:45:01,27100.0,200.0,12028000.0
147,2021-10-01 14:45:01,27100.0,100.0,12027800.0
148,2021-10-01 14:45:01,27100.0,200.0,12027700.0
149,2021-10-01 14:45:01,27100.0,300.0,12027500.0
150,2021-10-01 14:45:01,27100.0,500.0,12027200.0
151,2021-10-01 14:45:01,27100.0,100.0,12026700.0
152,2021-10-01 14:45:01,27100.0,3000.0,12026600.0
153,2021-10-01 14:45:01,27100.0,1000.0,12023600.0
154,2021-10-01 14:45:01,27100.0,100.0,12022600.0
155,2021-10-01 14:45:01,27100.0,3000.0,12022500.0
156,2021-10-01 14:45:01,27100.0,5500.0,12019500.0
157,2021-10-01 14:45:01,27100.0,100.0,12014000.0
158,2021-10-01 14:45:01,27100.0,1000.0,12013900.0
159,2021-10-01 14:45:01,27100.0,800.0,12012900.0
160,2021-10-01 14:45:01,27100.0,200.0,12012100.0
161,2021-10-01 14:45:01,27100.0,100.0,12011900.0
162,2021-10-01 14:45:01,27100.0,100.0,12011800.0
163,2021-10-01 14:45:01,27100.0,500.0,12011700.0
164,2021-10-01 14:45:01,27100.0,100.0,12011200.0
165,2021-10-01 14:45:01,27100.0,100.0,12011100.0
166,2021-10-01 14:45:01,27100.0,1000.0,12011000.0
167,2021-10-01 14:45:01,27100.0,500.0,12010000.0
168,2021-10-01 14:45:01,27100.0,100.0,12009500.0
169,2021-10-01 14:45:01,27100.0,1000.0,12009400.0
170,2021-10-01 14:45:01,27100.0,200.0,12008400.0
171,2021-10-01 14:45:01,27100.0,100.0,12008200.0
172,2021-10-01 14:45:01,27100.0,200.0,12008100.0
173,2021-10-01 14:45:01,27100.0,200.0,12007900.0
174,2021-10-01 14:45:01,27100.0,6900.0,12007700.0
175,2021-10-01 14:45:01,27100.0,100.0,12000800.0
176,2021-10-01 14:45:01,27100.0,100.0,12000700.0
177,2021-10-01 14:45:01,27100.0,100.0,12000600.0
178,2021-10-01 14:45:01,27100.0,1000.0,12000500.0
179,2021-10-01 14:45:01,27100.0,100.0,11999500.0
180,2021-10-01 14:45:01,27100.0,5000.0,11999400.0
181,2021-10-01 14:45:01,27100.0,1000.0,11994400.0
182,2021-10-01 14:45:01,27100.0,100.0,11993400.0
183,2021-10-01 14:45:01,27100.0,200.0,11993300.0
184,2021-10-01 14:45:01,27100.0,100.0,11993100.0
185,2021-10-01 14:45:01,27100.0,200.0,11993000.0
186,2021-10-01 14:45:01,27100.0,400.0,11992800.0
187,2021-10-01 14:45:01,27100.0,500.0,11992400.0
188,2021-10-01 14:45:01,27100.0,100.0,11991900.0
189,2021-10-01 14:45:01,27100.0,100.0,11991800.0
190,2021-10-01 14:45:01,27100.0,300.0,11991700.0
191,2021-10-01 14:45:01,27100.0,600.0,11991400.0
192,2021-10-01 14:45:01,27100.0,100.0,11990800.0
193,2021-10-01 14:45:01,27100.0,4900.0,11990700.0
194,2021-10-01 14:45:01,27100.0,100.0,11985800.0
195,2021-10-01 14:45:01,27100.0,200.0,11985700.0
196,2021-10-01 14:45:01,27100.0,100.0,11985500.0
197,2021-10-01 14:45:01,27100.0,100.0,11985400.0
198,2021-10-01 14:45:01,27100.0,100.0,11985300.0
199,2021-10-01 14:45:01,27100.0,200.0,11985200.0
200,2021-10-01 14:45:01,27100.0,600.0,11985000.0
201,2021-10-01 14:45:01,27100.0,800.0,11984400.0
202,2021-10-01 14:45:01,27100.0,2000.0,11983600.0
203,2021-10-01 14:45:01,27100.0,800.0,11981600.0
204,2021-10-01 14:45:01,27100.0,300.0,11980800.0
205,2021-10-01 14:45:01,27100.0,900.0,11980500.0
206,2021-10-01 14:45:01,27100.0,4100.0,11979600.0
207,2021-10-01 14:45:01,27100.0,2400.0,11975500.0
208,2021-10-01 14:45:01,27100.0,300.0,11973100.0
209,2021-10-01 14:45:01,27100.0,200.0,11972800.0
210,2021-10-01 14:45:01,27100.0,3000.0,11972600.0
211,2021-10-01 14:45:01,27100.0,500.0,11969600.0
212,2021-10-01 14:45:01,27100.0,100.0,11969100.0
213,2021-10-01 14:45:01,27100.0,5000.0,11969000.0
214,2021-10-01 14:45:01,27100.0,1300.0,11964000.0
215,2021-10-01 14:45:01,27100.0,6000.0,11962700.0
216,2021-10-01 14:45:01,27100.0,12100.0,11956700.0
217,2021-10-01 14:45:01,27100.0,200.0,11944600.0
218,2021-10-01 14:45:01,27100.0,2000.0,11944400.0
219,2021-10-01 14:45:01,27100.0,200.0,11942400.0
220,2021-10-01 14:45:01,27100.0,2000.0,11942200.0
221,2021-10-01 14:45:01,27100.0,100.0,11940200.0
222,2021-10-01 14:45:01,27100.0,100.0,11940100.0
223,2021-10-01 14:45:01,27100.0,500.0,11940000.0
224,2021-10-01 14:45:01,27100.0,500.0,11939500.0
225,2021-10-01 14:45:01,27100.0,100.0,11939000.0
226,2021-10-01 14:45:01,27100.0,600.0,11938900.0
227,2021-10-01 14:45:01,27100.0,100.0,11938300.0
228,2021-10-01 14:45:01,27100.0,500.0,11938200.0
229,2021-10-01 14:45:01,27100.0,500.0,11937700.0
230,2021-10-01 14:45:01,27100.0,700.0,11937200.0
231,2021-10-01 14:45:01,27100.0,300.0,11936500.0
232,2021-10-01 14:45:01,27100.0,500.0,11936200.0
233,2021-10-01 14:45:01,27100.0,200.0,11935700.0
234,2021-10-01 14:45:01,27100.0,500.0,11935500.0
235,2021-10-01 14:45:01,27100.0,100.0,11935000.0
236,2021-10-01 14:45:01,27100.0,200.0,11934900.0
237,2021-10-01 14:45:01,27100.0,100.0,11934700.0
238,2021-10-01 14:45:01,27100.0,100.0,11934600.0
239,2021-10-01 14:45:01,27100.0,100.0,11934500.0
240,2021-10-01 14:45:01,27100.0,100.0,11934400.0
241,2021-10-01 14:45:01,27100.0,400.0,11934300.0
242,2021-10-01 14:45:01,27100.0,100.0,11933900.0
243,2021-10-01 14:45:01,27100.0,4500.0,11933800.0
244,2021-10-01 14:45:01,27100.0,100.0,11929300.0
245,2021-10-01 14:45:01,27100.0,400.0,11929200.0
246,2021-10-01 14:45:01,27100.0,1000.0,11928800.0
247,2021-10-01 14:45:01,27100.0,500.0,11927800.0
248,2021-10-01 14:45:01,27100.0,100.0,11927300.0
249,2021-10-01 14:45:01,27100.0,1000.0,11927200.0
250,2021-10-01 14:45:01,27100.0,300.0,11926200.0
251,2021-10-01 14:45:01,27100.0,500.0,11925900.0
252,2021-10-01 14:45:01,27100.0,5500.0,11925400.0
253,2021-10-01 14:45:01,27100.0,100.0,11919900.0
254,2021-10-01 14:45:01,27100.0,300.0,11919800.0
255,2021-10-01 14:45:01,27100.0,200.0,11919500.0
256,2021-10-01 14:45:01,27100.0,3900.0,11919300.0
257,2021-10-01 14:45:01,27100.0,3000.0,11915400.0
258,2021-10-01 14:45:01,27100.0,100.0,11912400.0
259,2021-10-01 14:45:01,27100.0,400.0,11912300.0
260,2021-10-01 14:45:01,27100.0,100.0,11911900.0
261,2021-10-01 14:45:01,27100.0,100.0,11911800.0
262,2021-10-01 14:45:01,27100.0,100.0,11911700.0
263,2021-10-01 14:45:01,27100.0,2000.0,11911600.0
264,2021-10-01 14:45:01,27100.0,200.0,11909600.0
265,2021-10-01 14:45:01,27100.0,1500.0,11909400.0
266,2021-10-01 14:45:01,27100.0,500.0,11907900.0
267,2021-10-01 14:45:01,27100.0,100.0,11907400.0
268,2021-10-01 14:45:01,27100.0,900.0,11907300.0
269,2021-10-01 14:45:01,27100.0,100.0,11906400.0
270,2021-10-01 14:45:01,27100.0,2000.0,11906300.0
271,2021-10-01 14:45:01,27100.0,100.0,11904300.0
272,2021-10-01 14:45:01,27100.0,100.0,11904200.0
273,2021-10-01 14:45:01,27100.0,100.0,11904100.0
274,2021-10-01 14:45:01,27100.0,100.0,11904000.0
275,2021-10-01 14:45:01,27100.0,100.0,11903900.0
276,2021-10-01 14:45:01,27100.0,900.0,11903800.0
277,2021-10-01 14:45:01,27100.0,1000.0,11902900.0
278,2021-10-01 14:45:01,27100.0,100.0,11901900.0
279,2021-10-01 14:45:01,27100.0,1500.0,11901800.0
280,2021-10-01 14:45:01,27100.0,500.0,11900300.0
281,2021-10-01 14:45:01,27100.0,200.0,11899800.0
282,2021-10-01 14:45:01,27100.0,100.0,11899600.0
283,2021-10-01 14:45:01,27100.0,2900.0,11899500.0
284,2021-10-01 14:45:01,27100.0,1300.0,11896600.0
285,2021-10-01 14:45:01,27100.0,200.0,11895300.0
286,2021-10-01 14:45:01,27100.0,100.0,11895100.0
287,2021-10-01 14:45:01,27100.0,400.0,11895000.0
288,2021-10-01 14:45:01,27100.0,100.0,11894600.0
289,2021-10-01 14:45:01,27100.0,700.0,11894500.0
290,2021-10-01 14:45:01,27100.0,100.0,11893800.0
291,2021-10-01 14:45:01,27100.0,100.0,11893700.0
292,2021-10-01 14:45:01,27100.0,100.0,11893600.0
293,2021-10-01 14:45:01,27100.0,100.0,11893500.0
294,2021-10-01 14:45:01,27100.0,100.0,11893400.0
295,2021-10-01 14:45:01,27100.0,100.0,11893300.0
296,2021-10-01 14:45:01,27100.0,1000.0,11893200.0
297,2021-10-01 14:45:01,27100.0,500.0,11892200.0
298,2021-10-01 14:45:01,27100.0,100.0,11891700.0
299,2021-10-01 14:45:01,27100.0,500.0,11891600.0
300,2021-10-01 14:45:01,27100.0,400.0,11891100.0
301,2021-10-01 14:45:01,27100.0,600.0,11890700.0
302,2021-10-01 14:45:01,27100.0,200.0,11890100.0
303,2021-10-01 14:45:01,27100.0,200.0,11889900.0
304,2021-10-01 14:45:01,27100.0,400.0,11889700.0
305,2021-10-01 14:45:01,27100.0,100.0,11889300.0
306,2021-10-01 14:45:01,27100.0,300.0,11889200.0
307,2021-10-01 14:45:01,27100.0,700.0,11888900.0
308,2021-10-01 14:45:01,27100.0,200.0,11888200.0
309,2021-10-01 14:45:01,27100.0,200.0,11888000.0
310,2021-10-01 14:45:01,27100.0,300.0,11887800.0
311,2021-10-01 14:45:01,27100.0,1000.0,11887500.0
312,2021-10-01 14:45:01,27100.0,100.0,11886500.0
313,2021-10-01 14:45:01,27100.0,5000.0,11886400.0
314,2021-10-01 14:45:01,27100.0,100.0,11881400.0
315,2021-10-01 14:45:01,27100.0,2400.0,11881300.0
316,2021-10-01 14:45:01,27100.0,100.0,11878900.0
317,2021-10-01 14:45:01,27100.0,100.0,11878800.0
318,2021-10-01 14:45:01,27100.0,100.0,11878700.0
319,2021-10-01 14:45:01,27100.0,100.0,11878600.0
320,2021-10-01 14:45:01,27100.0,200.0,11878500.0
321,2021-10-01 14:45:01,27100.0,100.0,11878300.0
322,2021-10-01 14:45:01,27100.0,400.0,11878200.0
323,2021-10-01 14:45:01,27100.0,2000.0,11877800.0
324,2021-10-01 14:45:01,27100.0,600.0,11875800.0
325,2021-10-01 14:45:01,27100.0,4000.0,11875200.0
326,2021-10-01 14:45:01,27100.0,200.0,11871200.0
327,2021-10-01 14:45:01,27100.0,300.0,11871000.0
328,2021-10-01 14:45:01,27100.0,100.0,11870700.0
329,2021-10-01 14:45:01,27100.0,100.0,11870600.0
330,2021-10-01 14:45:01,27100.0,200.0,11870500.0
331,2021-10-01 14:45:01,27100.0,100.0,11870300.0
332,2021-10-01 14:45:01,27100.0,500.0,11870200.0
333,2021-10-01 14:45:01,27100.0,100.0,11869700.0
334,2021-10-01 14:45:01,27100.0,1100.0,11869600.0
335,2021-10-01 14:45:01,27100.0,300.0,11868500.0
336,2021-10-01 14:45:01,27100.0,200.0,11868200.0
337,2021-10-01 14:45:01,27100.0,200.0,11868000.0
338,2021-10-01 14:45:01,27100.0,100.0,11867800.0
339,2021-10-01 14:45:01,27100.0,400.0,11867700.0
340,2021-10-01 14:45:01,27100.0,100.0,11867300.0
341,2021-10-01 14:45:01,27100.0,500.0,11867200.0
342,2021-10-01 14:45:01,27100.0,700.0,11866700.0
343,2021-10-01 14:45:01,27100.0,600.0,11866000.0
344,2021-10-01 14:45:01,27100.0,400.0,11865400.0
345,2021-10-01 14:45:01,27100.0,200.0,11865000.0
346,2021-10-01 14:45:01,27100.0,100.0,11864800.0
347,2021-10-01 14:45:01,27100.0,200.0,11864700.0
348,2021-10-01 14:45:01,27100.0,100.0,11864500.0
349,2021-10-01 14:45:01,27100.0,100.0,11864400.0
350,2021-10-01 14:45:01,27100.0,100.0,11864300.0
351,2021-10-01 14:29:54,27150.0,100.0,11864200.0
352,2021-10-01 14:29:54,27150.0,1000.0,11864100.0
353,2021-10-01 14:29:54,27150.0,700.0,11863100.0
354,2021-10-01 14:29:54,27150.0,5000.0,11862400.0
355,2021-10-01 14:29:54,27150.0,1500.0,11857400.0
356,2021-10-01 14:29:54,27150.0,1000.0,11855900.0
357,2021-10-01 14:29:54,27150.0,100.0,11854900.0
358,2021-10-01 14:29:54,27150.0,500.0,11854800.0
359,2021-10-01 14:29:54,27150.0,100.0,11854300.0
360,2021-10-01 14:29:52,27150.0,100.0,11854200.0
361,2021-10-01 14:29:46,27150.0,1600.0,11854100.0
362,2021-10-01 14:29:46,27150.0,1100.0,11852500.0
363,2021-10-01 14:29:46,27150.0,1000.0,11851400.0
364,2021-10-01 14:29:46,27150.0,300.0,11850400.0
365,2021-10-01 14:29:46,27150.0,300.0,11850100.0
366,2021-10-01 14:29:46,27150.0,700.0,11849800.0
367,2021-10-01 14:29:43,27150.0,100.0,11849100.0
368,2021-10-01 14:29:41,27150.0,100.0,11849000.0
369,2021-10-01 14:29:41,27150.0,500.0,11848900.0
370,2021-10-01 14:29:41,27100.0,7400.0,11848400.0
371,2021-10-01 14:29:41,27150.0,2000.0,11841000.0
372,2021-10-01 14:29:40,27150.0,600.0,11839000.0
373,2021-10-01 14:29:32,27150.0,900.0,11838400.0
374,2021-10-01 14:29:32,27150.0,600.0,11837500.0
375,2021-10-01 14:29:32,27150.0,3500.0,11836900.0
376,2021-10-01 14:29:32,27100.0,2000.0,11833400.0
377,2021-10-01 14:29:31,27150.0,200.0,11831400.0
378,2021-10-01 14:29:27,27150.0,300.0,11831200.0
379,2021-10-01 14:29:26,27100.0,1000.0,11830900.0
380,2021-10-01 14:29:25,27150.0,3000.0,11829900.0
381,2021-10-01 14:29:23,27100.0,10000.0,11826900.0
382,2021-10-01 14:29:22,27150.0,8000.0,11816900.0
383,2021-10-01 14:29:22,27150.0,1500.0,11808900.0
384,2021-10-01 14:29:22,27150.0,500.0,11807400.0
385,2021-10-01 14:29:22,27100.0,1000.0,11806900.0
386,2021-10-01 14:29:21,27100.0,1000.0,11805900.0
387,2021-10-01 14:29:20,27150.0,1100.0,11804900.0
388,2021-10-01 14:29:20,27150.0,200.0,11803800.0
389,2021-10-01 14:29:20,27150.0,1000.0,11803600.0
390,2021-10-01 14:29:20,27150.0,600.0,11802600.0
391,2021-10-01 14:29:20,27150.0,5100.0,11802000.0
392,2021-10-01 14:29:18,27100.0,5700.0,11796900.0
393,2021-10-01 14:29:14,27150.0,100.0,11791200.0
394,2021-10-01 14:29:13,27100.0,6000.0,11791100.0
395,2021-10-01 14:29:11,27100.0,400.0,11785100.0
396,2021-10-01 14:29:09,27100.0,300.0,11784700.0
397,2021-10-01 14:29:05,27150.0,2000.0,11784400.0
398,2021-10-01 14:29:04,27150.0,100.0,11782400.0
399,2021-10-01 14:28:56,27150.0,1000.0,11782300.0
400,2021-10-01 14:28:50,27150.0,1000.0,11781300.0
401,2021-10-01 14:28:50,27150.0,100.0,11780300.0
402,2021-10-01 14:28:48,27150.0,5000.0,11780200.0
403,2021-10-01 14:28:47,27150.0,100.0,11775200.0
404,2021-10-01 14:28:46,27150.0,3000.0,11775100.0
405,2021-10-01 14:28:42,27150.0,200.0,11772100.0
406,2021-10-01 14:28:31,27100.0,10000.0,11771900.0
407,2021-10-01 14:28:29,27150.0,100.0,11761900.0
408,2021-10-01 14:28:27,27100.0,1000.0,11761800.0
409,2021-10-01 14:28:27,27100.0,8000.0,11760800.0
410,2021-10-01 14:28:26,27150.0,1500.0,11752800.0
411,2021-10-01 14:28:23,27100.0,100.0,11751300.0
412,2021-10-01 14:28:19,27150.0,400.0,11751200.0
413,2021-10-01 14:28:19,27100.0,200.0,11750800.0
414,2021-10-01 14:28:10,27100.0,2000.0,11750600.0
415,2021-10-01 14:28:09,27150.0,200.0,11748600.0
416,2021-10-01 14:28:02,27150.0,100.0,11748400.0
417,2021-10-01 14:28:02,27150.0,900.0,11748300.0
418,2021-10-01 14:28:02,27100.0,6000.0,11747400.0
419,2021-10-01 14:28:00,27150.0,100.0,11741400.0
420,2021-10-01 14:27:59,27150.0,100.0,11741300.0
421,2021-10-01 14:27:52,27100.0,800.0,11741200.0
422,2021-10-01 14:27:51,27150.0,600.0,11740400.0
423,2021-10-01 14:27:44,27150.0,400.0,11739800.0
424,2021-10-01 14:27:43,27150.0,800.0,11739400.0
425,2021-10-01 14:27:43,27150.0,1000.0,11738600.0
426,2021-10-01 14:27:43,27150.0,200.0,11737600.0
427,2021-10-01 14:27:43,27150.0,1000.0,11737400.0
428,2021-10-01 14:27:43,27150.0,100.0,11736400.0
429,2021-10-01 14:27:43,27150.0,5000.0,11736300.0
430,2021-10-01 14:27:43,27150.0,2800.0,11731300.0
431,2021-10-01 14:27:43,27150.0,100.0,11728500.0
432,2021-10-01 14:27:43,27150.0,100.0,11728400.0
433,2021-10-01 14:27:43,27150.0,500.0,11728300.0
434,2021-10-01 14:27:43,27150.0,1000.0,11727800.0
435,2021-10-01 14:27:43,27150.0,500.0,11726800.0
436,2021-10-01 14:27:43,27150.0,800.0,11726300.0
437,2021-10-01 14:27:43,27150.0,100.0,11725500.0
438,2021-10-01 14:27:43,27150.0,200.0,11725400.0
439,2021-10-01 14:27:43,27150.0,800.0,11725200.0
440,2021-10-01 14:27:43,27150.0,1800.0,11724400.0
441,2021-10-01 14:27:43,27150.0,100.0,11722600.0
442,2021-10-01 14:27:43,27150.0,800.0,11722500.0
443,2021-10-01 14:27:43,27150.0,2000.0,11721700.0
444,2021-10-01 14:27:43,27150.0,300.0,11719700.0
445,2021-10-01 14:27:43,27100.0,12300.0,11719400.0
446,2021-10-01 14:27:43,27100.0,500.0,11707100.0
447,2021-10-01 14:27:43,27100.0,200.0,11706600.0
448,2021-10-01 14:27:43,27100.0,300.0,11706400.0
449,2021-10-01 14:27:43,27100.0,1000.0,11706100.0
450,2021-10-01 14:27:43,27100.0,100.0,11705100.0
451,2021-10-01 14:27:43,27100.0,100.0,11705000.0
452,2021-10-01 14:27:43,27100.0,500.0,11704900.0
453,2021-10-01 14:27:43,27100.0,100.0,11704400.0
454,2021-10-01 14:27:43,27100.0,500.0,11704300.0
455,2021-10-01 14:27:43,27100.0,100.0,11703800.0
456,2021-10-01 14:27:43,27100.0,500.0,11703700.0
457,2021-10-01 14:27:43,27100.0,9300.0,11703200.0
458,2021-10-01 14:27:43,27100.0,3000.0,11693900.0
459,2021-10-01 14:27:43,27100.0,100.0,11690900.0
460,2021-10-01 14:27:43,27100.0,200.0,11690800.0
461,2021-10-01 14:27:43,27100.0,1000.0,11690600.0
462,2021-10-01 14:27:43,27100.0,200.0,11689600.0
463,2021-10-01 14:27:43,27100.0,900.0,11689400.0
464,2021-10-01 14:27:43,27100.0,100.0,11688500.0
465,2021-10-01 14:27:43,27100.0,300.0,11688400.0
466,2021-10-01 14:27:43,27100.0,100.0,11688100.0
467,2021-10-01 14:27:43,27100.0,300.0,11688000.0
468,2021-10-01 14:27:43,27100.0,100.0,11687700.0
469,2021-10-01 14:27:43,27100.0,500.0,11687600.0
470,2021-10-01 14:27:43,27100.0,1000.0,11687100.0
471,2021-10-01 14:27:43,27100.0,100.0,11686100.0
472,2021-10-01 14:27:43,27100.0,300.0,11686000.0
473,2021-10-01 14:27:43,27100.0,200.0,11685700.0
474,2021-10-01 14:27:43,27100.0,200.0,11685500.0
475,2021-10-01 14:27:43,27100.0,100.0,11685300.0
476,2021-10-01 14:27:43,27100.0,1000.0,11685200.0
477,2021-10-01 14:27:43,27100.0,100.0,11684200.0
478,2021-10-01 14:27:43,27100.0,1000.0,11684100.0
479,2021-10-01 14:27:43,27100.0,2000.0,11683100.0
480,2021-10-01 14:27:43,27100.0,400.0,11681100.0
481,2021-10-01 14:27:43,27100.0,200.0,11680700.0
482,2021-10-01 14:27:43,27100.0,500.0,11680500.0
483,2021-10-01 14:27:43,27100.0,3800.0,11680000.0
484,2021-10-01 14:27:43,27100.0,1000.0,11676200.0
485,2021-10-01 14:27:43,27100.0,100.0,11675200.0
486,2021-10-01 14:27:43,27100.0,300.0,11675100.0
487,2021-10-01 14:27:43,27100.0,1000.0,11674800.0
488,2021-10-01 14:27:43,27100.0,500.0,11673800.0
489,2021-10-01 14:27:43,27100.0,1000.0,11673300.0
490,2021-10-01 14:27:43,27100.0,500.0,11672300.0
491,2021-10-01 14:27:43,27100.0,200.0,11671800.0
492,2021-10-01 14:27:43,27100.0,2200.0,11671600.0
493,2021-10-01 14:27:41,27100.0,800.0,11669400.0
494,2021-10-01 14:27:41,27100.0,100.0,11668600.0
495,2021-10-01 14:27:41,27100.0,200.0,11668500.0
496,2021-10-01 14:27:41,27100.0,100.0,11668300.0
497,2021-10-01 14:27:41,27100.0,100.0,11668200.0
498,2021-10-01 14:27:40,27100.0,1900.0,11668100.0
499,2021-10-01 14:27:40,27100.0,100.0,11666200.0
500,2021-10-01 14:27:36,27100.0,300.0,11666100.0
501,2021-10-01 14:27:33,27100.0,100.0,11665800.0
502,2021-10-01 14:27:33,27100.0,600.0,11665700.0
503,2021-10-01 14:27:31,27150.0,100.0,11665100.0
504,2021-10-01 14:27:29,27100.0,1000.0,11665000.0
505,2021-10-01 14:27:27,27100.0,100.0,11664000.0
506,2021-10-01 14:27:27,27100.0,300.0,11663900.0
507,2021-10-01 14:27:27,27100.0,600.0,11663600.0
508,2021-10-01 14:27:27,27150.0,3600.0,11663000.0
509,2021-10-01 14:27:27,27150.0,200.0,11659400.0
510,2021-10-01 14:27:20,27100.0,300.0,11659200.0
511,2021-10-01 14:27:17,27100.0,100.0,11658900.0
512,2021-10-01 14:27:17,27100.0,900.0,11658800.0
513,2021-10-01 14:27:17,27100.0,100.0,11657900.0
514,2021-10-01 14:27:17,27100.0,100.0,11657800.0
515,2021-10-01 14:27:17,27150.0,200.0,11657700.0
516,2021-10-01 14:27:17,27150.0,100.0,11657500.0
517,2021-10-01 14:27:17,27150.0,100.0,11657400.0
518,2021-10-01 14:27:17,27150.0,100.0,11657300.0
519,2021-10-01 14:27:15,27100.0,100.0,11657200.0
520,2021-10-01 14:27:15,27100.0,4900.0,11657100.0
521,2021-10-01 14:27:15,27100.0,200.0,11652200.0
522,2021-10-01 14:27:13,27100.0,900.0,11652000.0
523,2021-10-01 14:27:10,27150.0,100.0,11651100.0
524,2021-10-01 14:27:01,27100.0,100.0,11651000.0
525,2021-10-01 14:27:00,27150.0,400.0,11650900.0
526,2021-10-01 14:26:59,27100.0,100.0,11650500.0
527,2021-10-01 14:26:58,27100.0,1000.0,11650400.0
528,2021-10-01 14:26:56,27150.0,400.0,11649400.0
529,2021-10-01 14:26:56,27150.0,200.0,11649000.0
530,2021-10-01 14:26:56,27150.0,100.0,11648800.0
531,2021-10-01 14:26:51,27100.0,700.0,11648700.0
532,2021-10-01 14:26:49,27150.0,100.0,11648000.0
533,2021-10-01 14:26:48,27100.0,100.0,11647900.0
534,2021-10-01 14:26:48,27150.0,100.0,11647800.0
535,2021-10-01 14:26:44,27100.0,600.0,11647700.0
536,2021-10-01 14:26:42,27100.0,11000.0,11647100.0
537,2021-10-01 14:26:39,27100.0,400.0,11636100.0
538,2021-10-01 14:26:39,27100.0,200.0,11635700.0
539,2021-10-01 14:26:39,27100.0,300.0,11635500.0
540,2021-10-01 14:26:39,27100.0,200.0,11635200.0
541,2021-10-01 14:26:39,27100.0,500.0,11635000.0
542,2021-10-01 14:26:39,27100.0,100.0,11634500.0
543,2021-10-01 14:26:39,27100.0,100.0,11634400.0
544,2021-10-01 14:26:39,27100.0,100.0,11634300.0
545,2021-10-01 14:26:39,27100.0,200.0,11634200.0
546,2021-10-01 14:26:39,27100.0,200.0,11634000.0
547,2021-10-01 14:26:39,27100.0,100.0,11633800.0
548,2021-10-01 14:26:34,27100.0,900.0,11633700.0
549,2021-10-01 14:26:34,27100.0,1000.0,11632800.0
550,2021-10-01 14:26:29,27150.0,700.0,11631800.0
551,2021-10-01 14:26:29,27150.0,100.0,11631100.0
552,2021-10-01 14:26:28,27100.0,100.0,11631000.0
553,2021-10-01 14:26:27,27150.0,1500.0,11630900.0
554,2021-10-01 14:26:27,27150.0,500.0,11629400.0
555,2021-10-01 14:26:22,27100.0,500.0,11628900.0
556,2021-10-01 14:26:20,27100.0,1000.0,11628400.0
557,2021-10-01 14:26:18,27100.0,400.0,11627400.0
558,2021-10-01 14:26:18,27100.0,100.0,11627000.0
559,2021-10-01 14:26:18,27150.0,900.0,11626900.0
560,2021-10-01 14:26:18,27150.0,1000.0,11626000.0
561,2021-10-01 14:26:18,27150.0,3000.0,11625000.0
562,2021-10-01 14:26:18,27150.0,100.0,11622000.0
563,2021-10-01 14:26:16,27100.0,100.0,11621900.0
564,2021-10-01 14:26:15,27100.0,800.0,11621800.0
565,2021-10-01 14:26:15,27100.0,100.0,11621000.0
566,2021-10-01 14:26:11,27100.0,1300.0,11620900.0
567,2021-10-01 14:25:57,27100.0,700.0,11619600.0
568,2021-10-01 14:25:57,27100.0,200.0,11618900.0
569,2021-10-01 14:25:57,27100.0,100.0,11618700.0
570,2021-10-01 14:25:57,27100.0,500.0,11618600.0
571,2021-10-01 14:25:51,27100.0,100.0,11618100.0
572,2021-10-01 14:25:51,27100.0,200.0,11618000.0
573,2021-10-01 14:25:51,27100.0,500.0,11617800.0
574,2021-10-01 14:25:48,27100.0,400.0,11617300.0
575,2021-10-01 14:25:46,27100.0,600.0,11616900.0
576,2021-10-01 14:25:46,27100.0,100.0,11616300.0
577,2021-10-01 14:25:46,27100.0,200.0,11616200.0
578,2021-10-01 14:25:46,27100.0,100.0,11616000.0
579,2021-10-01 14:25:46,27100.0,200.0,11615900.0
580,2021-10-01 14:25:38,27100.0,100.0,11615700.0
581,2021-10-01 14:25:38,27100.0,200.0,11615600.0
582,2021-10-01 14:25:36,27100.0,1000.0,11615400.0
583,2021-10-01 14:25:35,27100.0,500.0,11614400.0
584,2021-10-01 14:25:29,27100.0,100.0,11613900.0
585,2021-10-01 14:25:29,27100.0,100.0,11613800.0
586,2021-10-01 14:25:29,27100.0,100.0,11613700.0
587,2021-10-01 14:25:24,27100.0,500.0,11613600.0
588,2021-10-01 14:25:24,27100.0,2000.0,11613100.0
589,2021-10-01 14:25:24,27100.0,100.0,11611100.0
590,2021-10-01 14:25:24,27100.0,500.0,11611000.0
591,2021-10-01 14:25:24,27100.0,300.0,11610500.0
592,2021-10-01 14:25:24,27100.0,1000.0,11610200.0
593,2021-10-01 14:25:24,27100.0,100.0,11609200.0
594,2021-10-01 14:25:24,27100.0,100.0,11609100.0
595,2021-10-01 14:25:24,27100.0,400.0,11609000.0
596,2021-10-01 14:25:24,27100.0,200.0,11608600.0
597,2021-10-01 14:25:24,27100.0,100.0,11608400.0
598,2021-10-01 14:25:24,27100.0,100.0,11608300.0
599,2021-10-01 14:25:24,27100.0,500.0,11608200.0
600,2021-10-01 14:25:24,27100.0,100.0,11607700.0
601,2021-10-01 14:25:24,27100.0,1000.0,11607600.0
602,2021-10-01 14:25:24,27100.0,500.0,11606600.0
603,2021-10-01 14:25:24,27100.0,100.0,11606100.0
604,2021-10-01 14:25:24,27100.0,500.0,11606000.0
605,2021-10-01 14:25:24,27100.0,1000.0,11605500.0
606,2021-10-01 14:25:24,27100.0,300.0,11604500.0
607,2021-10-01 14:25:24,27100.0,200.0,11604200.0
608,2021-10-01 14:25:24,27100.0,100.0,11604000.0
609,2021-10-01 14:25:24,27100.0,300.0,11603900.0
610,2021-10-01 14:25:22,27150.0,1900.0,11603600.0
611,2021-10-01 14:25:22,27150.0,100.0,11601700.0
612,2021-10-01 14:25:22,27100.0,600.0,11601600.0
613,2021-10-01 14:25:16,27100.0,100.0,11601000.0
614,2021-10-01 14:25:16,27100.0,100.0,11600900.0
615,2021-10-01 14:25:16,27100.0,100.0,11600800.0
616,2021-10-01 14:25:16,27100.0,1000.0,11600700.0
617,2021-10-01 14:25:16,27100.0,100.0,11599700.0
618,2021-10-01 14:25:16,27100.0,500.0,11599600.0
619,2021-10-01 14:25:16,27100.0,500.0,11599100.0
620,2021-10-01 14:25:16,27100.0,1000.0,11598600.0
621,2021-10-01 14:25:16,27100.0,200.0,11597600.0
622,2021-10-01 14:25:16,27100.0,100.0,11597400.0
623,2021-10-01 14:25:16,27100.0,100.0,11597300.0
624,2021-10-01 14:25:16,27100.0,200.0,11597200.0
625,2021-10-01 14:25:16,27100.0,200.0,11597000.0
626,2021-10-01 14:25:16,27100.0,100.0,11596800.0
627,2021-10-01 14:25:16,27100.0,1000.0,11596700.0
628,2021-10-01 14:25:16,27100.0,1000.0,11595700.0
629,2021-10-01 14:25:16,27100.0,100.0,11594700.0
630,2021-10-01 14:25:16,27100.0,200.0,11594600.0
631,2021-10-01 14:25:16,27100.0,1000.0,11594400.0
632,2021-10-01 14:25:16,27100.0,200.0,11593400.0
633,2021-10-01 14:25:16,27100.0,100.0,11593200.0
634,2021-10-01 14:25:16,27100.0,1000.0,11593100.0
635,2021-10-01 14:25:16,27100.0,300.0,11592100.0
636,2021-10-01 14:25:16,27100.0,100.0,11591800.0
637,2021-10-01 14:25:16,27100.0,100.0,11591700.0
638,2021-10-01 14:25:16,27100.0,100.0,11591600.0
639,2021-10-01 14:25:16,27100.0,200.0,11591500.0
640,2021-10-01 14:25:16,27100.0,500.0,11591300.0
641,2021-10-01 14:25:16,27100.0,300.0,11590800.0
642,2021-10-01 14:25:16,27100.0,600.0,11590500.0
643,2021-10-01 14:25:16,27100.0,400.0,11589900.0
644,2021-10-01 14:25:16,27100.0,100.0,11589500.0
645,2021-10-01 14:25:16,27100.0,100.0,11589400.0
646,2021-10-01 14:25:16,27100.0,1000.0,11589300.0
647,2021-10-01 14:25:16,27100.0,200.0,11588300.0
648,2021-10-01 14:25:16,27100.0,500.0,11588100.0
649,2021-10-01 14:25:16,27100.0,200.0,11587600.0
650,2021-10-01 14:25:16,27100.0,100.0,11587400.0
651,2021-10-01 14:25:16,27100.0,100.0,11587300.0
652,2021-10-01 14:25:16,27100.0,400.0,11587200.0
653,2021-10-01 14:25:16,27100.0,100.0,11586800.0
654,2021-10-01 14:25:16,27100.0,100.0,11586700.0
655,2021-10-01 14:25:16,27100.0,100.0,11586600.0
656,2021-10-01 14:25:16,27100.0,300.0,11586500.0
657,2021-10-01 14:25:16,27100.0,100.0,11586200.0
658,2021-10-01 14:25:16,27100.0,100.0,11586100.0
659,2021-10-01 14:25:16,27100.0,500.0,11586000.0
660,2021-10-01 14:25:16,27100.0,200.0,11585500.0
661,2021-10-01 14:25:16,27100.0,200.0,11585300.0
662,2021-10-01 14:25:16,27100.0,600.0,11585100.0
663,2021-10-01 14:25:16,27150.0,600.0,11584500.0
664,2021-10-01 14:25:16,27150.0,1000.0,11583900.0
665,2021-10-01 14:25:16,27150.0,3800.0,11582900.0
666,2021-10-01 14:25:14,27150.0,100.0,11579100.0
667,2021-10-01 14:25:11,27100.0,400.0,11579000.0
668,2021-10-01 14:25:11,27100.0,200.0,11578600.0
669,2021-10-01 14:25:11,27100.0,100.0,11578400.0
670,2021-10-01 14:25:11,27100.0,100.0,11578300.0
671,2021-10-01 14:25:11,27100.0,100.0,11578200.0
672,2021-10-01 14:25:11,27100.0,200.0,11578100.0
673,2021-10-01 14:25:11,27100.0,600.0,11577900.0
674,2021-10-01 14:25:09,27100.0,400.0,11577300.0
675,2021-10-01 14:25:09,27100.0,100.0,11576900.0
676,2021-10-01 14:25:09,27100.0,3000.0,11576800.0
677,2021-10-01 14:25:09,27100.0,200.0,11573800.0
678,2021-10-01 14:25:09,27100.0,200.0,11573600.0
679,2021-10-01 14:25:09,27100.0,1000.0,11573400.0
680,2021-10-01 14:25:09,27100.0,100.0,11572400.0
681,2021-10-01 14:25:09,27100.0,500.0,11572300.0
682,2021-10-01 14:25:04,27100.0,1000.0,11571800.0
683,2021-10-01 14:25:02,27150.0,100.0,11570800.0
684,2021-10-01 14:25:02,27100.0,500.0,11570700.0
685,2021-10-01 14:25:02,27100.0,800.0,11570200.0
686,2021-10-01 14:24:59,27150.0,1000.0,11569400.0
687,2021-10-01 14:24:59,27100.0,200.0,11568400.0
688,2021-10-01 14:24:55,27100.0,1000.0,11568200.0
689,2021-10-01 14:24:53,27150.0,100.0,11567200.0
690,2021-10-01 14:24:52,27100.0,100.0,11567100.0
691,2021-10-01 14:24:49,27100.0,800.0,11567000.0
692,2021-10-01 14:24:48,27150.0,200.0,11566200.0
693,2021-10-01 14:24:48,27100.0,1900.0,11566000.0
694,2021-10-01 14:24:39,27100.0,9200.0,11564100.0
695,2021-10-01 14:24:39,27100.0,200.0,11554900.0
696,2021-10-01 14:24:39,27100.0,1000.0,11554700.0
697,2021-10-01 14:24:39,27100.0,100.0,11553700.0
698,2021-10-01 14:24:39,27100.0,100.0,11553600.0
699,2021-10-01 14:24:39,27100.0,100.0,11553500.0
700,2021-10-01 14:24:39,27100.0,100.0,11553400.0
701,2021-10-01 14:24:39,27100.0,200.0,11553300.0
702,2021-10-01 14:24:39,27100.0,400.0,11553100.0
703,2021-10-01 14:24:39,27100.0,300.0,11552700.0
704,2021-10-01 14:24:39,27100.0,500.0,11552400.0
705,2021-10-01 14:24:39,27100.0,100.0,11551900.0
706,2021-10-01 14:24:39,27100.0,100.0,11551800.0
707,2021-10-01 14:24:39,27100.0,500.0,11551700.0
708,2021-10-01 14:24:39,27100.0,100.0,11551200.0
709,2021-10-01 14:24:39,27100.0,400.0,11551100.0
710,2021-10-01 14:24:39,27100.0,5000.0,11550700.0
711,2021-10-01 14:24:39,27100.0,1200.0,11545700.0
712,2021-10-01 14:24:39,27100.0,200.0,11544500.0
713,2021-10-01 14:24:39,27100.0,500.0,11544300.0
714,2021-10-01 14:24:39,27100.0,300.0,11543800.0
715,2021-10-01 14:24:39,27100.0,300.0,11543500.0
716,2021-10-01 14:24:39,27100.0,300.0,11543200.0
717,2021-10-01 14:24:39,27100.0,1200.0,11542900.0
718,2021-10-01 14:24:39,27100.0,500.0,11541700.0
719,2021-10-01 14:24:39,27100.0,100.0,11541200.0
720,2021-10-01 14:24:39,27100.0,100.0,11541100.0
721,2021-10-01 14:24:39,27100.0,100.0,11541000.0
722,2021-10-01 14:24:39,27100.0,100.0,11540900.0
723,2021-10-01 14:24:39,27100.0,100.0,11540800.0
724,2021-10-01 14:24:39,27100.0,100.0,11540700.0
725,2021-10-01 14:24:39,27100.0,300.0,11540600.0
726,2021-10-01 14:24:39,27100.0,200.0,11540300.0
727,2021-10-01 14:24:39,27100.0,100.0,11540100.0
728,2021-10-01 14:24:39,27100.0,1000.0,11540000.0
729,2021-10-01 14:24:39,27100.0,2000.0,11539000.0
730,2021-10-01 14:24:39,27100.0,4500.0,11537000.0
731,2021-10-01 14:24:39,27100.0,100.0,11532500.0
732,2021-10-01 14:24:39,27100.0,200.0,11532400.0
733,2021-10-01 14:24:39,27100.0,300.0,11532200.0
734,2021-10-01 14:24:39,27100.0,1000.0,11531900.0
735,2021-10-01 14:24:39,27100.0,1000.0,11530900.0
736,2021-10-01 14:24:39,27100.0,1000.0,11529900.0
737,2021-10-01 14:24:39,27100.0,200.0,11528900.0
738,2021-10-01 14:24:39,27100.0,300.0,11528700.0
739,2021-10-01 14:24:39,27100.0,200.0,11528400.0
740,2021-10-01 14:24:39,27100.0,200.0,11528200.0
741,2021-10-01 14:24:39,27100.0,100.0,11528000.0
742,2021-10-01 14:24:39,27100.0,100.0,11527900.0
743,2021-10-01 14:24:39,27100.0,500.0,11527800.0
744,2021-10-01 14:24:39,27100.0,100.0,11527300.0
745,2021-10-01 14:24:39,27100.0,1000.0,11527200.0
746,2021-10-01 14:24:39,27100.0,100.0,11526200.0
747,2021-10-01 14:24:39,27100.0,200.0,11526100.0
748,2021-10-01 14:24:39,27100.0,100.0,11525900.0
749,2021-10-01 14:24:39,27100.0,1000.0,11525800.0
750,2021-10-01 14:24:39,27100.0,10000.0,11524800.0
751,2021-10-01 14:24:39,27100.0,700.0,11514800.0
752,2021-10-01 14:24:37,27100.0,300.0,11514100.0
753,2021-10-01 14:24:37,27100.0,100.0,11513800.0
754,2021-10-01 14:24:37,27100.0,200.0,11513700.0
755,2021-10-01 14:24:37,27100.0,100.0,11513500.0
756,2021-10-01 14:24:37,27100.0,300.0,11513400.0
757,2021-10-01 14:24:36,27100.0,700.0,11513100.0
758,2021-10-01 14:24:36,27100.0,200.0,11512400.0
759,2021-10-01 14:24:35,27150.0,500.0,11512200.0
760,2021-10-01 14:24:35,27100.0,100.0,11511700.0
761,2021-10-01 14:24:35,27100.0,900.0,11511600.0
762,2021-10-01 14:24:32,27100.0,100.0,11510700.0
763,2021-10-01 14:24:32,27100.0,100.0,11510600.0
764,2021-10-01 14:24:32,27100.0,1500.0,11510500.0
765,2021-10-01 14:24:32,27100.0,100.0,11509000.0
766,2021-10-01 14:24:32,27100.0,500.0,11508900.0
767,2021-10-01 14:24:32,27100.0,200.0,11508400.0
768,2021-10-01 14:24:32,27100.0,100.0,11508200.0
769,2021-10-01 14:24:32,27100.0,100.0,11508100.0
770,2021-10-01 14:24:32,27100.0,400.0,11508000.0
771,2021-10-01 14:24:28,27100.0,100.0,11507600.0
772,2021-10-01 14:24:28,27100.0,600.0,11507500.0
773,2021-10-01 14:24:23,27100.0,900.0,11506900.0
774,2021-10-01 14:24:23,27100.0,2000.0,11506000.0
775,2021-10-01 14:24:21,27150.0,100.0,11504000.0
776,2021-10-01 14:24:21,27150.0,100.0,11503900.0
777,2021-10-01 14:24:17,27100.0,100.0,11503800.0
778,2021-10-01 14:24:09,27100.0,800.0,11503700.0
779,2021-10-01 14:24:08,27150.0,1000.0,11502900.0
780,2021-10-01 14:24:05,27150.0,5500.0,11501900.0
781,2021-10-01 14:23:58,27100.0,3000.0,11496400.0
782,2021-10-01 14:23:56,27150.0,100.0,11493400.0
783,2021-10-01 14:23:55,27100.0,700.0,11493300.0
784,2021-10-01 14:23:54,27100.0,1000.0,11492600.0
785,2021-10-01 14:23:49,27150.0,500.0,11491600.0
786,2021-10-01 14:23:48,27100.0,500.0,11491100.0
787,2021-10-01 14:23:45,27100.0,600.0,11490600.0
788,2021-10-01 14:23:42,27150.0,300.0,11490000.0
789,2021-10-01 14:23:38,27100.0,300.0,11489700.0
790,2021-10-01 14:23:34,27100.0,1100.0,11489400.0
791,2021-10-01 14:23:32,27150.0,100.0,11488300.0
792,2021-10-01 14:23:30,27100.0,300.0,11488200.0
793,2021-10-01 14:23:19,27100.0,100.0,11487900.0
794,2021-10-01 14:23:18,27100.0,800.0,11487800.0
795,2021-10-01 14:23:13,27100.0,2300.0,11487000.0
796,2021-10-01 14:23:13,27100.0,200.0,11484700.0
797,2021-10-01 14:23:13,27100.0,100.0,11484500.0
798,2021-10-01 14:23:13,27100.0,100.0,11484400.0
799,2021-10-01 14:23:13,27100.0,1300.0,11484300.0
800,2021-10-01 14:23:13,27150.0,200.0,11483000.0
801,2021-10-01 14:23:05,27100.0,100.0,11482800.0
802,2021-10-01 14:23:05,27100.0,600.0,11482700.0
803,2021-10-01 14:23:03,27100.0,100.0,11482100.0
804,2021-10-01 14:22:57,27150.0,100.0,11482000.0
805,2021-10-01 14:22:55,27100.0,900.0,11481900.0
806,2021-10-01 14:22:51,27150.0,3000.0,11481000.0
807,2021-10-01 14:22:50,27150.0,500.0,11478000.0
808,2021-10-01 14:22:46,27100.0,100.0,11477500.0
809,2021-10-01 14:22:46,27100.0,100.0,11477400.0
810,2021-10-01 14:22:45,27100.0,100.0,11477300.0
811,2021-10-01 14:22:45,27100.0,100.0,11477200.0
812,2021-10-01 14:22:45,27100.0,100.0,11477100.0
813,2021-10-01 14:22:45,27100.0,100.0,11477000.0
814,2021-10-01 14:22:45,27100.0,100.0,11476900.0
815,2021-10-01 14:22:43,27150.0,100.0,11476800.0
816,2021-10-01 14:22:41,27100.0,100.0,11476700.0
817,2021-10-01 14:22:41,27100.0,200.0,11476600.0
818,2021-10-01 14:22:41,27100.0,500.0,11476400.0
819,2021-10-01 14:22:38,27150.0,1000.0,11475900.0
820,2021-10-01 14:22:37,27150.0,500.0,11474900.0
821,2021-10-01 14:22:33,27150.0,10400.0,11474400.0
822,2021-10-01 14:22:33,27150.0,2300.0,11464000.0
823,2021-10-01 14:22:33,27150.0,100.0,11461700.0
824,2021-10-01 14:22:33,27150.0,200.0,11461600.0
825,2021-10-01 14:22:33,27150.0,4000.0,11461400.0
826,2021-10-01 14:22:33,27150.0,3000.0,11457400.0
827,2021-10-01 14:22:33,27150.0,400.0,11454400.0
828,2021-10-01 14:22:33,27150.0,300.0,11454000.0
829,2021-10-01 14:22:33,27100.0,500.0,11453700.0
830,2021-10-01 14:22:33,27100.0,500.0,11453200.0
831,2021-10-01 14:22:30,27100.0,2000.0,11452700.0
832,2021-10-01 14:22:29,27150.0,200.0,11450700.0
833,2021-10-01 14:22:28,27100.0,500.0,11450500.0
834,2021-10-01 14:22:28,27100.0,400.0,11450000.0
835,2021-10-01 14:22:28,27150.0,1000.0,11449600.0
836,2021-10-01 14:22:26,27100.0,1200.0,11448600.0
837,2021-10-01 14:22:26,27150.0,1500.0,11447400.0
838,2021-10-01 14:22:24,27100.0,2100.0,11445900.0
839,2021-10-01 14:22:24,27100.0,5300.0,11443800.0
840,2021-10-01 14:22:24,27100.0,100.0,11438500.0
841,2021-10-01 14:22:24,27100.0,1000.0,11438400.0
842,2021-10-01 14:22:24,27100.0,100.0,11437400.0
843,2021-10-01 14:22:24,27100.0,100.0,11437300.0
844,2021-10-01 14:22:24,27100.0,200.0,11437200.0
845,2021-10-01 14:22:24,27100.0,100.0,11437000.0
846,2021-10-01 14:22:24,27100.0,200.0,11436900.0
847,2021-10-01 14:22:24,27100.0,200.0,11436700.0
848,2021-10-01 14:22:24,27100.0,200.0,11436500.0
849,2021-10-01 14:22:24,27100.0,200.0,11436300.0
850,2021-10-01 14:22:24,27100.0,2000.0,11436100.0
851,2021-10-01 14:22:24,27100.0,100.0,11434100.0
852,2021-10-01 14:22:24,27100.0,100.0,11434000.0
853,2021-10-01 14:22:24,27100.0,100.0,11433900.0
854,2021-10-01 14:22:24,27100.0,100.0,11433800.0
855,2021-10-01 14:22:24,27100.0,3500.0,11433700.0
856,2021-10-01 14:22:24,27100.0,300.0,11430200.0
857,2021-10-01 14:22:24,27100.0,100.0,11429900.0
858,2021-10-01 14:22:24,27100.0,3000.0,11429800.0
859,2021-10-01 14:22:24,27100.0,500.0,11426800.0
860,2021-10-01 14:22:24,27100.0,100.0,11426300.0
861,2021-10-01 14:22:24,27100.0,100.0,11426200.0
862,2021-10-01 14:22:24,27100.0,500.0,11426100.0
863,2021-10-01 14:22:24,27100.0,200.0,11425600.0
864,2021-10-01 14:22:24,27100.0,100.0,11425400.0
865,2021-10-01 14:22:24,27100.0,500.0,11425300.0
866,2021-10-01 14:22:24,27100.0,200.0,11424800.0
867,2021-10-01 14:22:24,27100.0,100.0,11424600.0
868,2021-10-01 14:22:24,27100.0,20000.0,11424500.0
869,2021-10-01 14:22:24,27100.0,500.0,11404500.0
870,2021-10-01 14:22:24,27100.0,500.0,11404000.0
871,2021-10-01 14:22:24,27100.0,1000.0,11403500.0
872,2021-10-01 14:22:24,27100.0,500.0,11402500.0
873,2021-10-01 14:22:24,27100.0,100.0,11402000.0
874,2021-10-01 14:22:24,27100.0,100.0,11401900.0
875,2021-10-01 14:22:24,27100.0,1000.0,11401800.0
876,2021-10-01 14:22:24,27100.0,1000.0,11400800.0
877,2021-10-01 14:22:24,27100.0,100.0,11399800.0
878,2021-10-01 14:22:24,27100.0,300.0,11399700.0
879,2021-10-01 14:22:24,27100.0,1000.0,11399400.0
880,2021-10-01 14:22:24,27100.0,200.0,11398400.0
881,2021-10-01 14:22:24,27100.0,100.0,11398200.0
882,2021-10-01 14:22:24,27100.0,500.0,11398100.0
883,2021-10-01 14:22:24,27100.0,300.0,11397600.0
884,2021-10-01 14:22:24,27100.0,500.0,11397300.0
885,2021-10-01 14:22:24,27100.0,500.0,11396800.0
886,2021-10-01 14:22:24,27100.0,400.0,11396300.0
887,2021-10-01 14:22:10,27150.0,100.0,11395900.0
888,2021-10-01 14:22:10,27150.0,400.0,11395800.0
889,2021-10-01 14:22:09,27150.0,600.0,11395400.0
890,2021-10-01 14:22:09,27150.0,200.0,11394800.0
891,2021-10-01 14:22:07,27150.0,600.0,11394600.0
892,2021-10-01 14:22:07,27150.0,5000.0,11394000.0
893,2021-10-01 14:22:07,27150.0,1000.0,11389000.0
894,2021-10-01 14:22:07,27150.0,2000.0,11388000.0
895,2021-10-01 14:22:07,27150.0,1400.0,11386000.0
896,2021-10-01 14:22:06,27100.0,500.0,11384600.0
897,2021-10-01 14:22:05,27150.0,100.0,11384100.0
898,2021-10-01 14:22:04,27100.0,100.0,11384000.0
899,2021-10-01 14:22:04,27100.0,300.0,11383900.0
900,2021-10-01 14:22:04,27100.0,200.0,11383600.0
901,2021-10-01 14:22:04,27100.0,100.0,11383400.0
902,2021-10-01 14:22:04,27100.0,200.0,11383300.0
903,2021-10-01 14:22:04,27100.0,100.0,11383100.0
904,2021-10-01 14:22:03,27150.0,200.0,11383000.0
905,2021-10-01 14:22:00,27150.0,100.0,11382800.0
906,2021-10-01 14:22:00,27150.0,1000.0,11382700.0
907,2021-10-01 14:21:56,27150.0,1000.0,11381700.0
908,2021-10-01 14:21:53,27150.0,300.0,11380700.0
909,2021-10-01 14:21:53,27150.0,100.0,11380400.0
910,2021-10-01 14:21:48,27150.0,900.0,11380300.0
911,2021-10-01 14:21:48,27100.0,900.0,11379400.0
912,2021-10-01 14:21:44,27150.0,500.0,11378500.0
913,2021-10-01 14:21:44,27150.0,500.0,11378000.0
914,2021-10-01 14:21:41,27150.0,200.0,11377500.0
915,2021-10-01 14:21:34,27150.0,200.0,11377300.0
916,2021-10-01 14:21:34,27100.0,1000.0,11377100.0
917,2021-10-01 14:21:34,27100.0,100.0,11376100.0
918,2021-10-01 14:21:34,27100.0,100.0,11376000.0
919,2021-10-01 14:21:34,27100.0,100.0,11375900.0
920,2021-10-01 14:21:34,27100.0,100.0,11375800.0
921,2021-10-01 14:21:34,27100.0,100.0,11375700.0
922,2021-10-01 14:21:34,27100.0,500.0,11375600.0
923,2021-10-01 14:21:34,27100.0,100.0,11375100.0
924,2021-10-01 14:21:34,27100.0,300.0,11375000.0
925,2021-10-01 14:21:34,27100.0,100.0,11374700.0
926,2021-10-01 14:21:34,27100.0,100.0,11374600.0
927,2021-10-01 14:21:34,27100.0,100.0,11374500.0
928,2021-10-01 14:21:34,27100.0,100.0,11374400.0
929,2021-10-01 14:21:34,27100.0,1000.0,11374300.0
930,2021-10-01 14:21:34,27100.0,100.0,11373300.0
931,2021-10-01 14:21:34,27100.0,100.0,11373200.0
932,2021-10-01 14:21:34,27100.0,300.0,11373100.0
933,2021-10-01 14:21:34,27100.0,100.0,11372800.0
934,2021-10-01 14:21:34,27100.0,100.0,11372700.0
935,2021-10-01 14:21:34,27100.0,100.0,11372600.0
936,2021-10-01 14:21:34,27100.0,100.0,11372500.0
937,2021-10-01 14:21:34,27100.0,100.0,11372400.0
938,2021-10-01 14:21:34,27100.0,5800.0,11372300.0
939,2021-10-01 14:21:34,27100.0,200.0,11366500.0
940,2021-10-01 14:21:34,27100.0,200.0,11366300.0
941,2021-10-01 14:21:34,27100.0,100.0,11366100.0
942,2021-10-01 14:21:34,27100.0,100.0,11366000.0
943,2021-10-01 14:21:34,27100.0,500.0,11365900.0
944,2021-10-01 14:21:34,27100.0,200.0,11365400.0
945,2021-10-01 14:21:34,27100.0,200.0,11365200.0
946,2021-10-01 14:21:34,27100.0,100.0,11365000.0
947,2021-10-01 14:21:34,27100.0,5000.0,11364900.0
948,2021-10-01 14:21:34,27100.0,30000.0,11359900.0
949,2021-10-01 14:21:34,27100.0,300.0,11329900.0
950,2021-10-01 14:21:34,27100.0,500.0,11329600.0
951,2021-10-01 14:21:34,27100.0,100.0,11329100.0
952,2021-10-01 14:21:34,27100.0,1900.0,11329000.0
953,2021-10-01 14:21:32,27150.0,100.0,11327100.0
954,2021-10-01 14:21:32,27150.0,400.0,11327000.0
955,2021-10-01 14:21:32,27150.0,1500.0,11326600.0
956,2021-10-01 14:21:31,27100.0,8100.0,11325100.0
957,2021-10-01 14:21:31,27100.0,2400.0,11317000.0
958,2021-10-01 14:21:30,27150.0,500.0,11314600.0
959,2021-10-01 14:21:30,27150.0,500.0,11314100.0
960,2021-10-01 14:21:27,27150.0,100.0,11313600.0
961,2021-10-01 14:21:23,27150.0,100.0,11313500.0
962,2021-10-01 14:21:21,27150.0,200.0,11313400.0
963,2021-10-01 14:21:21,27150.0,300.0,11313200.0
964,2021-10-01 14:21:21,27100.0,600.0,11312900.0
965,2021-10-01 14:21:21,27100.0,200.0,11312300.0
966,2021-10-01 14:21:21,27100.0,200.0,11312100.0
967,2021-10-01 14:21:11,27150.0,200.0,11311900.0
968,2021-10-01 14:21:09,27150.0,1000.0,11311700.0
969,2021-10-01 14:21:07,27100.0,100.0,11310700.0
970,2021-10-01 14:21:07,27100.0,100.0,11310600.0
971,2021-10-01 14:21:07,27100.0,100.0,11310500.0
972,2021-10-01 14:21:06,27100.0,800.0,11310400.0
973,2021-10-01 14:21:04,27150.0,100.0,11309600.0
974,2021-10-01 14:21:03,27150.0,100.0,11309500.0
975,2021-10-01 14:21:02,27150.0,300.0,11309400.0
976,2021-10-01 14:21:00,27150.0,1600.0,11309100.0
977,2021-10-01 14:20:59,27150.0,1000.0,11307500.0
978,2021-10-01 14:20:58,27150.0,100.0,11306500.0
979,2021-10-01 14:20:55,27150.0,3000.0,11306400.0
980,2021-10-01 14:20:55,27150.0,1000.0,11303400.0
981,2021-10-01 14:20:55,27150.0,200.0,11302400.0
982,2021-10-01 14:20:55,27150.0,100.0,11302200.0
983,2021-10-01 14:20:55,27150.0,200.0,11302100.0
984,2021-10-01 14:20:55,27150.0,500.0,11301900.0
985,2021-10-01 14:20:55,27150.0,100.0,11301400.0
986,2021-10-01 14:20:55,27150.0,300.0,11301300.0
987,2021-10-01 14:20:55,27150.0,300.0,11301000.0
988,2021-10-01 14:20:55,27150.0,100.0,11300700.0
989,2021-10-01 14:20:55,27150.0,100.0,11300600.0
990,2021-10-01 14:20:55,27150.0,1000.0,11300500.0
991,2021-10-01 14:20:55,27150.0,300.0,11299500.0
992,2021-10-01 14:20:55,27150.0,500.0,11299200.0
993,2021-10-01 14:20:55,27150.0,100.0,11298700.0
994,2021-10-01 14:20:55,27150.0,400.0,11298600.0
995,2021-10-01 14:20:55,27150.0,500.0,11298200.0
996,2021-10-01 14:20:55,27150.0,300.0,11297700.0
997,2021-10-01 14:20:55,27150.0,200.0,11297400.0
998,2021-10-01 14:20:55,27150.0,300.0,11297200.0
999,2021-10-01 14:20:55,27150.0,100.0,11296900.0
1000,2021-10-01 14:20:55,27150.0,400.0,11296800.0
1001,2021-10-01 14:20:55,27150.0,400.0,11296400.0
1002,2021-10-01 14:20:55,27150.0,800.0,11296000.0
1003,2021-10-01 14:20:55,27150.0,2000.0,11295200.0
1004,2021-10-01 14:20:55,27150.0,100.0,11293200.0
1005,2021-10-01 14:20:55,27150.0,100.0,11293100.0
1006,2021-10-01 14:20:55,27150.0,300.0,11293000.0
1007,2021-10-01 14:20:55,27150.0,100.0,11292700.0
1008,2021-10-01 14:20:55,27150.0,2000.0,11292600.0
1009,2021-10-01 14:20:55,27150.0,1400.0,11290600.0
1010,2021-10-01 14:20:55,27150.0,200.0,11289200.0
1011,2021-10-01 14:20:55,27150.0,2000.0,11289000.0
1012,2021-10-01 14:20:55,27150.0,300.0,11287000.0
1013,2021-10-01 14:20:55,27150.0,100.0,11286700.0
1014,2021-10-01 14:20:54,27150.0,200.0,11286600.0
1015,2021-10-01 14:20:54,27150.0,200.0,11286400.0
1016,2021-10-01 14:20:54,27150.0,100.0,11286200.0
1017,2021-10-01 14:20:54,27150.0,100.0,11286100.0
1018,2021-10-01 14:20:54,27150.0,100.0,11286000.0
1019,2021-10-01 14:20:53,27150.0,1900.0,11285900.0
1020,2021-10-01 14:20:53,27150.0,1600.0,11284000.0
1021,2021-10-01 14:20:51,27150.0,400.0,11282400.0
1022,2021-10-01 14:20:50,27200.0,100.0,11282000.0
1023,2021-10-01 14:20:49,27150.0,300.0,11281900.0
1024,2021-10-01 14:20:48,27150.0,100.0,11281600.0
1025,2021-10-01 14:20:45,27150.0,2700.0,11281500.0
1026,2021-10-01 14:20:44,27150.0,2000.0,11278800.0
1027,2021-10-01 14:20:43,27150.0,100.0,11276800.0
1028,2021-10-01 14:20:43,27150.0,10000.0,11276700.0
1029,2021-10-01 14:20:42,27150.0,900.0,11266700.0
1030,2021-10-01 14:20:38,27150.0,1000.0,11265800.0
1031,2021-10-01 14:20:36,27150.0,100.0,11264800.0
1032,2021-10-01 14:20:30,27150.0,30800.0,11264700.0
1033,2021-10-01 14:20:30,27150.0,200.0,11233900.0
1034,2021-10-01 14:20:30,27150.0,100.0,11233700.0
1035,2021-10-01 14:20:30,27150.0,200.0,11233600.0
1036,2021-10-01 14:20:30,27150.0,100.0,11233400.0
1037,2021-10-01 14:20:30,27150.0,100.0,11233300.0
1038,2021-10-01 14:20:30,27150.0,100.0,11233200.0
1039,2021-10-01 14:20:30,27150.0,100.0,11233100.0
1040,2021-10-01 14:20:30,27150.0,5000.0,11233000.0
1041,2021-10-01 14:20:30,27150.0,200.0,11228000.0
1042,2021-10-01 14:20:30,27150.0,100.0,11227800.0
1043,2021-10-01 14:20:30,27150.0,100.0,11227700.0
1044,2021-10-01 14:20:30,27150.0,100.0,11227600.0
1045,2021-10-01 14:20:30,27150.0,1000.0,11227500.0
1046,2021-10-01 14:20:30,27150.0,200.0,11226500.0
1047,2021-10-01 14:20:30,27150.0,100.0,11226300.0
1048,2021-10-01 14:20:30,27150.0,100.0,11226200.0
1049,2021-10-01 14:20:30,27150.0,400.0,11226100.0
1050,2021-10-01 14:20:30,27150.0,500.0,11225700.0
1051,2021-10-01 14:20:30,27150.0,100.0,11225200.0
1052,2021-10-01 14:20:30,27150.0,500.0,11225100.0
1053,2021-10-01 14:20:30,27150.0,500.0,11224600.0
1054,2021-10-01 14:20:30,27150.0,1000.0,11224100.0
1055,2021-10-01 14:20:30,27150.0,100.0,11223100.0
1056,2021-10-01 14:20:30,27150.0,100.0,11223000.0
1057,2021-10-01 14:20:30,27150.0,400.0,11222900.0
1058,2021-10-01 14:20:30,27150.0,1000.0,11222500.0
1059,2021-10-01 14:20:30,27150.0,1000.0,11221500.0
1060,2021-10-01 14:20:30,27150.0,500.0,11220500.0
1061,2021-10-01 14:20:30,27150.0,200.0,11220000.0
1062,2021-10-01 14:20:30,27150.0,300.0,11219800.0
1063,2021-10-01 14:20:30,27150.0,200.0,11219500.0
1064,2021-10-01 14:20:30,27150.0,1000.0,11219300.0
1065,2021-10-01 14:20:30,27150.0,200.0,11218300.0
1066,2021-10-01 14:20:30,27150.0,700.0,11218100.0
1067,2021-10-01 14:20:30,27150.0,1100.0,11217400.0
1068,2021-10-01 14:20:30,27150.0,100.0,11216300.0
1069,2021-10-01 14:20:30,27150.0,300.0,11216200.0
1070,2021-10-01 14:20:30,27150.0,100.0,11215900.0
1071,2021-10-01 14:20:30,27150.0,500.0,11215800.0
1072,2021-10-01 14:20:30,27150.0,100.0,11215300.0
1073,2021-10-01 14:20:30,27150.0,300.0,11215200.0
1074,2021-10-01 14:20:30,27150.0,200.0,11214900.0
1075,2021-10-01 14:20:30,27150.0,500.0,11214700.0
1076,2021-10-01 14:20:30,27150.0,500.0,11214200.0
1077,2021-10-01 14:20:30,27150.0,5000.0,11213700.0
1078,2021-10-01 14:20:30,27150.0,300.0,11208700.0
1079,2021-10-01 14:20:30,27150.0,100.0,11208400.0
1080,2021-10-01 14:20:30,27150.0,100.0,11208300.0
1081,2021-10-01 14:20:30,27150.0,100.0,11208200.0
1082,2021-10-01 14:20:30,27150.0,100.0,11208100.0
1083,2021-10-01 14:20:30,27150.0,100.0,11208000.0
1084,2021-10-01 14:20:30,27150.0,400.0,11207900.0
1085,2021-10-01 14:20:30,27150.0,600.0,11207500.0
1086,2021-10-01 14:20:30,27150.0,100.0,11206900.0
1087,2021-10-01 14:20:30,27150.0,100.0,11206800.0
1088,2021-10-01 14:20:30,27150.0,100.0,11206700.0
1089,2021-10-01 14:20:30,27150.0,100.0,11206600.0
1090,2021-10-01 14:20:30,27150.0,300.0,11206500.0
1091,2021-10-01 14:20:30,27150.0,100.0,11206200.0
1092,2021-10-01 14:20:30,27150.0,1100.0,11206100.0
1093,2021-10-01 14:20:30,27150.0,500.0,11205000.0
1094,2021-10-01 14:20:30,27150.0,300.0,11204500.0
1095,2021-10-01 14:20:30,27150.0,100.0,11204200.0
1096,2021-10-01 14:20:30,27150.0,100.0,11204100.0
1097,2021-10-01 14:20:30,27150.0,3000.0,11204000.0
1098,2021-10-01 14:20:30,27150.0,200.0,11201000.0
1099,2021-10-01 14:20:30,27150.0,500.0,11200800.0
1100,2021-10-01 14:20:30,27150.0,100.0,11200300.0
1101,2021-10-01 14:20:30,27150.0,500.0,11200200.0
1102,2021-10-01 14:20:30,27150.0,1000.0,11199700.0
1103,2021-10-01 14:20:30,27150.0,1700.0,11198700.0
1104,2021-10-01 14:20:30,27150.0,1300.0,11197000.0
1105,2021-10-01 14:20:30,27150.0,1000.0,11195700.0
1106,2021-10-01 14:20:30,27150.0,100.0,11194700.0
1107,2021-10-01 14:20:30,27150.0,200.0,11194600.0
1108,2021-10-01 14:20:30,27150.0,300.0,11194400.0
1109,2021-10-01 14:20:30,27150.0,300.0,11194100.0
1110,2021-10-01 14:20:30,27150.0,5000.0,11193800.0
1111,2021-10-01 14:20:30,27150.0,200.0,11188800.0
1112,2021-10-01 14:20:30,27150.0,100.0,11188600.0
1113,2021-10-01 14:20:30,27150.0,200.0,11188500.0
1114,2021-10-01 14:20:30,27150.0,20000.0,11188300.0
1115,2021-10-01 14:20:30,27150.0,1000.0,11168300.0
1116,2021-10-01 14:20:30,27150.0,200.0,11167300.0
1117,2021-10-01 14:20:30,27150.0,100.0,11167100.0
1118,2021-10-01 14:20:30,27150.0,100.0,11167000.0
1119,2021-10-01 14:20:30,27150.0,500.0,11166900.0
1120,2021-10-01 14:20:30,27150.0,1700.0,11166400.0
1121,2021-10-01 14:20:29,27150.0,800.0,11164700.0
1122,2021-10-01 14:20:28,27150.0,100.0,11163900.0
1123,2021-10-01 14:20:28,27150.0,700.0,11163800.0
1124,2021-10-01 14:20:24,27150.0,300.0,11163100.0
1125,2021-10-01 14:20:23,27150.0,2100.0,11162800.0
1126,2021-10-01 14:20:21,27150.0,500.0,11160700.0
1127,2021-10-01 14:20:19,27150.0,300.0,11160200.0
1128,2021-10-01 14:20:18,27150.0,3000.0,11159900.0
1129,2021-10-01 14:20:18,27150.0,500.0,11156900.0
1130,2021-10-01 14:20:18,27150.0,100.0,11156400.0
1131,2021-10-01 14:20:18,27150.0,100.0,11156300.0
1132,2021-10-01 14:20:18,27150.0,200.0,11156200.0
1133,2021-10-01 14:20:14,27150.0,100.0,11156000.0
1134,2021-10-01 14:20:14,27150.0,25100.0,11155900.0
1135,2021-10-01 14:20:14,27150.0,6200.0,11130800.0
1136,2021-10-01 14:20:11,27200.0,100.0,11124600.0
1137,2021-10-01 14:20:04,27150.0,800.0,11124500.0
1138,2021-10-01 14:20:00,27200.0,1600.0,11123700.0
1139,2021-10-01 14:19:53,27150.0,17900.0,11122100.0
1140,2021-10-01 14:19:53,27150.0,100.0,11104200.0
1141,2021-10-01 14:19:53,27150.0,100.0,11104100.0
1142,2021-10-01 14:19:53,27150.0,100.0,11104000.0
1143,2021-10-01 14:19:53,27150.0,100.0,11103900.0
1144,2021-10-01 14:19:53,27150.0,300.0,11103800.0
1145,2021-10-01 14:19:53,27150.0,200.0,11103500.0
1146,2021-10-01 14:19:53,27150.0,100.0,11103300.0
1147,2021-10-01 14:19:53,27150.0,300.0,11103200.0
1148,2021-10-01 14:19:53,27150.0,200.0,11102900.0
1149,2021-10-01 14:19:53,27150.0,100.0,11102700.0
1150,2021-10-01 14:19:53,27150.0,200.0,11102600.0
1151,2021-10-01 14:19:53,27150.0,200.0,11102400.0
1152,2021-10-01 14:19:53,27150.0,200.0,11102200.0
1153,2021-10-01 14:19:53,27150.0,500.0,11102000.0
1154,2021-10-01 14:19:53,27150.0,100.0,11101500.0
1155,2021-10-01 14:19:53,27150.0,100.0,11101400.0
1156,2021-10-01 14:19:53,27150.0,300.0,11101300.0
1157,2021-10-01 14:19:53,27150.0,8000.0,11101000.0
1158,2021-10-01 14:19:53,27150.0,100.0,11093000.0
1159,2021-10-01 14:19:53,27150.0,200.0,11092900.0
1160,2021-10-01 14:19:53,27150.0,1000.0,11092700.0
1161,2021-10-01 14:19:53,27150.0,200.0,11091700.0
1162,2021-10-01 14:19:53,27150.0,100.0,11091500.0
1163,2021-10-01 14:19:53,27150.0,100.0,11091400.0
1164,2021-10-01 14:19:53,27150.0,100.0,11091300.0
1165,2021-10-01 14:19:53,27150.0,100.0,11091200.0
1166,2021-10-01 14:19:53,27150.0,100.0,11091100.0
1167,2021-10-01 14:19:53,27150.0,200.0,11091000.0
1168,2021-10-01 14:19:53,27150.0,1000.0,11090800.0
1169,2021-10-01 14:19:53,27150.0,100.0,11089800.0
1170,2021-10-01 14:19:53,27150.0,300.0,11089700.0
1171,2021-10-01 14:19:53,27150.0,200.0,11089400.0
1172,2021-10-01 14:19:53,27150.0,100.0,11089200.0
1173,2021-10-01 14:19:53,27150.0,1000.0,11089100.0
1174,2021-10-01 14:19:53,27150.0,15000.0,11088100.0
1175,2021-10-01 14:19:53,27150.0,1000.0,11073100.0
1176,2021-10-01 14:19:52,27200.0,100.0,11072100.0
1177,2021-10-01 14:19:52,27200.0,500.0,11072000.0
1178,2021-10-01 14:19:50,27150.0,900.0,11071500.0
1179,2021-10-01 14:19:48,27200.0,100.0,11070600.0
1180,2021-10-01 14:19:38,27200.0,100.0,11070500.0
1181,2021-10-01 14:19:36,27150.0,800.0,11070400.0
1182,2021-10-01 14:19:35,27150.0,800.0,11069600.0
1183,2021-10-01 14:19:35,27150.0,100.0,11068800.0
1184,2021-10-01 14:19:35,27150.0,100.0,11068700.0
1185,2021-10-01 14:19:29,27200.0,100.0,11068600.0
1186,2021-10-01 14:19:26,27150.0,1900.0,11068500.0
1187,2021-10-01 14:19:26,27150.0,100.0,11066600.0
1188,2021-10-01 14:19:23,27150.0,100.0,11066500.0
1189,2021-10-01 14:19:23,27150.0,1000.0,11066400.0
1190,2021-10-01 14:19:21,27200.0,300.0,11065400.0
1191,2021-10-01 14:19:21,27200.0,200.0,11065100.0
1192,2021-10-01 14:19:20,27150.0,600.0,11064900.0
1193,2021-10-01 14:19:18,27150.0,100.0,11064300.0
1194,2021-10-01 14:19:07,27150.0,600.0,11064200.0
1195,2021-10-01 14:19:05,27200.0,100.0,11063600.0
1196,2021-10-01 14:19:02,27200.0,200.0,11063500.0
1197,2021-10-01 14:19:02,27200.0,100.0,11063300.0
1198,2021-10-01 14:19:02,27200.0,700.0,11063200.0
1199,2021-10-01 14:18:58,27200.0,500.0,11062500.0
1200,2021-10-01 14:18:57,27150.0,900.0,11062000.0
1201,2021-10-01 14:18:48,27150.0,200.0,11061100.0
1202,2021-10-01 14:18:46,27150.0,800.0,11060900.0
1203,2021-10-01 14:18:46,27150.0,100.0,11060100.0
1204,2021-10-01 14:18:46,27150.0,200.0,11060000.0
1205,2021-10-01 14:18:46,27150.0,100.0,11059800.0
1206,2021-10-01 14:18:46,27150.0,1500.0,11059700.0
1207,2021-10-01 14:18:46,27150.0,100.0,11058200.0
1208,2021-10-01 14:18:46,27150.0,200.0,11058100.0
1209,2021-10-01 14:18:46,27150.0,100.0,11057900.0
1210,2021-10-01 14:18:46,27150.0,200.0,11057800.0
1211,2021-10-01 14:18:46,27150.0,100.0,11057600.0
1212,2021-10-01 14:18:46,27150.0,200.0,11057500.0
1213,2021-10-01 14:18:46,27150.0,100.0,11057300.0
1214,2021-10-01 14:18:46,27150.0,1000.0,11057200.0
1215,2021-10-01 14:18:46,27150.0,100.0,11056200.0
1216,2021-10-01 14:18:46,27150.0,300.0,11056100.0
1217,2021-10-01 14:18:46,27150.0,300.0,11055800.0
1218,2021-10-01 14:18:43,27150.0,1000.0,11055500.0
1219,2021-10-01 14:18:36,27200.0,1500.0,11054500.0
1220,2021-10-01 14:18:35,27150.0,700.0,11053000.0
1221,2021-10-01 14:18:35,27150.0,5000.0,11052300.0
1222,2021-10-01 14:18:35,27150.0,100.0,11047300.0
1223,2021-10-01 14:18:35,27150.0,400.0,11047200.0
1224,2021-10-01 14:18:35,27150.0,500.0,11046800.0
1225,2021-10-01 14:18:35,27150.0,100.0,11046300.0
1226,2021-10-01 14:18:35,27150.0,100.0,11046200.0
1227,2021-10-01 14:18:35,27150.0,100.0,11046100.0
1228,2021-10-01 14:18:35,27150.0,100.0,11046000.0
1229,2021-10-01 14:18:35,27150.0,100.0,11045900.0
1230,2021-10-01 14:18:35,27150.0,100.0,11045800.0
1231,2021-10-01 14:18:35,27150.0,100.0,11045700.0
1232,2021-10-01 14:18:35,27150.0,3000.0,11045600.0
1233,2021-10-01 14:18:35,27150.0,100.0,11042600.0
1234,2021-10-01 14:18:35,27150.0,100.0,11042500.0
1235,2021-10-01 14:18:35,27150.0,3000.0,11042400.0
1236,2021-10-01 14:18:35,27150.0,200.0,11039400.0
1237,2021-10-01 14:18:35,27150.0,100.0,11039200.0
1238,2021-10-01 14:18:35,27150.0,100.0,11039100.0
1239,2021-10-01 14:18:35,27150.0,100.0,11039000.0
1240,2021-10-01 14:18:35,27150.0,3900.0,11038900.0
1241,2021-10-01 14:18:35,27150.0,200.0,11035000.0
1242,2021-10-01 14:18:35,27150.0,1800.0,11034800.0
1243,2021-10-01 14:18:35,27150.0,1000.0,11033000.0
1244,2021-10-01 14:18:35,27150.0,300.0,11032000.0
1245,2021-10-01 14:18:32,27150.0,200.0,11031700.0
1246,2021-10-01 14:18:29,27150.0,100.0,11031500.0
1247,2021-10-01 14:18:27,27150.0,700.0,11031400.0
1248,2021-10-01 14:18:27,27150.0,200.0,11030700.0
1249,2021-10-01 14:18:27,27150.0,200.0,11030500.0
1250,2021-10-01 14:18:27,27150.0,100.0,11030300.0
1251,2021-10-01 14:18:27,27150.0,100.0,11030200.0
1252,2021-10-01 14:18:27,27150.0,100.0,11030100.0
1253,2021-10-01 14:18:27,27150.0,100.0,11030000.0
1254,2021-10-01 14:18:27,27150.0,100.0,11029900.0
1255,2021-10-01 14:18:27,27150.0,100.0,11029800.0
1256,2021-10-01 14:18:19,27150.0,100.0,11029700.0
1257,2021-10-01 14:18:16,27150.0,800.0,11029600.0
1258,2021-10-01 14:18:16,27200.0,100.0,11028800.0
1259,2021-10-01 14:18:14,27200.0,400.0,11028700.0
1260,2021-10-01 14:18:14,27200.0,100.0,11028300.0
1261,2021-10-01 14:18:11,27150.0,1000.0,11028200.0
1262,2021-10-01 14:18:03,27150.0,100.0,11027200.0
1263,2021-10-01 14:18:03,27150.0,200.0,11027100.0
1264,2021-10-01 14:18:03,27150.0,600.0,11026900.0
1265,2021-10-01 14:18:02,27150.0,400.0,11026300.0
1266,2021-10-01 14:18:02,27150.0,100.0,11025900.0
1267,2021-10-01 14:18:02,27150.0,100.0,11025800.0
1268,2021-10-01 14:18:02,27150.0,100.0,11025700.0
1269,2021-10-01 14:18:02,27150.0,300.0,11025600.0
1270,2021-10-01 14:18:00,27200.0,100.0,11025300.0
1271,2021-10-01 14:18:00,27200.0,1000.0,11025200.0
1272,2021-10-01 14:17:51,27200.0,100.0,11024200.0
1273,2021-10-01 14:17:42,27200.0,500.0,11024100.0
1274,2021-10-01 14:17:36,27200.0,100.0,11023600.0
1275,2021-10-01 14:17:36,27150.0,700.0,11023500.0
1276,2021-10-01 14:17:30,27200.0,200.0,11022800.0
1277,2021-10-01 14:17:30,27200.0,700.0,11022600.0
1278,2021-10-01 14:17:29,27200.0,300.0,11021900.0
1279,2021-10-01 14:17:28,27200.0,1300.0,11021600.0
1280,2021-10-01 14:17:28,27200.0,2700.0,11020300.0
1281,2021-10-01 14:17:27,27200.0,100.0,11017600.0
1282,2021-10-01 14:17:26,27200.0,7200.0,11017500.0
1283,2021-10-01 14:17:25,27200.0,4000.0,11010300.0
1284,2021-10-01 14:17:25,27200.0,1000.0,11006300.0
1285,2021-10-01 14:17:25,27200.0,200.0,11005300.0
1286,2021-10-01 14:17:25,27200.0,700.0,11005100.0
1287,2021-10-01 14:17:25,27200.0,200.0,11004400.0
1288,2021-10-01 14:17:25,27200.0,500.0,11004200.0
1289,2021-10-01 14:17:25,27200.0,1000.0,11003700.0
1290,2021-10-01 14:17:25,27200.0,100.0,11002700.0
1291,2021-10-01 14:17:25,27200.0,100.0,11002600.0
1292,2021-10-01 14:17:25,27200.0,100.0,11002500.0
1293,2021-10-01 14:17:25,27200.0,400.0,11002400.0
1294,2021-10-01 14:17:25,27200.0,200.0,11002000.0
1295,2021-10-01 14:17:25,27200.0,300.0,11001800.0
1296,2021-10-01 14:17:25,27200.0,1200.0,11001500.0
1297,2021-10-01 14:17:24,27200.0,800.0,11000300.0
1298,2021-10-01 14:17:18,27200.0,500.0,10999500.0
1299,2021-10-01 14:17:18,27200.0,200.0,10999000.0
1300,2021-10-01 14:17:18,27200.0,500.0,10998800.0
1301,2021-10-01 14:17:18,27200.0,200.0,10998300.0
1302,2021-10-01 14:17:18,27200.0,100.0,10998100.0
1303,2021-10-01 14:17:18,27200.0,3500.0,10998000.0
1304,2021-10-01 14:17:17,27200.0,1000.0,10994500.0
1305,2021-10-01 14:17:15,27250.0,1500.0,10993500.0
1306,2021-10-01 14:17:14,27200.0,1000.0,10992000.0
1307,2021-10-01 14:17:13,27200.0,1000.0,10991000.0
1308,2021-10-01 14:17:12,27200.0,7600.0,10990000.0
1309,2021-10-01 14:17:12,27200.0,1000.0,10982400.0
1310,2021-10-01 14:17:12,27200.0,500.0,10981400.0
1311,2021-10-01 14:17:12,27200.0,2000.0,10980900.0
1312,2021-10-01 14:17:12,27200.0,500.0,10978900.0
1313,2021-10-01 14:17:12,27200.0,500.0,10978400.0
1314,2021-10-01 14:17:12,27200.0,1000.0,10977900.0
1315,2021-10-01 14:17:12,27200.0,1000.0,10976900.0
1316,2021-10-01 14:17:12,27200.0,500.0,10975900.0
1317,2021-10-01 14:17:12,27200.0,1400.0,10975400.0
1318,2021-10-01 14:17:09,27250.0,300.0,10974000.0
1319,2021-10-01 14:17:05,27200.0,600.0,10973700.0
1320,2021-10-01 14:17:05,27200.0,200.0,10973100.0
1321,2021-10-01 14:17:05,27200.0,100.0,10972900.0
1322,2021-10-01 14:17:05,27200.0,200.0,10972800.0
1323,2021-10-01 14:17:05,27200.0,3000.0,10972600.0
1324,2021-10-01 14:17:05,27200.0,600.0,10969600.0
1325,2021-10-01 14:17:05,27200.0,100.0,10969000.0
1326,2021-10-01 14:17:05,27200.0,100.0,10968900.0
1327,2021-10-01 14:17:05,27200.0,100.0,10968800.0
1328,2021-10-01 14:17:04,27200.0,100.0,10968700.0
1329,2021-10-01 14:17:04,27200.0,200.0,10968600.0
1330,2021-10-01 14:17:04,27200.0,200.0,10968400.0
1331,2021-10-01 14:17:03,27200.0,500.0,10968200.0
1332,2021-10-01 14:17:02,27200.0,5000.0,10967700.0
1333,2021-10-01 14:17:00,27200.0,200.0,10962700.0
1334,2021-10-01 14:17:00,27200.0,200.0,10962500.0
1335,2021-10-01 14:16:59,27200.0,600.0,10962300.0
1336,2021-10-01 14:16:57,27200.0,200.0,10961700.0
1337,2021-10-01 14:16:57,27200.0,100.0,10961500.0
1338,2021-10-01 14:16:55,27200.0,400.0,10961400.0
1339,2021-10-01 14:16:55,27200.0,300.0,10961000.0
1340,2021-10-01 14:16:55,27200.0,100.0,10960700.0
1341,2021-10-01 14:16:55,27200.0,100.0,10960600.0
1342,2021-10-01 14:16:49,27200.0,1000.0,10960500.0
1343,2021-10-01 14:16:47,27200.0,800.0,10959500.0
1344,2021-10-01 14:16:43,27200.0,100.0,10958700.0
1345,2021-10-01 14:16:38,27200.0,200.0,10958600.0
1346,2021-10-01 14:16:38,27200.0,100.0,10958400.0
1347,2021-10-01 14:16:35,27200.0,400.0,10958300.0
1348,2021-10-01 14:16:35,27200.0,1000.0,10957900.0
1349,2021-10-01 14:16:35,27200.0,100.0,10956900.0
1350,2021-10-01 14:16:34,27200.0,800.0,10956800.0
1351,2021-10-01 14:16:33,27200.0,600.0,10956000.0
1352,2021-10-01 14:16:33,27200.0,1000.0,10955400.0
1353,2021-10-01 14:16:29,27200.0,1000.0,10954400.0
1354,2021-10-01 14:16:29,27200.0,100.0,10953400.0
1355,2021-10-01 14:16:29,27200.0,100.0,10953300.0
1356,2021-10-01 14:16:29,27200.0,100.0,10953200.0
1357,2021-10-01 14:16:29,27200.0,200.0,10953100.0
1358,2021-10-01 14:16:29,27200.0,100.0,10952900.0
1359,2021-10-01 14:16:29,27200.0,100.0,10952800.0
1360,2021-10-01 14:16:29,27200.0,800.0,10952700.0
1361,2021-10-01 14:16:21,27200.0,200.0,10951900.0
1362,2021-10-01 14:16:21,27200.0,500.0,10951700.0
1363,2021-10-01 14:16:20,27250.0,100.0,10951200.0
1364,2021-10-01 14:16:13,27200.0,100.0,10951100.0
1365,2021-10-01 14:16:13,27200.0,100.0,10951000.0
1366,2021-10-01 14:16:11,27200.0,400.0,10950900.0
1367,2021-10-01 14:16:11,27200.0,300.0,10950500.0
1368,2021-10-01 14:16:11,27200.0,200.0,10950200.0
1369,2021-10-01 14:16:08,27200.0,100.0,10950000.0
1370,2021-10-01 14:16:08,27200.0,100.0,10949900.0
1371,2021-10-01 14:16:08,27200.0,800.0,10949800.0
1372,2021-10-01 14:16:07,27200.0,200.0,10949000.0
1373,2021-10-01 14:16:07,27200.0,100.0,10948800.0
1374,2021-10-01 14:16:07,27200.0,100.0,10948700.0
1375,2021-10-01 14:16:07,27200.0,300.0,10948600.0
1376,2021-10-01 14:15:59,27200.0,200.0,10948300.0
1377,2021-10-01 14:15:59,27200.0,100.0,10948100.0
1378,2021-10-01 14:15:59,27200.0,200.0,10948000.0
1379,2021-10-01 14:15:59,27200.0,200.0,10947800.0
1380,2021-10-01 14:15:59,27200.0,4300.0,10947600.0
1381,2021-10-01 14:15:57,27200.0,900.0,10943300.0
1382,2021-10-01 14:15:53,27200.0,1500.0,10942400.0
1383,2021-10-01 14:15:52,27200.0,10000.0,10940900.0
1384,2021-10-01 14:15:51,27200.0,100.0,10930900.0
1385,2021-10-01 14:15:49,27200.0,300.0,10930800.0
1386,2021-10-01 14:15:48,27200.0,7000.0,10930500.0
1387,2021-10-01 14:15:47,27200.0,1000.0,10923500.0
1388,2021-10-01 14:15:46,27200.0,100.0,10922500.0
1389,2021-10-01 14:15:42,27200.0,300.0,10922400.0
1390,2021-10-01 14:15:42,27200.0,100.0,10922100.0
1391,2021-10-01 14:15:42,27200.0,200.0,10922000.0
1392,2021-10-01 14:15:42,27200.0,300.0,10921800.0
1393,2021-10-01 14:15:41,27200.0,200.0,10921500.0
1394,2021-10-01 14:15:41,27200.0,100.0,10921300.0
1395,2021-10-01 14:15:41,27200.0,600.0,10921200.0
1396,2021-10-01 14:15:41,27200.0,500.0,10920600.0
1397,2021-10-01 14:15:41,27200.0,100.0,10920100.0
1398,2021-10-01 14:15:39,27200.0,200.0,10920000.0
1399,2021-10-01 14:15:34,27200.0,100.0,10919800.0
1400,2021-10-01 14:15:29,27200.0,1500.0,10919700.0
1401,2021-10-01 14:15:29,27200.0,200.0,10918200.0
1402,2021-10-01 14:15:29,27200.0,1000.0,10918000.0
1403,2021-10-01 14:15:29,27200.0,1000.0,10917000.0
1404,2021-10-01 14:15:29,27200.0,200.0,10916000.0
1405,2021-10-01 14:15:29,27200.0,100.0,10915800.0
1406,2021-10-01 14:15:29,27200.0,200.0,10915700.0
1407,2021-10-01 14:15:29,27200.0,200.0,10915500.0
1408,2021-10-01 14:15:29,27200.0,100.0,10915300.0
1409,2021-10-01 14:15:29,27200.0,2000.0,10915200.0
1410,2021-10-01 14:15:29,27200.0,100.0,10913200.0
1411,2021-10-01 14:15:29,27200.0,100.0,10913100.0
1412,2021-10-01 14:15:29,27200.0,2000.0,10913000.0
1413,2021-10-01 14:15:29,27200.0,100.0,10911000.0
1414,2021-10-01 14:15:29,27200.0,100.0,10910900.0
1415,2021-10-01 14:15:29,27200.0,400.0,10910800.0
1416,2021-10-01 14:15:29,27200.0,200.0,10910400.0
1417,2021-10-01 14:15:29,27200.0,500.0,10910200.0
1418,2021-10-01 14:15:29,27200.0,200.0,10909700.0
1419,2021-10-01 14:15:29,27200.0,300.0,10909500.0
1420,2021-10-01 14:15:29,27200.0,5000.0,10909200.0
1421,2021-10-01 14:15:29,27200.0,100.0,10904200.0
1422,2021-10-01 14:15:29,27200.0,100.0,10904100.0
1423,2021-10-01 14:15:29,27200.0,1000.0,10904000.0
1424,2021-10-01 14:15:29,27200.0,4000.0,10903000.0
1425,2021-10-01 14:15:29,27200.0,300.0,10899000.0
1426,2021-10-01 14:15:29,27200.0,400.0,10898700.0
1427,2021-10-01 14:15:29,27200.0,100.0,10898300.0
1428,2021-10-01 14:15:29,27200.0,100.0,10898200.0
1429,2021-10-01 14:15:29,27200.0,1000.0,10898100.0
1430,2021-10-01 14:15:29,27200.0,400.0,10897100.0
1431,2021-10-01 14:15:29,27200.0,300.0,10896700.0
1432,2021-10-01 14:15:29,27200.0,1000.0,10896400.0
1433,2021-10-01 14:15:29,27200.0,200.0,10895400.0
1434,2021-10-01 14:15:29,27200.0,20000.0,10895200.0
1435,2021-10-01 14:15:29,27200.0,500.0,10875200.0
1436,2021-10-01 14:15:29,27200.0,1000.0,10874700.0
1437,2021-10-01 14:15:29,27200.0,100.0,10873700.0
1438,2021-10-01 14:15:29,27200.0,100.0,10873600.0
1439,2021-10-01 14:15:29,27200.0,500.0,10873500.0
1440,2021-10-01 14:15:29,27200.0,1100.0,10873000.0
1441,2021-10-01 14:15:29,27200.0,300.0,10871900.0
1442,2021-10-01 14:15:29,27200.0,300.0,10871600.0
1443,2021-10-01 14:15:29,27200.0,100.0,10871300.0
1444,2021-10-01 14:15:29,27200.0,100.0,10871200.0
1445,2021-10-01 14:15:29,27200.0,100.0,10871100.0
1446,2021-10-01 14:15:29,27200.0,100.0,10871000.0
1447,2021-10-01 14:15:29,27200.0,300.0,10870900.0
1448,2021-10-01 14:15:29,27200.0,100.0,10870600.0
1449,2021-10-01 14:15:29,27200.0,100.0,10870500.0
1450,2021-10-01 14:15:29,27200.0,400.0,10870400.0
1451,2021-10-01 14:15:29,27200.0,100.0,10870000.0
1452,2021-10-01 14:15:29,27200.0,100.0,10869900.0
1453,2021-10-01 14:15:29,27200.0,100.0,10869800.0
1454,2021-10-01 14:15:29,27200.0,200.0,10869700.0
1455,2021-10-01 14:15:29,27200.0,500.0,10869500.0
1456,2021-10-01 14:15:29,27200.0,100.0,10869000.0
1457,2021-10-01 14:15:29,27200.0,500.0,10868900.0
1458,2021-10-01 14:15:29,27200.0,100.0,10868400.0
1459,2021-10-01 14:15:29,27200.0,20000.0,10868300.0
1460,2021-10-01 14:15:29,27200.0,20000.0,10848300.0
1461,2021-10-01 14:15:29,27200.0,400.0,10828300.0
1462,2021-10-01 14:15:29,27200.0,1000.0,10827900.0
1463,2021-10-01 14:15:29,27200.0,100.0,10826900.0
1464,2021-10-01 14:15:29,27200.0,200.0,10826800.0
1465,2021-10-01 14:15:29,27200.0,100.0,10826600.0
1466,2021-10-01 14:15:29,27200.0,300.0,10826500.0
1467,2021-10-01 14:15:29,27200.0,1000.0,10826200.0
1468,2021-10-01 14:15:29,27200.0,100.0,10825200.0
1469,2021-10-01 14:15:29,27200.0,100.0,10825100.0
1470,2021-10-01 14:15:29,27200.0,1000.0,10825000.0
1471,2021-10-01 14:15:29,27200.0,300.0,10824000.0
1472,2021-10-01 14:15:29,27200.0,100.0,10823700.0
1473,2021-10-01 14:15:29,27200.0,500.0,10823600.0
1474,2021-10-01 14:15:29,27200.0,200.0,10823100.0
1475,2021-10-01 14:15:29,27200.0,1000.0,10822900.0
1476,2021-10-01 14:15:29,27200.0,1600.0,10821900.0
1477,2021-10-01 14:15:29,27200.0,400.0,10820300.0
1478,2021-10-01 14:15:29,27200.0,200.0,10819900.0
1479,2021-10-01 14:15:29,27200.0,100.0,10819700.0
1480,2021-10-01 14:15:28,27200.0,200.0,10819600.0
1481,2021-10-01 14:15:28,27200.0,100.0,10819400.0
1482,2021-10-01 14:15:28,27200.0,500.0,10819300.0
1483,2021-10-01 14:15:28,27200.0,1000.0,10818800.0
1484,2021-10-01 14:15:28,27200.0,200.0,10817800.0
1485,2021-10-01 14:15:28,27200.0,700.0,10817600.0
1486,2021-10-01 14:15:26,27200.0,100.0,10816900.0
1487,2021-10-01 14:15:26,27200.0,100.0,10816800.0
1488,2021-10-01 14:15:26,27200.0,300.0,10816700.0
1489,2021-10-01 14:15:26,27200.0,700.0,10816400.0
1490,2021-10-01 14:15:26,27200.0,500.0,10815700.0
1491,2021-10-01 14:15:26,27200.0,100.0,10815200.0
1492,2021-10-01 14:15:26,27200.0,1200.0,10815100.0
1493,2021-10-01 14:15:23,27200.0,2000.0,10813900.0
1494,2021-10-01 14:15:23,27200.0,300.0,10811900.0
1495,2021-10-01 14:15:18,27200.0,800.0,10811600.0
1496,2021-10-01 14:15:08,27200.0,700.0,10810800.0
1497,2021-10-01 14:15:08,27200.0,500.0,10810100.0
1498,2021-10-01 14:15:08,27200.0,300.0,10809600.0
1499,2021-10-01 14:15:08,27200.0,1000.0,10809300.0
1500,2021-10-01 14:15:07,27200.0,2000.0,10808300.0
1501,2021-10-01 14:15:07,27200.0,500.0,10806300.0
1502,2021-10-01 14:15:07,27200.0,200.0,10805800.0
1503,2021-10-01 14:15:07,27200.0,100.0,10805600.0
1504,2021-10-01 14:15:07,27200.0,200.0,10805500.0
1505,2021-10-01 14:15:04,27200.0,500.0,10805300.0
1506,2021-10-01 14:15:04,27200.0,200.0,10804800.0
1507,2021-10-01 14:15:04,27200.0,100.0,10804600.0
1508,2021-10-01 14:15:02,27200.0,100.0,10804500.0
1509,2021-10-01 14:15:02,27200.0,100.0,10804400.0
1510,2021-10-01 14:15:02,27200.0,500.0,10804300.0
1511,2021-10-01 14:15:02,27200.0,3300.0,10803800.0
1512,2021-10-01 14:14:58,27200.0,1000.0,10800500.0
1513,2021-10-01 14:14:56,27200.0,400.0,10799500.0
1514,2021-10-01 14:14:56,27250.0,3600.0,10799100.0
1515,2021-10-01 14:14:54,27200.0,500.0,10795500.0
1516,2021-10-01 14:14:53,27200.0,900.0,10795000.0
1517,2021-10-01 14:14:51,27200.0,3900.0,10794100.0
1518,2021-10-01 14:14:51,27200.0,100.0,10790200.0
1519,2021-10-01 14:14:51,27200.0,5000.0,10790100.0
1520,2021-10-01 14:14:51,27200.0,100.0,10785100.0
1521,2021-10-01 14:14:51,27200.0,100.0,10785000.0
1522,2021-10-01 14:14:51,27200.0,400.0,10784900.0
1523,2021-10-01 14:14:51,27200.0,200.0,10784500.0
1524,2021-10-01 14:14:51,27200.0,100.0,10784300.0
1525,2021-10-01 14:14:51,27200.0,200.0,10784200.0
1526,2021-10-01 14:14:51,27200.0,200.0,10784000.0
1527,2021-10-01 14:14:51,27200.0,100.0,10783800.0
1528,2021-10-01 14:14:51,27200.0,1000.0,10783700.0
1529,2021-10-01 14:14:51,27200.0,200.0,10782700.0
1530,2021-10-01 14:14:51,27200.0,100.0,10782500.0
1531,2021-10-01 14:14:51,27200.0,2000.0,10782400.0
1532,2021-10-01 14:14:51,27200.0,100.0,10780400.0
1533,2021-10-01 14:14:51,27200.0,100.0,10780300.0
1534,2021-10-01 14:14:51,27200.0,100.0,10780200.0
1535,2021-10-01 14:14:51,27200.0,200.0,10780100.0
1536,2021-10-01 14:14:51,27200.0,500.0,10779900.0
1537,2021-10-01 14:14:51,27200.0,2000.0,10779400.0
1538,2021-10-01 14:14:51,27200.0,200.0,10777400.0
1539,2021-10-01 14:14:51,27200.0,4100.0,10777200.0
1540,2021-10-01 14:14:39,27200.0,200.0,10773100.0
1541,2021-10-01 14:14:39,27200.0,500.0,10772900.0
1542,2021-10-01 14:14:38,27200.0,700.0,10772400.0
1543,2021-10-01 14:14:31,27250.0,2000.0,10771700.0
1544,2021-10-01 14:14:30,27200.0,1800.0,10769700.0
1545,2021-10-01 14:14:27,27250.0,100.0,10767900.0
1546,2021-10-01 14:14:27,27200.0,1100.0,10767800.0
1547,2021-10-01 14:14:27,27250.0,200.0,10766700.0
1548,2021-10-01 14:14:23,27200.0,4800.0,10766500.0
1549,2021-10-01 14:14:17,27200.0,100.0,10761700.0
1550,2021-10-01 14:14:15,27200.0,500.0,10761600.0
1551,2021-10-01 14:14:11,27200.0,800.0,10761100.0
1552,2021-10-01 14:14:08,27200.0,10000.0,10760300.0
1553,2021-10-01 14:14:07,27200.0,1600.0,10750300.0
1554,2021-10-01 14:14:05,27250.0,100.0,10748700.0
1555,2021-10-01 14:14:05,27250.0,5000.0,10748600.0
1556,2021-10-01 14:14:05,27200.0,500.0,10743600.0
1557,2021-10-01 14:14:01,27200.0,1500.0,10743100.0
1558,2021-10-01 14:13:58,27200.0,900.0,10741600.0
1559,2021-10-01 14:13:53,27200.0,500.0,10740700.0
1560,2021-10-01 14:13:47,27200.0,400.0,10740200.0
1561,2021-10-01 14:13:47,27200.0,1600.0,10739800.0
1562,2021-10-01 14:13:43,27200.0,1000.0,10738200.0
1563,2021-10-01 14:13:28,27200.0,800.0,10737200.0
1564,2021-10-01 14:13:27,27200.0,1500.0,10736400.0
1565,2021-10-01 14:13:26,27200.0,2400.0,10734900.0
1566,2021-10-01 14:13:25,27250.0,1000.0,10732500.0
1567,2021-10-01 14:13:15,27200.0,800.0,10731500.0
1568,2021-10-01 14:13:15,27200.0,100.0,10730700.0
1569,2021-10-01 14:13:02,27200.0,800.0,10730600.0
1570,2021-10-01 14:12:50,27200.0,1000.0,10729800.0
1571,2021-10-01 14:12:46,27250.0,200.0,10728800.0
1572,2021-10-01 14:12:46,27250.0,700.0,10728600.0
1573,2021-10-01 14:12:36,27250.0,500.0,10727900.0
1574,2021-10-01 14:12:36,27200.0,600.0,10727400.0
1575,2021-10-01 14:12:34,27200.0,1100.0,10726800.0
1576,2021-10-01 14:12:27,27200.0,1800.0,10725700.0
1577,2021-10-01 14:12:27,27250.0,100.0,10723900.0
1578,2021-10-01 14:12:17,27200.0,900.0,10723800.0
1579,2021-10-01 14:12:16,27250.0,100.0,10722900.0
1580,2021-10-01 14:12:13,27250.0,100.0,10722800.0
1581,2021-10-01 14:12:03,27200.0,800.0,10722700.0
1582,2021-10-01 14:11:51,27200.0,100.0,10721900.0
1583,2021-10-01 14:11:50,27200.0,1000.0,10721800.0
1584,2021-10-01 14:11:43,27200.0,200.0,10720800.0
1585,2021-10-01 14:11:35,27200.0,1800.0,10720600.0
1586,2021-10-01 14:11:35,27250.0,1000.0,10718800.0
1587,2021-10-01 14:11:35,27200.0,800.0,10717800.0
1588,2021-10-01 14:11:30,27200.0,200.0,10717000.0
1589,2021-10-01 14:11:30,27250.0,300.0,10716800.0
1590,2021-10-01 14:11:26,27250.0,1500.0,10716500.0
1591,2021-10-01 14:11:21,27200.0,700.0,10715000.0
1592,2021-10-01 14:11:21,27200.0,100.0,10714300.0
1593,2021-10-01 14:11:18,27250.0,100.0,10714200.0
1594,2021-10-01 14:11:10,27250.0,1000.0,10714100.0
1595,2021-10-01 14:11:10,27200.0,900.0,10713100.0
1596,2021-10-01 14:11:08,27250.0,2000.0,10712200.0
1597,2021-10-01 14:11:08,27200.0,500.0,10710200.0
1598,2021-10-01 14:11:05,27200.0,200.0,10709700.0
1599,2021-10-01 14:11:03,27200.0,500.0,10709500.0
1600,2021-10-01 14:11:02,27200.0,200.0,10709000.0
1601,2021-10-01 14:10:56,27200.0,800.0,10708800.0
1602,2021-10-01 14:10:55,27200.0,100.0,10708000.0
1603,2021-10-01 14:10:50,27200.0,1700.0,10707900.0
1604,2021-10-01 14:10:50,27200.0,1000.0,10706200.0
1605,2021-10-01 14:10:50,27200.0,100.0,10705200.0
1606,2021-10-01 14:10:50,27200.0,500.0,10705100.0
1607,2021-10-01 14:10:50,27200.0,1000.0,10704600.0
1608,2021-10-01 14:10:50,27200.0,200.0,10703600.0
1609,2021-10-01 14:10:50,27200.0,500.0,10703400.0
1610,2021-10-01 14:10:43,27200.0,500.0,10702900.0
1611,2021-10-01 14:10:43,27200.0,300.0,10702400.0
1612,2021-10-01 14:10:41,27200.0,4700.0,10702100.0
1613,2021-10-01 14:10:41,27200.0,500.0,10697400.0
1614,2021-10-01 14:10:41,27200.0,100.0,10696900.0
1615,2021-10-01 14:10:41,27200.0,200.0,10696800.0
1616,2021-10-01 14:10:41,27200.0,1000.0,10696600.0
1617,2021-10-01 14:10:41,27200.0,200.0,10695600.0
1618,2021-10-01 14:10:41,27200.0,100.0,10695400.0
1619,2021-10-01 14:10:41,27200.0,600.0,10695300.0
1620,2021-10-01 14:10:41,27200.0,18100.0,10694700.0
1621,2021-10-01 14:10:40,27250.0,4100.0,10676600.0
1622,2021-10-01 14:10:30,27200.0,1000.0,10672500.0
1623,2021-10-01 14:10:28,27200.0,300.0,10671500.0
1624,2021-10-01 14:10:28,27250.0,1000.0,10671200.0
1625,2021-10-01 14:10:24,27200.0,400.0,10670200.0
1626,2021-10-01 14:10:23,27250.0,1000.0,10669800.0
1627,2021-10-01 14:10:16,27200.0,200.0,10668800.0
1628,2021-10-01 14:10:16,27200.0,2000.0,10668600.0
1629,2021-10-01 14:10:16,27200.0,100.0,10666600.0
1630,2021-10-01 14:10:15,27200.0,700.0,10666500.0
1631,2021-10-01 14:10:12,27250.0,100.0,10665800.0
1632,2021-10-01 14:10:11,27250.0,200.0,10665700.0
1633,2021-10-01 14:10:04,27200.0,1000.0,10665500.0
1634,2021-10-01 14:10:04,27200.0,1900.0,10664500.0
1635,2021-10-01 14:10:04,27200.0,400.0,10662600.0
1636,2021-10-01 14:10:04,27200.0,100.0,10662200.0
1637,2021-10-01 14:10:04,27200.0,600.0,10662100.0
1638,2021-10-01 14:10:04,27200.0,100.0,10661500.0
1639,2021-10-01 14:10:04,27200.0,200.0,10661400.0
1640,2021-10-01 14:10:04,27200.0,1000.0,10661200.0
1641,2021-10-01 14:10:04,27200.0,500.0,10660200.0
1642,2021-10-01 14:10:04,27200.0,200.0,10659700.0
1643,2021-10-01 14:10:04,27200.0,100.0,10659500.0
1644,2021-10-01 14:10:04,27200.0,100.0,10659400.0
1645,2021-10-01 14:10:04,27200.0,100.0,10659300.0
1646,2021-10-01 14:10:04,27200.0,200.0,10659200.0
1647,2021-10-01 14:10:04,27200.0,100.0,10659000.0
1648,2021-10-01 14:10:04,27200.0,400.0,10658900.0
1649,2021-10-01 14:10:04,27200.0,600.0,10658500.0
1650,2021-10-01 14:10:04,27200.0,500.0,10657900.0
1651,2021-10-01 14:10:04,27200.0,600.0,10657400.0
1652,2021-10-01 14:10:04,27200.0,100.0,10656800.0
1653,2021-10-01 14:10:04,27200.0,100.0,10656700.0
1654,2021-10-01 14:10:04,27200.0,100.0,10656600.0
1655,2021-10-01 14:10:04,27200.0,200.0,10656500.0
1656,2021-10-01 14:10:04,27200.0,100.0,10656300.0
1657,2021-10-01 14:10:04,27200.0,100.0,10656200.0
1658,2021-10-01 14:10:04,27200.0,400.0,10656100.0
1659,2021-10-01 14:10:04,27200.0,100.0,10655700.0
1660,2021-10-01 14:10:04,27200.0,1000.0,10655600.0
1661,2021-10-01 14:10:04,27200.0,200.0,10654600.0
1662,2021-10-01 14:10:04,27200.0,300.0,10654400.0
1663,2021-10-01 14:10:04,27200.0,1700.0,10654100.0
1664,2021-10-01 14:10:04,27200.0,200.0,10652400.0
1665,2021-10-01 14:10:04,27200.0,100.0,10652200.0
1666,2021-10-01 14:10:04,27200.0,1000.0,10652100.0
1667,2021-10-01 14:10:04,27200.0,1000.0,10651100.0
1668,2021-10-01 14:10:04,27200.0,3000.0,10650100.0
1669,2021-10-01 14:10:04,27200.0,200.0,10647100.0
1670,2021-10-01 14:10:04,27200.0,200.0,10646900.0
1671,2021-10-01 14:10:04,27200.0,5000.0,10646700.0
1672,2021-10-01 14:10:04,27200.0,500.0,10641700.0
1673,2021-10-01 14:10:04,27200.0,2400.0,10641200.0
1674,2021-10-01 14:10:04,27200.0,100.0,10638800.0
1675,2021-10-01 14:10:04,27200.0,200.0,10638700.0
1676,2021-10-01 14:10:04,27200.0,1000.0,10638500.0
1677,2021-10-01 14:10:04,27200.0,100.0,10637500.0
1678,2021-10-01 14:10:04,27200.0,200.0,10637400.0
1679,2021-10-01 14:10:04,27200.0,200.0,10637200.0
1680,2021-10-01 14:10:04,27200.0,500.0,10637000.0
1681,2021-10-01 14:10:04,27200.0,100.0,10636500.0
1682,2021-10-01 14:10:04,27200.0,200.0,10636400.0
1683,2021-10-01 14:10:04,27200.0,1700.0,10636200.0
1684,2021-10-01 14:10:04,27250.0,100.0,10634500.0
1685,2021-10-01 14:09:49,27200.0,800.0,10634400.0
1686,2021-10-01 14:09:46,27250.0,200.0,10633600.0
1687,2021-10-01 14:09:46,27250.0,100.0,10633400.0
1688,2021-10-01 14:09:45,27250.0,100.0,10633300.0
1689,2021-10-01 14:09:43,27250.0,500.0,10633200.0
1690,2021-10-01 14:09:43,27250.0,700.0,10632700.0
1691,2021-10-01 14:09:39,27250.0,100.0,10632000.0
1692,2021-10-01 14:09:39,27250.0,100.0,10631900.0
1693,2021-10-01 14:09:36,27250.0,1000.0,10631800.0
1694,2021-10-01 14:09:35,27250.0,500.0,10630800.0
1695,2021-10-01 14:09:35,27250.0,300.0,10630300.0
1696,2021-10-01 14:09:33,27250.0,700.0,10630000.0
1697,2021-10-01 14:09:33,27250.0,2000.0,10629300.0
1698,2021-10-01 14:09:33,27250.0,200.0,10627300.0
1699,2021-10-01 14:09:33,27250.0,1400.0,10627100.0
1700,2021-10-01 14:09:33,27250.0,100.0,10625700.0
1701,2021-10-01 14:09:33,27250.0,100.0,10625600.0
1702,2021-10-01 14:09:33,27250.0,4000.0,10625500.0
1703,2021-10-01 14:09:33,27250.0,100.0,10621500.0
1704,2021-10-01 14:09:33,27250.0,1000.0,10621400.0
1705,2021-10-01 14:09:33,27250.0,200.0,10620400.0
1706,2021-10-01 14:09:33,27250.0,100.0,10620200.0
1707,2021-10-01 14:09:33,27250.0,100.0,10620100.0
1708,2021-10-01 14:09:33,27250.0,200.0,10620000.0
1709,2021-10-01 14:09:33,27250.0,100.0,10619800.0
1710,2021-10-01 14:09:33,27250.0,500.0,10619700.0
1711,2021-10-01 14:09:33,27250.0,1100.0,10619200.0
1712,2021-10-01 14:09:33,27250.0,400.0,10618100.0
1713,2021-10-01 14:09:27,27250.0,500.0,10617700.0
1714,2021-10-01 14:09:27,27250.0,500.0,10617200.0
1715,2021-10-01 14:09:23,27250.0,1000.0,10616700.0
1716,2021-10-01 14:09:08,27250.0,900.0,10615700.0
1717,2021-10-01 14:09:03,27250.0,900.0,10614800.0
1718,2021-10-01 14:09:02,27300.0,300.0,10613900.0
1719,2021-10-01 14:08:57,27250.0,500.0,10613600.0
1720,2021-10-01 14:08:55,27300.0,200.0,10613100.0
1721,2021-10-01 14:08:53,27250.0,1000.0,10612900.0
1722,2021-10-01 14:08:53,27300.0,600.0,10611900.0
1723,2021-10-01 14:08:53,27300.0,1400.0,10611300.0
1724,2021-10-01 14:08:52,27250.0,200.0,10609900.0
1725,2021-10-01 14:08:52,27250.0,1000.0,10609700.0
1726,2021-10-01 14:08:52,27250.0,1500.0,10608700.0
1727,2021-10-01 14:08:52,27250.0,100.0,10607200.0
1728,2021-10-01 14:08:52,27250.0,800.0,10607100.0
1729,2021-10-01 14:08:51,27250.0,200.0,10606300.0
1730,2021-10-01 14:08:49,27300.0,500.0,10606100.0
1731,2021-10-01 14:08:43,27300.0,100.0,10605600.0
1732,2021-10-01 14:08:41,27250.0,500.0,10605500.0
1733,2021-10-01 14:08:37,27300.0,1000.0,10605000.0
1734,2021-10-01 14:08:37,27250.0,700.0,10604000.0
1735,2021-10-01 14:08:36,27250.0,1000.0,10603300.0
1736,2021-10-01 14:08:34,27250.0,600.0,10602300.0
1737,2021-10-01 14:08:34,27250.0,100.0,10601700.0
1738,2021-10-01 14:08:34,27250.0,300.0,10601600.0
1739,2021-10-01 14:08:32,27250.0,100.0,10601300.0
1740,2021-10-01 14:08:32,27250.0,500.0,10601200.0
1741,2021-10-01 14:08:32,27250.0,300.0,10600700.0
1742,2021-10-01 14:08:29,27250.0,2700.0,10600400.0
1743,2021-10-01 14:08:29,27250.0,200.0,10597700.0
1744,2021-10-01 14:08:29,27250.0,600.0,10597500.0
1745,2021-10-01 14:08:29,27250.0,100.0,10596900.0
1746,2021-10-01 14:08:29,27250.0,600.0,10596800.0
1747,2021-10-01 14:08:29,27250.0,1000.0,10596200.0
1748,2021-10-01 14:08:29,27250.0,100.0,10595200.0
1749,2021-10-01 14:08:29,27250.0,100.0,10595100.0
1750,2021-10-01 14:08:29,27250.0,500.0,10595000.0
1751,2021-10-01 14:08:29,27250.0,100.0,10594500.0
1752,2021-10-01 14:08:29,27250.0,100.0,10594400.0
1753,2021-10-01 14:08:29,27250.0,200.0,10594300.0
1754,2021-10-01 14:08:29,27250.0,500.0,10594100.0
1755,2021-10-01 14:08:29,27250.0,100.0,10593600.0
1756,2021-10-01 14:08:29,27250.0,200.0,10593500.0
1757,2021-10-01 14:08:29,27250.0,1000.0,10593300.0
1758,2021-10-01 14:08:29,27250.0,100.0,10592300.0
1759,2021-10-01 14:08:29,27250.0,500.0,10592200.0
1760,2021-10-01 14:08:29,27250.0,3700.0,10591700.0
1761,2021-10-01 14:08:26,27250.0,800.0,10588000.0
1762,2021-10-01 14:08:24,27250.0,5500.0,10587200.0
1763,2021-10-01 14:08:24,27250.0,1000.0,10581700.0
1764,2021-10-01 14:08:24,27250.0,500.0,10580700.0
1765,2021-10-01 14:08:24,27250.0,1000.0,10580200.0
1766,2021-10-01 14:08:24,27250.0,200.0,10579200.0
1767,2021-10-01 14:08:24,27250.0,1000.0,10579000.0
1768,2021-10-01 14:08:24,27250.0,10800.0,10578000.0
1769,2021-10-01 14:08:23,27250.0,700.0,10567200.0
1770,2021-10-01 14:08:16,27250.0,3000.0,10566500.0
1771,2021-10-01 14:08:13,27250.0,1000.0,10563500.0
1772,2021-10-01 14:08:13,27250.0,700.0,10562500.0
1773,2021-10-01 14:08:03,27250.0,1000.0,10561800.0
1774,2021-10-01 14:08:02,27300.0,200.0,10560800.0
1775,2021-10-01 14:08:02,27300.0,1000.0,10560600.0
1776,2021-10-01 14:08:02,27300.0,500.0,10559600.0
1777,2021-10-01 14:08:02,27300.0,200.0,10559100.0
1778,2021-10-01 14:08:02,27300.0,400.0,10558900.0
1779,2021-10-01 14:07:49,27250.0,500.0,10558500.0
1780,2021-10-01 14:07:47,27250.0,800.0,10558000.0
1781,2021-10-01 14:07:39,27250.0,1500.0,10557200.0
1782,2021-10-01 14:07:39,27250.0,600.0,10555700.0
1783,2021-10-01 14:07:35,27250.0,400.0,10555100.0
1784,2021-10-01 14:07:35,27250.0,400.0,10554700.0
1785,2021-10-01 14:07:32,27250.0,1000.0,10554300.0
1786,2021-10-01 14:07:31,27250.0,1200.0,10553300.0
1787,2021-10-01 14:07:31,27250.0,300.0,10552100.0
1788,2021-10-01 14:07:31,27250.0,200.0,10551800.0
1789,2021-10-01 14:07:31,27250.0,100.0,10551600.0
1790,2021-10-01 14:07:31,27250.0,100.0,10551500.0
1791,2021-10-01 14:07:31,27250.0,1000.0,10551400.0
1792,2021-10-01 14:07:31,27250.0,100.0,10550400.0
1793,2021-10-01 14:07:31,27250.0,600.0,10550300.0
1794,2021-10-01 14:07:29,27250.0,400.0,10549700.0
1795,2021-10-01 14:07:29,27250.0,600.0,10549300.0
1796,2021-10-01 14:07:27,27300.0,100.0,10548700.0
1797,2021-10-01 14:07:22,27250.0,100.0,10548600.0
1798,2021-10-01 14:07:22,27250.0,100.0,10548500.0
1799,2021-10-01 14:07:22,27250.0,100.0,10548400.0
1800,2021-10-01 14:07:22,27250.0,200.0,10548300.0
1801,2021-10-01 14:07:22,27250.0,100.0,10548100.0
1802,2021-10-01 14:07:16,27250.0,100.0,10548000.0
1803,2021-10-01 14:07:12,27250.0,700.0,10547900.0
1804,2021-10-01 14:07:12,27250.0,100.0,10547200.0
1805,2021-10-01 14:07:09,27300.0,2000.0,10547100.0
1806,2021-10-01 14:07:06,27250.0,1800.0,10545100.0
1807,2021-10-01 14:07:06,27250.0,500.0,10543300.0
1808,2021-10-01 14:07:06,27250.0,200.0,10542800.0
1809,2021-10-01 14:07:06,27250.0,100.0,10542600.0
1810,2021-10-01 14:07:06,27250.0,400.0,10542500.0
1811,2021-10-01 14:07:06,27250.0,300.0,10542100.0
1812,2021-10-01 14:07:06,27250.0,500.0,10541800.0
1813,2021-10-01 14:07:06,27250.0,100.0,10541300.0
1814,2021-10-01 14:07:06,27250.0,1000.0,10541200.0
1815,2021-10-01 14:07:06,27250.0,100.0,10540200.0
1816,2021-10-01 14:07:04,27250.0,900.0,10540100.0
1817,2021-10-01 14:07:04,27250.0,2000.0,10539200.0
1818,2021-10-01 14:07:04,27250.0,100.0,10537200.0
1819,2021-10-01 14:07:04,27250.0,100.0,10537100.0
1820,2021-10-01 14:07:04,27250.0,100.0,10537000.0
1821,2021-10-01 14:07:04,27250.0,100.0,10536900.0
1822,2021-10-01 14:07:04,27250.0,800.0,10536800.0
1823,2021-10-01 14:07:04,27250.0,500.0,10536000.0
1824,2021-10-01 14:07:04,27250.0,500.0,10535500.0
1825,2021-10-01 14:07:04,27250.0,500.0,10535000.0
1826,2021-10-01 14:07:04,27250.0,100.0,10534500.0
1827,2021-10-01 14:07:04,27250.0,200.0,10534400.0
1828,2021-10-01 14:07:04,27250.0,2700.0,10534200.0
1829,2021-10-01 14:07:00,27250.0,300.0,10531500.0
1830,2021-10-01 14:07:00,27250.0,300.0,10531200.0
1831,2021-10-01 14:07:00,27250.0,200.0,10530900.0
1832,2021-10-01 14:06:59,27300.0,600.0,10530700.0
1833,2021-10-01 14:06:58,27250.0,100.0,10530100.0
1834,2021-10-01 14:06:52,27250.0,3000.0,10530000.0
1835,2021-10-01 14:06:47,27250.0,300.0,10527000.0
1836,2021-10-01 14:06:47,27250.0,100.0,10526700.0
1837,2021-10-01 14:06:47,27250.0,100.0,10526600.0
1838,2021-10-01 14:06:47,27250.0,200.0,10526500.0
1839,2021-10-01 14:06:47,27250.0,100.0,10526300.0
1840,2021-10-01 14:06:46,27250.0,300.0,10526200.0
1841,2021-10-01 14:06:40,27250.0,100.0,10525900.0
1842,2021-10-01 14:06:40,27250.0,600.0,10525800.0
1843,2021-10-01 14:06:40,27250.0,300.0,10525200.0
1844,2021-10-01 14:06:40,27250.0,300.0,10524900.0
1845,2021-10-01 14:06:40,27250.0,100.0,10524600.0
1846,2021-10-01 14:06:40,27250.0,400.0,10524500.0
1847,2021-10-01 14:06:40,27250.0,200.0,10524100.0
1848,2021-10-01 14:06:40,27250.0,100.0,10523900.0
1849,2021-10-01 14:06:40,27250.0,2900.0,10523800.0
1850,2021-10-01 14:06:40,27250.0,600.0,10520900.0
1851,2021-10-01 14:06:40,27250.0,100.0,10520300.0
1852,2021-10-01 14:06:40,27250.0,200.0,10520200.0
1853,2021-10-01 14:06:40,27250.0,200.0,10520000.0
1854,2021-10-01 14:06:40,27250.0,1300.0,10519800.0
1855,2021-10-01 14:06:37,27250.0,1600.0,10518500.0
1856,2021-10-01 14:06:35,27250.0,700.0,10516900.0
1857,2021-10-01 14:06:23,27250.0,1000.0,10516200.0
1858,2021-10-01 14:06:19,27300.0,1000.0,10515200.0
1859,2021-10-01 14:06:16,27250.0,400.0,10514200.0
1860,2021-10-01 14:06:09,27250.0,100.0,10513800.0
1861,2021-10-01 14:06:09,27250.0,600.0,10513700.0
1862,2021-10-01 14:06:08,27250.0,500.0,10513100.0
1863,2021-10-01 14:06:04,27250.0,100.0,10512600.0
1864,2021-10-01 14:06:01,27300.0,200.0,10512500.0
1865,2021-10-01 14:05:57,27250.0,900.0,10512300.0
1866,2021-10-01 14:05:54,27250.0,600.0,10511400.0
1867,2021-10-01 14:05:54,27250.0,500.0,10510800.0
1868,2021-10-01 14:05:46,27250.0,1100.0,10510300.0
1869,2021-10-01 14:05:44,27250.0,600.0,10509200.0
1870,2021-10-01 14:05:33,27250.0,100.0,10508600.0
1871,2021-10-01 14:05:33,27250.0,200.0,10508500.0
1872,2021-10-01 14:05:33,27250.0,500.0,10508300.0
1873,2021-10-01 14:05:33,27250.0,100.0,10507800.0
1874,2021-10-01 14:05:33,27250.0,100.0,10507700.0
1875,2021-10-01 14:05:33,27250.0,200.0,10507600.0
1876,2021-10-01 14:05:23,27250.0,1000.0,10507400.0
1877,2021-10-01 14:05:21,27250.0,1200.0,10506400.0
1878,2021-10-01 14:05:21,27250.0,500.0,10505200.0
1879,2021-10-01 14:05:18,27250.0,2000.0,10504700.0
1880,2021-10-01 14:05:15,27250.0,800.0,10502700.0
1881,2021-10-01 14:05:14,27250.0,300.0,10501900.0
1882,2021-10-01 14:05:09,27250.0,1500.0,10501600.0
1883,2021-10-01 14:05:08,27250.0,1200.0,10500100.0
1884,2021-10-01 14:05:07,27250.0,200.0,10498900.0
1885,2021-10-01 14:05:03,27250.0,1900.0,10498700.0
1886,2021-10-01 14:04:53,27250.0,200.0,10496800.0
1887,2021-10-01 14:04:49,27250.0,300.0,10496600.0
1888,2021-10-01 14:04:42,27250.0,300.0,10496300.0
1889,2021-10-01 14:04:35,27300.0,500.0,10496000.0
1890,2021-10-01 14:04:33,27250.0,800.0,10495500.0
1891,2021-10-01 14:04:24,27250.0,7200.0,10494700.0
1892,2021-10-01 14:04:22,27300.0,900.0,10487500.0
1893,2021-10-01 14:04:20,27250.0,800.0,10486600.0
1894,2021-10-01 14:04:18,27250.0,6300.0,10485800.0
1895,2021-10-01 14:04:18,27250.0,100.0,10479500.0
1896,2021-10-01 14:04:18,27250.0,2000.0,10479400.0
1897,2021-10-01 14:04:18,27250.0,200.0,10477400.0
1898,2021-10-01 14:04:18,27250.0,400.0,10477200.0
1899,2021-10-01 14:04:18,27250.0,500.0,10476800.0
1900,2021-10-01 14:04:18,27250.0,500.0,10476300.0
1901,2021-10-01 14:04:17,27300.0,5000.0,10475800.0
1902,2021-10-01 14:04:11,27300.0,500.0,10470800.0
1903,2021-10-01 14:04:08,27250.0,500.0,10470300.0
1904,2021-10-01 14:04:08,27250.0,100.0,10469800.0
1905,2021-10-01 14:04:08,27250.0,100.0,10469700.0
1906,2021-10-01 14:04:05,27300.0,100.0,10469600.0
1907,2021-10-01 14:04:00,27300.0,500.0,10469500.0
1908,2021-10-01 14:03:56,27250.0,100.0,10469000.0
1909,2021-10-01 14:03:56,27250.0,800.0,10468900.0
1910,2021-10-01 14:03:56,27300.0,1100.0,10468100.0
1911,2021-10-01 14:03:53,27300.0,1000.0,10467000.0
1912,2021-10-01 14:03:44,27300.0,500.0,10466000.0
1913,2021-10-01 14:03:43,27250.0,1000.0,10465500.0
1914,2021-10-01 14:03:43,27250.0,700.0,10464500.0
1915,2021-10-01 14:03:38,27250.0,1500.0,10463800.0
1916,2021-10-01 14:03:38,27250.0,500.0,10462300.0
1917,2021-10-01 14:03:31,27250.0,800.0,10461800.0
1918,2021-10-01 14:03:23,27250.0,100.0,10461000.0
1919,2021-10-01 14:03:20,27300.0,500.0,10460900.0
1920,2021-10-01 14:03:19,27250.0,600.0,10460400.0
1921,2021-10-01 14:03:19,27250.0,200.0,10459800.0
1922,2021-10-01 14:03:18,27300.0,100.0,10459600.0
1923,2021-10-01 14:03:15,27300.0,2900.0,10459500.0
1924,2021-10-01 14:03:06,27250.0,100.0,10456600.0
1925,2021-10-01 14:03:06,27250.0,800.0,10456500.0
1926,2021-10-01 14:03:05,27300.0,300.0,10455700.0
1927,2021-10-01 14:03:00,27250.0,100.0,10455400.0
1928,2021-10-01 14:02:56,27300.0,900.0,10455300.0
1929,2021-10-01 14:02:52,27250.0,700.0,10454400.0
1930,2021-10-01 14:02:46,27300.0,100.0,10453700.0
1931,2021-10-01 14:02:46,27300.0,300.0,10453600.0
1932,2021-10-01 14:02:46,27300.0,200.0,10453300.0
1933,2021-10-01 14:02:46,27300.0,200.0,10453100.0
1934,2021-10-01 14:02:43,27300.0,100.0,10452900.0
1935,2021-10-01 14:02:42,27250.0,700.0,10452800.0
1936,2021-10-01 14:02:33,27300.0,700.0,10452100.0
1937,2021-10-01 14:02:33,27300.0,800.0,10451400.0
1938,2021-10-01 14:02:23,27300.0,4200.0,10450600.0
1939,2021-10-01 14:02:23,27300.0,400.0,10446400.0
1940,2021-10-01 14:02:23,27300.0,1000.0,10446000.0
1941,2021-10-01 14:02:23,27300.0,1000.0,10445000.0
1942,2021-10-01 14:02:23,27300.0,100.0,10444000.0
1943,2021-10-01 14:02:23,27300.0,600.0,10443900.0
1944,2021-10-01 14:02:23,27300.0,700.0,10443300.0
1945,2021-10-01 14:02:23,27300.0,500.0,10442600.0
1946,2021-10-01 14:02:23,27300.0,700.0,10442100.0
1947,2021-10-01 14:02:23,27300.0,500.0,10441400.0
1948,2021-10-01 14:02:23,27300.0,200.0,10440900.0
1949,2021-10-01 14:02:23,27300.0,100.0,10440700.0
1950,2021-10-01 14:02:20,27250.0,1700.0,10440600.0
1951,2021-10-01 14:02:20,27250.0,1500.0,10438900.0
1952,2021-10-01 14:02:20,27250.0,1000.0,10437400.0
1953,2021-10-01 14:02:20,27250.0,200.0,10436400.0
1954,2021-10-01 14:02:16,27250.0,200.0,10436200.0
1955,2021-10-01 14:02:16,27250.0,500.0,10436000.0
1956,2021-10-01 14:02:11,27300.0,100.0,10435500.0
1957,2021-10-01 14:02:08,27250.0,500.0,10435400.0
1958,2021-10-01 14:02:08,27250.0,200.0,10434900.0
1959,2021-10-01 14:02:03,27250.0,800.0,10434700.0
1960,2021-10-01 14:02:02,27250.0,100.0,10433900.0
1961,2021-10-01 14:01:56,27250.0,100.0,10433800.0
1962,2021-10-01 14:01:54,27250.0,200.0,10433700.0
1963,2021-10-01 14:01:51,27250.0,300.0,10433500.0
1964,2021-10-01 14:01:51,27250.0,200.0,10433200.0
1965,2021-10-01 14:01:51,27250.0,100.0,10433000.0
1966,2021-10-01 14:01:51,27250.0,100.0,10432900.0
1967,2021-10-01 14:01:51,27250.0,100.0,10432800.0
1968,2021-10-01 14:01:51,27250.0,1000.0,10432700.0
1969,2021-10-01 14:01:51,27250.0,900.0,10431700.0
1970,2021-10-01 14:01:41,27250.0,2000.0,10430800.0
1971,2021-10-01 14:01:40,27250.0,900.0,10428800.0
1972,2021-10-01 14:01:31,27250.0,15000.0,10427900.0
1973,2021-10-01 14:01:27,27250.0,200.0,10412900.0
1974,2021-10-01 14:01:26,27250.0,700.0,10412700.0
1975,2021-10-01 14:01:15,27250.0,800.0,10412000.0
1976,2021-10-01 14:01:08,27300.0,100.0,10411200.0
1977,2021-10-01 14:01:02,27250.0,900.0,10411100.0
1978,2021-10-01 14:01:02,27300.0,800.0,10410200.0
1979,2021-10-01 14:01:02,27300.0,300.0,10409400.0
1980,2021-10-01 14:01:02,27300.0,500.0,10409100.0
1981,2021-10-01 14:01:02,27300.0,400.0,10408600.0
1982,2021-10-01 14:00:48,27250.0,1000.0,10408200.0
1983,2021-10-01 14:00:44,27250.0,300.0,10407200.0
1984,2021-10-01 14:00:42,27300.0,100.0,10406900.0
1985,2021-10-01 14:00:32,27250.0,1000.0,10406800.0
1986,2021-10-01 14:00:30,27250.0,200.0,10405800.0
1987,2021-10-01 14:00:28,27300.0,500.0,10405600.0
1988,2021-10-01 14:00:28,27300.0,3500.0,10405100.0
1989,2021-10-01 14:00:23,27250.0,2600.0,10401600.0
1990,2021-10-01 14:00:17,27250.0,900.0,10399000.0
1991,2021-10-01 14:00:03,27250.0,1000.0,10398100.0
1992,2021-10-01 14:00:02,27250.0,800.0,10397100.0
1993,2021-10-01 14:00:01,27250.0,300.0,10396300.0
1994,2021-10-01 13:59:57,27300.0,100.0,10396000.0
1995,2021-10-01 13:59:54,27250.0,300.0,10395900.0
1996,2021-10-01 13:59:50,27250.0,800.0,10395600.0
1997,2021-10-01 13:59:49,27300.0,2400.0,10394800.0
1998,2021-10-01 13:59:49,27300.0,200.0,10392400.0
1999,2021-10-01 13:59:49,27300.0,4500.0,10392200.0
2000,2021-10-01 13:59:49,27300.0,500.0,10387700.0
2001,2021-10-01 13:59:49,27300.0,2000.0,10387200.0
2002,2021-10-01 13:59:49,27300.0,400.0,10385200.0
2003,2021-10-01 13:59:39,27300.0,100.0,10384800.0
2004,2021-10-01 13:59:38,27250.0,800.0,10384700.0
2005,2021-10-01 13:59:33,27300.0,500.0,10383900.0
2006,2021-10-01 13:59:33,27300.0,1500.0,10383400.0
2007,2021-10-01 13:59:28,27300.0,800.0,10381900.0
2008,2021-10-01 13:59:25,27250.0,800.0,10381100.0
2009,2021-10-01 13:59:25,27250.0,300.0,10380300.0
2010,2021-10-01 13:59:19,27300.0,200.0,10380000.0
