,Time,Price,Volume_per_trade,Volume
0,2021-09-30 14:45:01,7220.0,400.0,4411600.0
1,2021-09-30 14:45:01,7220.0,17100.0,4411200.0
2,2021-09-30 14:45:01,7220.0,2000.0,4394100.0
3,2021-09-30 14:45:01,7220.0,3000.0,4392100.0
4,2021-09-30 14:45:01,7220.0,100.0,4389100.0
5,2021-09-30 14:45:01,7220.0,3000.0,4389000.0
6,2021-09-30 14:45:01,7220.0,2500.0,4386000.0
7,2021-09-30 14:45:01,7220.0,500.0,4383500.0
8,2021-09-30 14:45:01,7220.0,100.0,4383000.0
9,2021-09-30 14:45:01,7220.0,8000.0,4382900.0
10,2021-09-30 14:45:01,7220.0,1600.0,4374900.0
11,2021-09-30 14:45:01,7220.0,2000.0,4373300.0
12,2021-09-30 14:45:01,7220.0,5000.0,4371300.0
13,2021-09-30 14:45:01,7220.0,1000.0,4366300.0
14,2021-09-30 14:45:01,7220.0,1000.0,4365300.0
15,2021-09-30 14:45:01,7220.0,500.0,4364300.0
16,2021-09-30 14:45:01,7220.0,300.0,4363800.0
17,2021-09-30 14:45:01,7220.0,10000.0,4363500.0
18,2021-09-30 14:45:01,7220.0,15000.0,4353500.0
19,2021-09-30 14:45:01,7220.0,10000.0,4338500.0
20,2021-09-30 14:45:01,7220.0,10000.0,4328500.0
21,2021-09-30 14:45:01,7220.0,10000.0,4318500.0
22,2021-09-30 14:45:01,7220.0,500.0,4308500.0
23,2021-09-30 14:45:01,7220.0,4300.0,4308000.0
24,2021-09-30 14:45:01,7220.0,500.0,4303700.0
25,2021-09-30 14:45:01,7220.0,400.0,4303200.0
26,2021-09-30 14:45:01,7220.0,100.0,4302800.0
27,2021-09-30 14:45:01,7220.0,4700.0,4302700.0
28,2021-09-30 14:45:01,7220.0,900.0,4298000.0
29,2021-09-30 14:45:01,7220.0,100.0,4297100.0
30,2021-09-30 14:45:01,7220.0,500.0,4297000.0
31,2021-09-30 14:45:01,7220.0,5200.0,4296500.0
32,2021-09-30 14:45:01,7220.0,28600.0,4291300.0
33,2021-09-30 14:45:01,7220.0,5000.0,4262700.0
34,2021-09-30 14:45:01,7220.0,500.0,4257700.0
35,2021-09-30 14:45:01,7220.0,500.0,4257200.0
36,2021-09-30 14:45:01,7220.0,1000.0,4256700.0
37,2021-09-30 14:45:01,7220.0,5000.0,4255700.0
38,2021-09-30 14:45:01,7220.0,300.0,4250700.0
39,2021-09-30 14:45:01,7220.0,200.0,4250400.0
40,2021-09-30 14:45:01,7220.0,2000.0,4250200.0
41,2021-09-30 14:45:01,7220.0,100.0,4248200.0
42,2021-09-30 14:45:01,7220.0,4000.0,4248100.0
43,2021-09-30 14:45:01,7220.0,21000.0,4244100.0
44,2021-09-30 14:45:01,7220.0,5000.0,4223100.0
45,2021-09-30 14:45:01,7220.0,500.0,4218100.0
46,2021-09-30 14:45:01,7220.0,700.0,4217600.0
47,2021-09-30 14:45:01,7220.0,1900.0,4216900.0
48,2021-09-30 14:45:01,7220.0,100.0,4215000.0
49,2021-09-30 14:45:01,7220.0,1700.0,4214900.0
50,2021-09-30 14:45:01,7220.0,1900.0,4213200.0
51,2021-09-30 14:45:01,7220.0,500.0,4211300.0
52,2021-09-30 14:45:01,7220.0,500.0,4210800.0
53,2021-09-30 14:45:01,7220.0,3100.0,4210300.0
54,2021-09-30 14:45:01,7220.0,2900.0,4207200.0
55,2021-09-30 14:45:01,7220.0,100.0,4204300.0
56,2021-09-30 14:29:46,7190.0,400.0,4204200.0
57,2021-09-30 14:29:39,7200.0,300.0,4203800.0
58,2021-09-30 14:29:38,7200.0,500.0,4203500.0
59,2021-09-30 14:29:24,7200.0,200.0,4203000.0
60,2021-09-30 14:29:23,7200.0,100.0,4202800.0
61,2021-09-30 14:29:08,7200.0,100.0,4202700.0
62,2021-09-30 14:28:51,7200.0,700.0,4202600.0
63,2021-09-30 14:28:51,7200.0,800.0,4201900.0
64,2021-09-30 14:28:48,7200.0,300.0,4201100.0
65,2021-09-30 14:28:48,7200.0,100.0,4200800.0
66,2021-09-30 14:28:42,7200.0,1000.0,4200700.0
67,2021-09-30 14:28:37,7200.0,4000.0,4199700.0
68,2021-09-30 14:28:37,7200.0,4400.0,4195700.0
69,2021-09-30 14:28:37,7190.0,600.0,4191300.0
70,2021-09-30 14:28:32,7190.0,200.0,4190700.0
71,2021-09-30 14:28:28,7190.0,400.0,4190500.0
72,2021-09-30 14:28:27,7200.0,100.0,4190100.0
73,2021-09-30 14:28:23,7190.0,1100.0,4190000.0
74,2021-09-30 14:28:20,7190.0,500.0,4188900.0
75,2021-09-30 14:28:01,7200.0,500.0,4188400.0
76,2021-09-30 14:28:01,7200.0,500.0,4187900.0
77,2021-09-30 14:28:00,7180.0,100.0,4187400.0
78,2021-09-30 14:27:31,7190.0,100.0,4187300.0
79,2021-09-30 14:27:27,7200.0,200.0,4187200.0
80,2021-09-30 14:27:27,7200.0,100.0,4187000.0
81,2021-09-30 14:27:19,7200.0,1100.0,4186900.0
82,2021-09-30 14:27:19,7200.0,2000.0,4185800.0
83,2021-09-30 14:27:19,7200.0,800.0,4183800.0
84,2021-09-30 14:27:12,7200.0,200.0,4183000.0
85,2021-09-30 14:27:09,7200.0,800.0,4182800.0
86,2021-09-30 14:26:55,7200.0,100.0,4182000.0
87,2021-09-30 14:26:43,7200.0,100.0,4181900.0
88,2021-09-30 14:26:43,7200.0,800.0,4181800.0
89,2021-09-30 14:26:39,7200.0,100.0,4181000.0
90,2021-09-30 14:26:19,7200.0,300.0,4180900.0
91,2021-09-30 14:26:16,7200.0,100.0,4180600.0
92,2021-09-30 14:26:03,7200.0,48700.0,4180500.0
93,2021-09-30 14:25:50,7180.0,1300.0,4131800.0
94,2021-09-30 14:25:46,7180.0,100.0,4130500.0
95,2021-09-30 14:25:31,7180.0,100.0,4130400.0
96,2021-09-30 14:25:24,7180.0,1000.0,4130300.0
97,2021-09-30 14:25:13,7170.0,900.0,4129300.0
98,2021-09-30 14:25:13,7170.0,1100.0,4128400.0
99,2021-09-30 14:25:00,7180.0,20000.0,4127300.0
100,2021-09-30 14:25:00,7170.0,4900.0,4107300.0
101,2021-09-30 14:25:00,7170.0,100.0,4102400.0
102,2021-09-30 14:24:53,7170.0,3000.0,4102300.0
103,2021-09-30 14:24:53,7170.0,3100.0,4099300.0
104,2021-09-30 14:24:53,7170.0,3100.0,4096200.0
105,2021-09-30 14:24:53,7170.0,800.0,4093100.0
106,2021-09-30 14:24:51,7180.0,7000.0,4092300.0
107,2021-09-30 14:24:51,7180.0,100.0,4085300.0
108,2021-09-30 14:24:51,7180.0,26700.0,4085200.0
109,2021-09-30 14:24:51,7180.0,3000.0,4058500.0
110,2021-09-30 14:24:51,7180.0,600.0,4055500.0
111,2021-09-30 14:24:51,7180.0,1000.0,4054900.0
112,2021-09-30 14:24:51,7180.0,500.0,4053900.0
113,2021-09-30 14:24:51,7180.0,2000.0,4053400.0
114,2021-09-30 14:24:51,7180.0,500.0,4051400.0
115,2021-09-30 14:24:51,7180.0,100.0,4050900.0
116,2021-09-30 14:24:51,7180.0,500.0,4050800.0
117,2021-09-30 14:24:51,7180.0,5000.0,4050300.0
118,2021-09-30 14:24:51,7180.0,5000.0,4045300.0
119,2021-09-30 14:24:51,7190.0,7900.0,4040300.0
120,2021-09-30 14:24:51,7190.0,1000.0,4032400.0
121,2021-09-30 14:24:51,7190.0,5000.0,4031400.0
122,2021-09-30 14:24:51,7190.0,2000.0,4026400.0
123,2021-09-30 14:24:51,7190.0,1000.0,4024400.0
124,2021-09-30 14:24:51,7190.0,100.0,4023400.0
125,2021-09-30 14:24:51,7200.0,4600.0,4023300.0
126,2021-09-30 14:24:51,7200.0,1100.0,4018700.0
127,2021-09-30 14:24:51,7200.0,6000.0,4017600.0
128,2021-09-30 14:24:51,7200.0,200.0,4011600.0
129,2021-09-30 14:24:51,7200.0,15000.0,4011400.0
130,2021-09-30 14:24:51,7200.0,200.0,3996400.0
131,2021-09-30 14:24:51,7200.0,1000.0,3996200.0
132,2021-09-30 14:24:51,7200.0,500.0,3995200.0
133,2021-09-30 14:24:51,7200.0,700.0,3994700.0
134,2021-09-30 14:24:51,7200.0,1000.0,3994000.0
135,2021-09-30 14:24:51,7200.0,6000.0,3993000.0
136,2021-09-30 14:24:51,7200.0,100.0,3987000.0
137,2021-09-30 14:24:51,7200.0,2000.0,3986900.0
138,2021-09-30 14:24:51,7200.0,2000.0,3984900.0
139,2021-09-30 14:24:51,7200.0,500.0,3982900.0
140,2021-09-30 14:24:51,7200.0,100.0,3982400.0
141,2021-09-30 14:24:51,7200.0,17500.0,3982300.0
142,2021-09-30 14:24:43,7220.0,7000.0,3964800.0
143,2021-09-30 14:24:33,7200.0,2100.0,3957800.0
144,2021-09-30 14:24:33,7200.0,700.0,3955700.0
145,2021-09-30 14:24:33,7200.0,100.0,3955000.0
146,2021-09-30 14:24:33,7200.0,2000.0,3954900.0
147,2021-09-30 14:24:33,7200.0,300.0,3952900.0
148,2021-09-30 14:24:33,7200.0,200.0,3952600.0
149,2021-09-30 14:24:33,7200.0,2000.0,3952400.0
150,2021-09-30 14:24:33,7210.0,800.0,3950400.0
151,2021-09-30 14:24:33,7210.0,500.0,3949600.0
152,2021-09-30 14:24:33,7210.0,5000.0,3949100.0
153,2021-09-30 14:24:33,7210.0,2000.0,3944100.0
154,2021-09-30 14:24:33,7210.0,1200.0,3942100.0
155,2021-09-30 14:24:33,7220.0,900.0,3940900.0
156,2021-09-30 14:24:22,7220.0,100.0,3940000.0
157,2021-09-30 14:24:08,7220.0,300.0,3939900.0
158,2021-09-30 14:23:43,7220.0,800.0,3939600.0
159,2021-09-30 14:23:34,7220.0,200.0,3938800.0
160,2021-09-30 14:23:26,7220.0,100.0,3938600.0
161,2021-09-30 14:23:24,7230.0,500.0,3938500.0
162,2021-09-30 14:23:24,7230.0,100.0,3938000.0
163,2021-09-30 14:23:20,7220.0,200.0,3937900.0
164,2021-09-30 14:23:20,7220.0,2000.0,3937700.0
165,2021-09-30 14:23:18,7230.0,200.0,3935700.0
166,2021-09-30 14:22:34,7230.0,1700.0,3935500.0
167,2021-09-30 14:22:34,7230.0,4300.0,3933800.0
168,2021-09-30 14:22:27,7220.0,1000.0,3929500.0
169,2021-09-30 14:22:27,7220.0,500.0,3928500.0
170,2021-09-30 14:22:25,7230.0,100.0,3928000.0
171,2021-09-30 14:22:16,7230.0,600.0,3927900.0
172,2021-09-30 14:22:06,7230.0,1400.0,3927300.0
173,2021-09-30 14:22:06,7230.0,500.0,3925900.0
174,2021-09-30 14:22:06,7230.0,100.0,3925400.0
175,2021-09-30 14:21:55,7240.0,1000.0,3925300.0
176,2021-09-30 14:21:55,7240.0,15400.0,3924300.0
177,2021-09-30 14:21:53,7250.0,2500.0,3908900.0
178,2021-09-30 14:21:53,7250.0,2000.0,3906400.0
179,2021-09-30 14:21:53,7250.0,200.0,3904400.0
180,2021-09-30 14:21:53,7250.0,1000.0,3904200.0
181,2021-09-30 14:21:53,7250.0,4300.0,3903200.0
182,2021-09-30 14:21:30,7250.0,2000.0,3898900.0
183,2021-09-30 14:21:28,7240.0,2600.0,3896900.0
184,2021-09-30 14:21:18,7250.0,10000.0,3894300.0
185,2021-09-30 14:21:18,7250.0,3300.0,3884300.0
186,2021-09-30 14:21:18,7250.0,400.0,3881000.0
187,2021-09-30 14:21:08,7260.0,4900.0,3880600.0
188,2021-09-30 14:21:04,7260.0,400.0,3875700.0
189,2021-09-30 14:21:04,7260.0,4700.0,3875300.0
190,2021-09-30 14:20:55,7260.0,300.0,3870600.0
191,2021-09-30 14:20:46,7250.0,100.0,3870300.0
192,2021-09-30 14:20:31,7250.0,100.0,3870200.0
193,2021-09-30 14:20:31,7250.0,2100.0,3870100.0
194,2021-09-30 14:20:26,7250.0,100.0,3868000.0
195,2021-09-30 14:20:17,7250.0,100.0,3867900.0
196,2021-09-30 14:20:10,7250.0,1000.0,3867800.0
197,2021-09-30 14:20:10,7250.0,3000.0,3866800.0
198,2021-09-30 14:20:10,7250.0,200.0,3863800.0
199,2021-09-30 14:20:10,7250.0,2000.0,3863600.0
200,2021-09-30 14:20:10,7250.0,3900.0,3861600.0
201,2021-09-30 14:20:10,7260.0,2000.0,3857700.0
202,2021-09-30 14:20:10,7260.0,10600.0,3855700.0
203,2021-09-30 14:19:49,7270.0,100.0,3845100.0
204,2021-09-30 14:19:46,7270.0,200.0,3845000.0
205,2021-09-30 14:19:46,7270.0,1200.0,3844800.0
206,2021-09-30 14:19:39,7270.0,100.0,3843600.0
207,2021-09-30 14:19:01,7260.0,19400.0,3843500.0
208,2021-09-30 14:18:59,7260.0,10000.0,3824100.0
209,2021-09-30 14:18:49,7260.0,400.0,3814100.0
210,2021-09-30 14:18:48,7260.0,100.0,3813700.0
211,2021-09-30 14:18:48,7260.0,100.0,3813600.0
212,2021-09-30 14:18:23,7280.0,1700.0,3813500.0
213,2021-09-30 14:18:08,7250.0,6500.0,3811800.0
214,2021-09-30 14:18:08,7250.0,2600.0,3805300.0
215,2021-09-30 14:17:54,7250.0,500.0,3802700.0
216,2021-09-30 14:17:45,7250.0,600.0,3802200.0
217,2021-09-30 14:17:45,7250.0,100.0,3801600.0
218,2021-09-30 14:17:45,7250.0,5100.0,3801500.0
219,2021-09-30 14:17:45,7260.0,11100.0,3796400.0
220,2021-09-30 14:17:44,7280.0,900.0,3785300.0
221,2021-09-30 14:17:44,7280.0,2000.0,3784400.0
222,2021-09-30 14:17:44,7280.0,1000.0,3782400.0
223,2021-09-30 14:17:44,7280.0,100.0,3781400.0
224,2021-09-30 14:17:44,7280.0,20000.0,3781300.0
225,2021-09-30 14:17:44,7270.0,5000.0,3761300.0
226,2021-09-30 14:17:44,7270.0,300.0,3756300.0
227,2021-09-30 14:17:44,7270.0,700.0,3756000.0
228,2021-09-30 14:17:38,7270.0,300.0,3755300.0
229,2021-09-30 14:17:30,7260.0,100.0,3755000.0
230,2021-09-30 14:17:07,7260.0,3000.0,3754900.0
231,2021-09-30 14:16:59,7260.0,100.0,3751900.0
232,2021-09-30 14:16:56,7260.0,2400.0,3751800.0
233,2021-09-30 14:16:56,7260.0,500.0,3749400.0
234,2021-09-30 14:16:56,7260.0,500.0,3748900.0
235,2021-09-30 14:16:56,7260.0,500.0,3748400.0
236,2021-09-30 14:16:56,7260.0,100.0,3747900.0
237,2021-09-30 14:16:54,7250.0,1000.0,3747800.0
238,2021-09-30 14:16:42,7250.0,300.0,3746800.0
239,2021-09-30 14:16:40,7260.0,900.0,3746500.0
240,2021-09-30 14:16:40,7260.0,100.0,3745600.0
241,2021-09-30 14:16:29,7250.0,1000.0,3745500.0
242,2021-09-30 14:16:28,7250.0,30000.0,3744500.0
243,2021-09-30 14:16:03,7250.0,10000.0,3714500.0
244,2021-09-30 14:16:03,7250.0,200.0,3704500.0
245,2021-09-30 14:16:03,7250.0,2400.0,3704300.0
246,2021-09-30 14:15:56,7250.0,500.0,3701900.0
247,2021-09-30 14:15:53,7240.0,2000.0,3701400.0
248,2021-09-30 14:15:38,7250.0,100.0,3699400.0
249,2021-09-30 14:15:38,7250.0,300.0,3699300.0
250,2021-09-30 14:15:38,7250.0,300.0,3699000.0
251,2021-09-30 14:15:38,7240.0,300.0,3698700.0
252,2021-09-30 14:15:23,7240.0,600.0,3698400.0
253,2021-09-30 14:15:23,7240.0,1300.0,3697800.0
254,2021-09-30 14:15:12,7240.0,400.0,3696500.0
255,2021-09-30 14:15:05,7240.0,1500.0,3696100.0
256,2021-09-30 14:15:01,7240.0,300.0,3694600.0
257,2021-09-30 14:14:57,7230.0,10000.0,3694300.0
258,2021-09-30 14:14:51,7230.0,100.0,3684300.0
259,2021-09-30 14:14:38,7230.0,400.0,3684200.0
260,2021-09-30 14:14:23,7230.0,2000.0,3683800.0
261,2021-09-30 14:14:23,7230.0,100.0,3681800.0
262,2021-09-30 14:14:23,7230.0,200.0,3681700.0
263,2021-09-30 14:14:23,7240.0,300.0,3681500.0
264,2021-09-30 14:13:53,7240.0,900.0,3681200.0
265,2021-09-30 14:13:51,7250.0,900.0,3680300.0
266,2021-09-30 14:13:40,7250.0,9000.0,3679400.0
267,2021-09-30 14:13:40,7240.0,1000.0,3670400.0
268,2021-09-30 14:13:33,7250.0,9000.0,3669400.0
269,2021-09-30 14:13:28,7250.0,300.0,3660400.0
270,2021-09-30 14:13:19,7250.0,200.0,3660100.0
271,2021-09-30 14:13:17,7250.0,300.0,3659900.0
272,2021-09-30 14:13:11,7250.0,1000.0,3659600.0
273,2021-09-30 14:13:11,7250.0,2200.0,3658600.0
274,2021-09-30 14:13:05,7250.0,9000.0,3656400.0
275,2021-09-30 14:12:57,7250.0,2000.0,3647400.0
276,2021-09-30 14:12:57,7250.0,2000.0,3645400.0
277,2021-09-30 14:12:57,7250.0,2000.0,3643400.0
278,2021-09-30 14:12:57,7260.0,11800.0,3641400.0
279,2021-09-30 14:12:55,7260.0,200.0,3629600.0
280,2021-09-30 14:12:51,7250.0,3000.0,3629400.0
281,2021-09-30 14:12:51,7250.0,10000.0,3626400.0
282,2021-09-30 14:12:51,7250.0,200.0,3616400.0
283,2021-09-30 14:12:51,7250.0,300.0,3616200.0
284,2021-09-30 14:12:51,7250.0,100.0,3615900.0
285,2021-09-30 14:12:51,7250.0,3000.0,3615800.0
286,2021-09-30 14:12:51,7250.0,2600.0,3612800.0
287,2021-09-30 14:12:51,7260.0,800.0,3610200.0
288,2021-09-30 14:12:37,7260.0,200.0,3609400.0
289,2021-09-30 14:12:20,7290.0,200.0,3609200.0
290,2021-09-30 14:12:20,7290.0,5000.0,3609000.0
291,2021-09-30 14:12:20,7290.0,1000.0,3604000.0
292,2021-09-30 14:12:20,7290.0,1000.0,3603000.0
293,2021-09-30 14:12:20,7290.0,7900.0,3602000.0
294,2021-09-30 14:12:05,7290.0,500.0,3594100.0
295,2021-09-30 14:11:59,7290.0,1400.0,3593600.0
296,2021-09-30 14:11:58,7250.0,17400.0,3592200.0
297,2021-09-30 14:11:58,7250.0,100.0,3574800.0
298,2021-09-30 14:11:58,7250.0,1000.0,3574700.0
299,2021-09-30 14:11:58,7250.0,31500.0,3573700.0
300,2021-09-30 14:11:53,7290.0,200.0,3542200.0
301,2021-09-30 14:11:53,7290.0,500.0,3542000.0
302,2021-09-30 14:11:47,7250.0,200.0,3541500.0
303,2021-09-30 14:11:42,7300.0,200.0,3541300.0
304,2021-09-30 14:11:40,7250.0,14600.0,3541100.0
305,2021-09-30 14:11:40,7290.0,3400.0,3526500.0
306,2021-09-30 14:11:38,7290.0,1000.0,3523100.0
307,2021-09-30 14:11:38,7290.0,200.0,3522100.0
308,2021-09-30 14:11:38,7290.0,200.0,3521900.0
309,2021-09-30 14:11:38,7290.0,200.0,3521700.0
310,2021-09-30 14:11:33,7290.0,800.0,3521500.0
311,2021-09-30 14:11:33,7290.0,200.0,3520700.0
312,2021-09-30 14:11:29,7250.0,3500.0,3520500.0
313,2021-09-30 14:11:29,7260.0,500.0,3517000.0
314,2021-09-30 14:11:29,7260.0,200.0,3516500.0
315,2021-09-30 14:11:29,7270.0,800.0,3516300.0
316,2021-09-30 14:11:21,7290.0,300.0,3515500.0
317,2021-09-30 14:11:20,7290.0,3500.0,3515200.0
318,2021-09-30 14:11:20,7290.0,2000.0,3511700.0
319,2021-09-30 14:11:20,7290.0,2500.0,3509700.0
320,2021-09-30 14:11:16,7290.0,100.0,3507200.0
321,2021-09-30 14:11:16,7290.0,1000.0,3507100.0
322,2021-09-30 14:11:16,7290.0,1000.0,3506100.0
323,2021-09-30 14:11:15,7290.0,1500.0,3505100.0
324,2021-09-30 14:11:15,7290.0,200.0,3503600.0
325,2021-09-30 14:11:05,7290.0,300.0,3503400.0
326,2021-09-30 14:11:05,7290.0,700.0,3503100.0
327,2021-09-30 14:11:05,7290.0,300.0,3502400.0
328,2021-09-30 14:11:05,7290.0,500.0,3502100.0
329,2021-09-30 14:11:05,7290.0,200.0,3501600.0
330,2021-09-30 14:10:40,7290.0,400.0,3501400.0
331,2021-09-30 14:10:40,7290.0,1000.0,3501000.0
332,2021-09-30 14:10:40,7290.0,600.0,3500000.0
333,2021-09-30 14:10:35,7290.0,900.0,3499400.0
334,2021-09-30 14:10:35,7290.0,4000.0,3498500.0
335,2021-09-30 14:10:35,7290.0,100.0,3494500.0
336,2021-09-30 14:10:30,7290.0,9900.0,3494400.0
337,2021-09-30 14:10:30,7290.0,100.0,3484500.0
338,2021-09-30 14:10:30,7290.0,2000.0,3484400.0
339,2021-09-30 14:10:20,7290.0,5000.0,3482400.0
340,2021-09-30 14:10:16,7290.0,13000.0,3477400.0
341,2021-09-30 14:10:16,7280.0,10000.0,3464400.0
342,2021-09-30 14:10:16,7280.0,20000.0,3454400.0
343,2021-09-30 14:10:16,7270.0,2000.0,3434400.0
344,2021-09-30 14:10:16,7270.0,300.0,3432400.0
345,2021-09-30 14:10:16,7260.0,500.0,3432100.0
346,2021-09-30 14:10:16,7260.0,1000.0,3431600.0
347,2021-09-30 14:10:16,7260.0,300.0,3430600.0
348,2021-09-30 14:10:16,7260.0,1000.0,3430300.0
349,2021-09-30 14:10:16,7260.0,1500.0,3429300.0
350,2021-09-30 14:10:16,7260.0,400.0,3427800.0
351,2021-09-30 14:10:14,7260.0,100.0,3427400.0
352,2021-09-30 14:10:04,7260.0,100.0,3427300.0
353,2021-09-30 14:09:58,7250.0,100.0,3427200.0
354,2021-09-30 14:09:46,7250.0,100.0,3427100.0
355,2021-09-30 14:09:46,7250.0,1000.0,3427000.0
356,2021-09-30 14:09:46,7250.0,1000.0,3426000.0
357,2021-09-30 14:09:46,7250.0,5000.0,3425000.0
358,2021-09-30 14:09:46,7250.0,100.0,3420000.0
359,2021-09-30 14:09:46,7250.0,1000.0,3419900.0
360,2021-09-30 14:09:46,7250.0,1000.0,3418900.0
361,2021-09-30 14:09:46,7250.0,3500.0,3417900.0
362,2021-09-30 14:09:46,7250.0,10000.0,3414400.0
363,2021-09-30 14:09:46,7250.0,3000.0,3404400.0
364,2021-09-30 14:09:46,7250.0,5000.0,3401400.0
365,2021-09-30 14:09:46,7250.0,300.0,3396400.0
366,2021-09-30 14:09:46,7250.0,500.0,3396100.0
367,2021-09-30 14:09:46,7250.0,8600.0,3395600.0
368,2021-09-30 14:09:42,7250.0,20000.0,3387000.0
369,2021-09-30 14:09:41,7240.0,1700.0,3367000.0
370,2021-09-30 14:09:41,7240.0,25300.0,3365300.0
371,2021-09-30 14:09:40,7250.0,600.0,3340000.0
372,2021-09-30 14:09:38,7250.0,20000.0,3339400.0
373,2021-09-30 14:09:38,7250.0,100.0,3319400.0
374,2021-09-30 14:09:38,7240.0,500.0,3319300.0
375,2021-09-30 14:09:34,7250.0,700.0,3318800.0
376,2021-09-30 14:09:34,7250.0,500.0,3318100.0
377,2021-09-30 14:09:34,7250.0,1500.0,3317600.0
378,2021-09-30 14:09:34,7250.0,500.0,3316100.0
379,2021-09-30 14:09:34,7250.0,200.0,3315600.0
380,2021-09-30 14:09:34,7250.0,5000.0,3315400.0
381,2021-09-30 14:09:34,7250.0,1000.0,3310400.0
382,2021-09-30 14:09:34,7250.0,100.0,3309400.0
383,2021-09-30 14:09:34,7250.0,5000.0,3309300.0
384,2021-09-30 14:09:34,7250.0,1000.0,3304300.0
385,2021-09-30 14:09:34,7250.0,100.0,3303300.0
386,2021-09-30 14:09:34,7250.0,1400.0,3303200.0
387,2021-09-30 14:09:34,7250.0,3000.0,3301800.0
388,2021-09-30 14:09:24,7240.0,200.0,3298800.0
389,2021-09-30 14:09:24,7240.0,1800.0,3298600.0
390,2021-09-30 14:09:24,7240.0,100.0,3296800.0
391,2021-09-30 14:09:24,7240.0,100.0,3296700.0
392,2021-09-30 14:09:20,7240.0,900.0,3296600.0
393,2021-09-30 14:09:20,7240.0,300.0,3295700.0
394,2021-09-30 14:09:20,7240.0,100.0,3295400.0
395,2021-09-30 14:09:20,7240.0,2000.0,3295300.0
396,2021-09-30 14:09:20,7240.0,8300.0,3293300.0
397,2021-09-30 14:09:16,7240.0,200.0,3285000.0
398,2021-09-30 14:09:06,7230.0,300.0,3284800.0
399,2021-09-30 14:09:06,7240.0,500.0,3284500.0
400,2021-09-30 14:08:57,7230.0,200.0,3284000.0
401,2021-09-30 14:08:57,7230.0,4300.0,3283800.0
402,2021-09-30 14:08:56,7230.0,5700.0,3279500.0
403,2021-09-30 14:08:56,7230.0,1000.0,3273800.0
404,2021-09-30 14:08:56,7230.0,200.0,3272800.0
405,2021-09-30 14:08:56,7230.0,2000.0,3272600.0
406,2021-09-30 14:08:56,7230.0,1000.0,3270600.0
407,2021-09-30 14:08:56,7230.0,300.0,3269600.0
408,2021-09-30 14:08:56,7230.0,100.0,3269300.0
409,2021-09-30 14:08:56,7230.0,3000.0,3269200.0
410,2021-09-30 14:08:56,7230.0,700.0,3266200.0
411,2021-09-30 14:08:56,7230.0,1000.0,3265500.0
412,2021-09-30 14:08:29,7220.0,2000.0,3264500.0
413,2021-09-30 14:08:28,7220.0,5000.0,3262500.0
414,2021-09-30 14:08:28,7220.0,1000.0,3257500.0
415,2021-09-30 14:08:28,7220.0,400.0,3256500.0
416,2021-09-30 14:08:17,7210.0,800.0,3256100.0
417,2021-09-30 14:08:06,7210.0,100.0,3255300.0
418,2021-09-30 14:08:06,7210.0,4000.0,3255200.0
419,2021-09-30 14:07:52,7210.0,100.0,3251200.0
420,2021-09-30 14:07:51,7210.0,2000.0,3251100.0
421,2021-09-30 14:07:51,7210.0,1100.0,3249100.0
422,2021-09-30 14:07:51,7210.0,1900.0,3248000.0
423,2021-09-30 14:07:49,7220.0,1600.0,3246100.0
424,2021-09-30 14:07:49,7220.0,400.0,3244500.0
425,2021-09-30 14:07:31,7220.0,9600.0,3244100.0
426,2021-09-30 14:07:31,7220.0,500.0,3234500.0
427,2021-09-30 14:07:31,7220.0,1000.0,3234000.0
428,2021-09-30 14:07:31,7220.0,8900.0,3233000.0
429,2021-09-30 14:07:22,7210.0,3000.0,3224100.0
430,2021-09-30 14:07:15,7210.0,1000.0,3221100.0
431,2021-09-30 14:07:14,7210.0,8100.0,3220100.0
432,2021-09-30 14:07:07,7210.0,200.0,3212000.0
433,2021-09-30 14:07:01,7210.0,1000.0,3211800.0
434,2021-09-30 14:07:00,7210.0,500.0,3210800.0
435,2021-09-30 14:06:52,7210.0,5000.0,3210300.0
436,2021-09-30 14:06:52,7210.0,200.0,3205300.0
437,2021-09-30 14:06:34,7210.0,4000.0,3205100.0
438,2021-09-30 14:06:24,7210.0,1000.0,3201100.0
439,2021-09-30 14:06:09,7220.0,6100.0,3200100.0
440,2021-09-30 14:06:09,7220.0,2000.0,3194000.0
441,2021-09-30 14:06:09,7220.0,1000.0,3192000.0
442,2021-09-30 14:06:09,7220.0,400.0,3191000.0
443,2021-09-30 14:06:09,7220.0,2000.0,3190600.0
444,2021-09-30 14:06:09,7220.0,300.0,3188600.0
445,2021-09-30 14:06:09,7220.0,8900.0,3188300.0
446,2021-09-30 14:06:09,7210.0,9300.0,3179400.0
447,2021-09-30 14:06:07,7210.0,1000.0,3170100.0
448,2021-09-30 14:06:07,7210.0,2000.0,3169100.0
449,2021-09-30 14:06:07,7210.0,17700.0,3167100.0
450,2021-09-30 14:06:05,7210.0,2000.0,3149400.0
451,2021-09-30 14:06:02,7210.0,200.0,3147400.0
452,2021-09-30 14:06:02,7220.0,1100.0,3147200.0
453,2021-09-30 14:06:02,7220.0,1000.0,3146100.0
454,2021-09-30 14:06:02,7220.0,900.0,3145100.0
455,2021-09-30 14:06:00,7220.0,100.0,3144200.0
456,2021-09-30 14:05:15,7210.0,100.0,3144100.0
457,2021-09-30 14:05:13,7210.0,200.0,3144000.0
458,2021-09-30 14:05:13,7210.0,200.0,3143800.0
459,2021-09-30 14:05:13,7210.0,19600.0,3143600.0
460,2021-09-30 14:05:11,7210.0,400.0,3124000.0
461,2021-09-30 14:05:10,7200.0,100.0,3123600.0
462,2021-09-30 14:05:07,7200.0,4600.0,3123500.0
463,2021-09-30 14:05:07,7200.0,400.0,3118900.0
464,2021-09-30 14:04:55,7200.0,1000.0,3118500.0
465,2021-09-30 14:04:34,7200.0,700.0,3117500.0
466,2021-09-30 14:04:34,7210.0,2000.0,3116800.0
467,2021-09-30 14:04:31,7210.0,1000.0,3114800.0
468,2021-09-30 14:04:31,7210.0,500.0,3113800.0
469,2021-09-30 14:04:31,7210.0,10900.0,3113300.0
470,2021-09-30 14:04:31,7210.0,1000.0,3102400.0
471,2021-09-30 14:04:31,7210.0,1000.0,3101400.0
472,2021-09-30 14:04:31,7210.0,500.0,3100400.0
473,2021-09-30 14:04:31,7210.0,100.0,3099900.0
474,2021-09-30 14:04:31,7210.0,3000.0,3099800.0
475,2021-09-30 14:04:30,7210.0,2000.0,3096800.0
476,2021-09-30 14:04:30,7210.0,1000.0,3094800.0
477,2021-09-30 14:04:30,7210.0,1000.0,3093800.0
478,2021-09-30 14:04:30,7210.0,1000.0,3092800.0
479,2021-09-30 14:04:28,7210.0,500.0,3091800.0
480,2021-09-30 14:04:23,7200.0,6000.0,3091300.0
481,2021-09-30 14:04:16,7200.0,3600.0,3085300.0
482,2021-09-30 14:04:10,7200.0,1000.0,3081700.0
483,2021-09-30 14:04:05,7200.0,1000.0,3080700.0
484,2021-09-30 14:04:05,7200.0,2800.0,3079700.0
485,2021-09-30 14:04:05,7210.0,100.0,3076900.0
486,2021-09-30 14:04:05,7200.0,100.0,3076800.0
487,2021-09-30 14:03:52,7200.0,100.0,3076700.0
488,2021-09-30 14:03:46,7200.0,500.0,3076600.0
489,2021-09-30 14:03:34,7200.0,3000.0,3076100.0
490,2021-09-30 14:03:22,7200.0,200.0,3073100.0
491,2021-09-30 14:03:12,7200.0,2000.0,3072900.0
492,2021-09-30 14:02:50,7200.0,300.0,3070900.0
493,2021-09-30 14:02:49,7200.0,1000.0,3070600.0
494,2021-09-30 14:02:40,7210.0,100.0,3069600.0
495,2021-09-30 14:02:40,7200.0,100.0,3069500.0
496,2021-09-30 14:02:40,7200.0,800.0,3069400.0
497,2021-09-30 14:02:31,7200.0,100.0,3068600.0
498,2021-09-30 14:02:29,7200.0,200.0,3068500.0
499,2021-09-30 14:02:26,7200.0,900.0,3068300.0
500,2021-09-30 14:02:26,7200.0,8000.0,3067400.0
501,2021-09-30 14:02:26,7200.0,100.0,3059400.0
502,2021-09-30 14:02:00,7200.0,300.0,3059300.0
503,2021-09-30 14:02:00,7200.0,700.0,3059000.0
504,2021-09-30 14:02:00,7200.0,100.0,3058300.0
505,2021-09-30 14:02:00,7200.0,200.0,3058200.0
506,2021-09-30 14:01:48,7200.0,1000.0,3058000.0
507,2021-09-30 14:01:37,7200.0,500.0,3057000.0
508,2021-09-30 14:01:31,7200.0,200.0,3056500.0
509,2021-09-30 14:01:11,7200.0,1000.0,3056300.0
510,2021-09-30 14:01:11,7200.0,100.0,3055300.0
511,2021-09-30 14:01:11,7200.0,100.0,3055200.0
512,2021-09-30 14:01:11,7200.0,500.0,3055100.0
513,2021-09-30 14:01:11,7200.0,100.0,3054600.0
514,2021-09-30 14:01:11,7200.0,1000.0,3054500.0
515,2021-09-30 14:01:11,7200.0,300.0,3053500.0
516,2021-09-30 14:00:51,7200.0,300.0,3053200.0
517,2021-09-30 14:00:29,7200.0,200.0,3052900.0
518,2021-09-30 14:00:29,7200.0,800.0,3052700.0
519,2021-09-30 14:00:22,7200.0,1000.0,3051900.0
520,2021-09-30 14:00:22,7200.0,200.0,3050900.0
521,2021-09-30 13:59:55,7200.0,1000.0,3050700.0
522,2021-09-30 13:59:49,7200.0,100.0,3049700.0
523,2021-09-30 13:59:40,7200.0,200.0,3049600.0
524,2021-09-30 13:59:36,7200.0,200.0,3049400.0
525,2021-09-30 13:59:36,7200.0,300.0,3049200.0
526,2021-09-30 13:59:26,7200.0,500.0,3048900.0
527,2021-09-30 13:59:26,7200.0,1400.0,3048400.0
528,2021-09-30 13:59:25,7200.0,500.0,3047000.0
529,2021-09-30 13:59:23,7200.0,3300.0,3046500.0
530,2021-09-30 13:59:23,7200.0,100.0,3043200.0
531,2021-09-30 13:59:23,7200.0,200.0,3043100.0
532,2021-09-30 13:59:23,7200.0,400.0,3042900.0
533,2021-09-30 13:59:23,7200.0,7100.0,3042500.0
534,2021-09-30 13:59:23,7200.0,100.0,3035400.0
535,2021-09-30 13:59:23,7200.0,1000.0,3035300.0
536,2021-09-30 13:59:23,7200.0,1000.0,3034300.0
537,2021-09-30 13:59:23,7200.0,1800.0,3033300.0
538,2021-09-30 13:59:17,7200.0,1000.0,3031500.0
539,2021-09-30 13:59:11,7200.0,500.0,3030500.0
540,2021-09-30 13:59:03,7190.0,1300.0,3030000.0
541,2021-09-30 13:59:03,7190.0,1200.0,3028700.0
542,2021-09-30 13:59:03,7190.0,1000.0,3027500.0
543,2021-09-30 13:59:03,7190.0,100.0,3026500.0
544,2021-09-30 13:59:01,7200.0,400.0,3026400.0
545,2021-09-30 13:59:01,7200.0,1700.0,3026000.0
546,2021-09-30 13:58:49,7200.0,200.0,3024300.0
547,2021-09-30 13:58:31,7200.0,100.0,3024100.0
548,2021-09-30 13:58:31,7200.0,100.0,3024000.0
549,2021-09-30 13:58:31,7200.0,3200.0,3023900.0
550,2021-09-30 13:58:29,7200.0,500.0,3020700.0
551,2021-09-30 13:58:25,7200.0,500.0,3020200.0
552,2021-09-30 13:58:17,7190.0,600.0,3019700.0
553,2021-09-30 13:58:09,7200.0,100.0,3019100.0
554,2021-09-30 13:58:07,7190.0,300.0,3019000.0
555,2021-09-30 13:58:03,7200.0,7300.0,3018700.0
556,2021-09-30 13:58:03,7200.0,16200.0,3011400.0
557,2021-09-30 13:58:03,7200.0,500.0,2995200.0
558,2021-09-30 13:58:03,7200.0,500.0,2994700.0
559,2021-09-30 13:58:03,7200.0,5000.0,2994200.0
560,2021-09-30 13:58:03,7200.0,200.0,2989200.0
561,2021-09-30 13:58:03,7200.0,5000.0,2989000.0
562,2021-09-30 13:58:03,7200.0,900.0,2984000.0
563,2021-09-30 13:58:03,7200.0,1000.0,2983100.0
564,2021-09-30 13:58:03,7200.0,5000.0,2982100.0
565,2021-09-30 13:58:03,7200.0,6000.0,2977100.0
566,2021-09-30 13:58:03,7200.0,500.0,2971100.0
567,2021-09-30 13:58:03,7200.0,1500.0,2970600.0
568,2021-09-30 13:58:03,7200.0,2000.0,2969100.0
569,2021-09-30 13:58:03,7200.0,700.0,2967100.0
570,2021-09-30 13:58:03,7200.0,500.0,2966400.0
571,2021-09-30 13:58:03,7200.0,800.0,2965900.0
572,2021-09-30 13:58:03,7200.0,2000.0,2965100.0
573,2021-09-30 13:58:03,7200.0,400.0,2963100.0
574,2021-09-30 13:58:03,7200.0,1500.0,2962700.0
575,2021-09-30 13:58:03,7200.0,1000.0,2961200.0
576,2021-09-30 13:58:03,7200.0,1400.0,2960200.0
577,2021-09-30 13:57:45,7200.0,100.0,2958800.0
578,2021-09-30 13:57:45,7200.0,3600.0,2958700.0
579,2021-09-30 13:57:35,7200.0,3000.0,2955100.0
580,2021-09-30 13:57:23,7200.0,100.0,2952100.0
581,2021-09-30 13:57:21,7200.0,400.0,2952000.0
582,2021-09-30 13:57:09,7200.0,1000.0,2951600.0
583,2021-09-30 13:57:02,7190.0,2000.0,2950600.0
584,2021-09-30 13:57:00,7190.0,5000.0,2948600.0
585,2021-09-30 13:56:48,7190.0,200.0,2943600.0
586,2021-09-30 13:56:48,7190.0,32900.0,2943400.0
587,2021-09-30 13:56:43,7190.0,7100.0,2910500.0
588,2021-09-30 13:56:41,7190.0,900.0,2903400.0
589,2021-09-30 13:56:37,7190.0,100.0,2902500.0
590,2021-09-30 13:56:37,7190.0,500.0,2902400.0
591,2021-09-30 13:56:37,7190.0,1400.0,2901900.0
592,2021-09-30 13:56:32,7190.0,1600.0,2900500.0
593,2021-09-30 13:56:32,7190.0,300.0,2898900.0
594,2021-09-30 13:56:32,7190.0,400.0,2898600.0
595,2021-09-30 13:56:32,7190.0,200.0,2898200.0
596,2021-09-30 13:56:22,7190.0,100.0,2898000.0
597,2021-09-30 13:56:08,7190.0,200.0,2897900.0
598,2021-09-30 13:56:07,7190.0,100.0,2897700.0
599,2021-09-30 13:55:43,7190.0,4000.0,2897600.0
600,2021-09-30 13:55:43,7190.0,200.0,2893600.0
601,2021-09-30 13:55:43,7190.0,500.0,2893400.0
602,2021-09-30 13:55:43,7190.0,5000.0,2892900.0
603,2021-09-30 13:55:20,7180.0,3000.0,2887900.0
604,2021-09-30 13:54:13,7180.0,400.0,2884900.0
605,2021-09-30 13:53:57,7180.0,1500.0,2884500.0
606,2021-09-30 13:53:14,7180.0,100.0,2883000.0
607,2021-09-30 13:53:11,7180.0,500.0,2882900.0
608,2021-09-30 13:53:11,7180.0,500.0,2882400.0
609,2021-09-30 13:53:07,7180.0,1000.0,2881900.0
610,2021-09-30 13:53:07,7180.0,2000.0,2880900.0
611,2021-09-30 13:53:07,7180.0,2000.0,2878900.0
612,2021-09-30 13:52:42,7180.0,200.0,2876900.0
613,2021-09-30 13:52:42,7180.0,200.0,2876700.0
614,2021-09-30 13:52:40,7180.0,500.0,2876500.0
615,2021-09-30 13:52:38,7190.0,5000.0,2876000.0
616,2021-09-30 13:52:38,7190.0,500.0,2871000.0
617,2021-09-30 13:52:25,7180.0,6500.0,2870500.0
618,2021-09-30 13:51:56,7190.0,500.0,2864000.0
619,2021-09-30 13:51:50,7180.0,3000.0,2863500.0
620,2021-09-30 13:51:30,7190.0,900.0,2860500.0
621,2021-09-30 13:51:08,7190.0,100.0,2859600.0
622,2021-09-30 13:51:02,7190.0,300.0,2859500.0
623,2021-09-30 13:50:51,7190.0,200.0,2859200.0
624,2021-09-30 13:50:45,7180.0,9800.0,2859000.0
625,2021-09-30 13:50:41,7180.0,2000.0,2849200.0
626,2021-09-30 13:50:41,7180.0,500.0,2847200.0
627,2021-09-30 13:50:41,7180.0,2000.0,2846700.0
628,2021-09-30 13:50:41,7180.0,2000.0,2844700.0
629,2021-09-30 13:50:41,7180.0,5000.0,2842700.0
630,2021-09-30 13:50:41,7180.0,2000.0,2837700.0
631,2021-09-30 13:50:41,7180.0,1100.0,2835700.0
632,2021-09-30 13:50:41,7180.0,1000.0,2834600.0
633,2021-09-30 13:50:41,7180.0,700.0,2833600.0
634,2021-09-30 13:50:20,7180.0,100.0,2832900.0
635,2021-09-30 13:50:10,7190.0,1600.0,2832800.0
636,2021-09-30 13:50:09,7190.0,500.0,2831200.0
637,2021-09-30 13:50:09,7190.0,1000.0,2830700.0
638,2021-09-30 13:50:09,7190.0,19600.0,2829700.0
639,2021-09-30 13:50:09,7190.0,100.0,2810100.0
640,2021-09-30 13:50:09,7190.0,5000.0,2810000.0
641,2021-09-30 13:50:09,7190.0,1000.0,2805000.0
642,2021-09-30 13:50:09,7190.0,500.0,2804000.0
643,2021-09-30 13:50:09,7190.0,6000.0,2803500.0
644,2021-09-30 13:50:09,7190.0,400.0,2797500.0
645,2021-09-30 13:50:09,7190.0,1900.0,2797100.0
646,2021-09-30 13:49:51,7190.0,100.0,2795200.0
647,2021-09-30 13:49:51,7190.0,1900.0,2795100.0
648,2021-09-30 13:49:40,7190.0,1000.0,2793200.0
649,2021-09-30 13:49:02,7200.0,200.0,2792200.0
650,2021-09-30 13:48:52,7200.0,300.0,2792000.0
651,2021-09-30 13:48:39,7200.0,200.0,2791700.0
652,2021-09-30 13:48:39,7200.0,100.0,2791500.0
653,2021-09-30 13:48:39,7200.0,1000.0,2791400.0
654,2021-09-30 13:48:39,7200.0,100.0,2790400.0
655,2021-09-30 13:48:28,7200.0,100.0,2790300.0
656,2021-09-30 13:48:26,7200.0,800.0,2790200.0
657,2021-09-30 13:48:26,7200.0,1200.0,2789400.0
658,2021-09-30 13:48:26,7200.0,500.0,2788200.0
659,2021-09-30 13:48:19,7200.0,2000.0,2787700.0
660,2021-09-30 13:48:02,7200.0,500.0,2785700.0
661,2021-09-30 13:48:00,7200.0,6400.0,2785200.0
662,2021-09-30 13:48:00,7200.0,200.0,2778800.0
663,2021-09-30 13:48:00,7200.0,1400.0,2778600.0
664,2021-09-30 13:47:53,7200.0,1000.0,2777200.0
665,2021-09-30 13:47:49,7200.0,500.0,2776200.0
666,2021-09-30 13:47:46,7200.0,1000.0,2775700.0
667,2021-09-30 13:47:46,7200.0,1000.0,2774700.0
668,2021-09-30 13:47:46,7200.0,5000.0,2773700.0
669,2021-09-30 13:47:46,7200.0,100.0,2768700.0
670,2021-09-30 13:47:43,7200.0,1000.0,2768600.0
671,2021-09-30 13:47:26,7200.0,3900.0,2767600.0
672,2021-09-30 13:47:26,7200.0,700.0,2763700.0
673,2021-09-30 13:47:26,7200.0,2000.0,2763000.0
674,2021-09-30 13:47:26,7200.0,1000.0,2761000.0
675,2021-09-30 13:47:26,7200.0,200.0,2760000.0
676,2021-09-30 13:47:26,7200.0,1000.0,2759800.0
677,2021-09-30 13:47:26,7200.0,1000.0,2758800.0
678,2021-09-30 13:47:26,7200.0,200.0,2757800.0
679,2021-09-30 13:47:00,7190.0,2100.0,2757600.0
680,2021-09-30 13:47:00,7190.0,200.0,2755500.0
681,2021-09-30 13:47:00,7190.0,7700.0,2755300.0
682,2021-09-30 13:46:45,7200.0,200.0,2747600.0
683,2021-09-30 13:46:45,7200.0,2000.0,2747400.0
684,2021-09-30 13:46:45,7200.0,1100.0,2745400.0
685,2021-09-30 13:46:43,7200.0,200.0,2744300.0
686,2021-09-30 13:46:15,7200.0,700.0,2744100.0
687,2021-09-30 13:46:11,7200.0,100.0,2743400.0
688,2021-09-30 13:46:04,7200.0,200.0,2743300.0
689,2021-09-30 13:46:03,7200.0,300.0,2743100.0
690,2021-09-30 13:46:03,7200.0,1000.0,2742800.0
691,2021-09-30 13:46:03,7200.0,500.0,2741800.0
692,2021-09-30 13:46:02,7200.0,1100.0,2741300.0
693,2021-09-30 13:46:02,7200.0,200.0,2740200.0
694,2021-09-30 13:46:02,7200.0,1000.0,2740000.0
695,2021-09-30 13:46:02,7200.0,200.0,2739000.0
696,2021-09-30 13:46:02,7200.0,1000.0,2738800.0
697,2021-09-30 13:46:02,7200.0,1500.0,2737800.0
698,2021-09-30 13:45:58,7200.0,3500.0,2736300.0
699,2021-09-30 13:45:58,7200.0,1000.0,2732800.0
700,2021-09-30 13:45:58,7200.0,10000.0,2731800.0
701,2021-09-30 13:45:58,7200.0,500.0,2721800.0
702,2021-09-30 13:45:58,7200.0,2000.0,2721300.0
703,2021-09-30 13:45:58,7200.0,400.0,2719300.0
704,2021-09-30 13:45:58,7200.0,2600.0,2718900.0
705,2021-09-30 13:45:23,7200.0,3600.0,2716300.0
706,2021-09-30 13:45:23,7200.0,100.0,2712700.0
707,2021-09-30 13:45:23,7200.0,1300.0,2712600.0
708,2021-09-30 13:44:53,7190.0,4300.0,2711300.0
709,2021-09-30 13:44:53,7190.0,1000.0,2707000.0
710,2021-09-30 13:44:53,7190.0,1700.0,2706000.0
711,2021-09-30 13:44:52,7190.0,3300.0,2704300.0
712,2021-09-30 13:44:52,7190.0,1700.0,2701000.0
713,2021-09-30 13:44:52,7190.0,300.0,2699300.0
714,2021-09-30 13:44:31,7190.0,300.0,2699000.0
715,2021-09-30 13:44:22,7190.0,7700.0,2698700.0
716,2021-09-30 13:44:16,7190.0,2000.0,2691000.0
717,2021-09-30 13:44:10,7190.0,300.0,2689000.0
718,2021-09-30 13:44:07,7190.0,1000.0,2688700.0
719,2021-09-30 13:44:07,7190.0,700.0,2687700.0
720,2021-09-30 13:44:03,7190.0,1000.0,2687000.0
721,2021-09-30 13:43:53,7190.0,8300.0,2686000.0
722,2021-09-30 13:43:53,7190.0,1000.0,2677700.0
723,2021-09-30 13:43:53,7190.0,200.0,2676700.0
724,2021-09-30 13:43:53,7190.0,500.0,2676500.0
725,2021-09-30 13:43:32,7180.0,2000.0,2676000.0
726,2021-09-30 13:43:15,7180.0,300.0,2674000.0
727,2021-09-30 13:42:49,7180.0,1000.0,2673700.0
728,2021-09-30 13:42:43,7200.0,500.0,2672700.0
729,2021-09-30 13:42:34,7200.0,3200.0,2672200.0
730,2021-09-30 13:42:34,7200.0,3700.0,2669000.0
731,2021-09-30 13:42:34,7180.0,13100.0,2665300.0
732,2021-09-30 13:42:29,7180.0,1000.0,2652200.0
733,2021-09-30 13:42:28,7180.0,4900.0,2651200.0
734,2021-09-30 13:42:28,7180.0,5100.0,2646300.0
735,2021-09-30 13:42:24,7180.0,1000.0,2641200.0
736,2021-09-30 13:42:10,7180.0,300.0,2640200.0
737,2021-09-30 13:42:10,7180.0,3600.0,2639900.0
738,2021-09-30 13:42:06,7180.0,3000.0,2636300.0
739,2021-09-30 13:42:04,7180.0,1000.0,2633300.0
740,2021-09-30 13:42:04,7200.0,2300.0,2632300.0
741,2021-09-30 13:42:04,7200.0,5700.0,2630000.0
742,2021-09-30 13:42:04,7190.0,2000.0,2624300.0
743,2021-09-30 13:41:57,7180.0,2400.0,2622300.0
744,2021-09-30 13:41:57,7180.0,500.0,2619900.0
745,2021-09-30 13:41:57,7180.0,1000.0,2619400.0
746,2021-09-30 13:41:57,7180.0,1100.0,2618400.0
747,2021-09-30 13:41:55,7180.0,3900.0,2617300.0
748,2021-09-30 13:41:55,7180.0,5100.0,2613400.0
749,2021-09-30 13:41:29,7180.0,100.0,2608300.0
750,2021-09-30 13:41:22,7200.0,4300.0,2608200.0
751,2021-09-30 13:41:22,7200.0,4000.0,2603900.0
752,2021-09-30 13:41:22,7200.0,1000.0,2599900.0
753,2021-09-30 13:41:22,7200.0,2000.0,2598900.0
754,2021-09-30 13:41:22,7200.0,1000.0,2596900.0
755,2021-09-30 13:41:22,7190.0,5000.0,2595900.0
756,2021-09-30 13:41:22,7190.0,2000.0,2590900.0
757,2021-09-30 13:41:22,7190.0,700.0,2588900.0
758,2021-09-30 13:41:16,7190.0,300.0,2588200.0
759,2021-09-30 13:41:16,7190.0,200.0,2587900.0
760,2021-09-30 13:41:15,7180.0,2000.0,2587700.0
761,2021-09-30 13:40:54,7180.0,500.0,2585700.0
762,2021-09-30 13:40:54,7180.0,100.0,2585200.0
763,2021-09-30 13:40:54,7180.0,100.0,2585100.0
764,2021-09-30 13:40:54,7180.0,100.0,2585000.0
765,2021-09-30 13:40:54,7180.0,2000.0,2584900.0
766,2021-09-30 13:40:52,7170.0,2800.0,2582900.0
767,2021-09-30 13:40:52,7170.0,500.0,2580100.0
768,2021-09-30 13:40:52,7170.0,200.0,2579600.0
769,2021-09-30 13:40:52,7170.0,1000.0,2579400.0
770,2021-09-30 13:40:52,7170.0,500.0,2578400.0
771,2021-09-30 13:40:42,7170.0,3500.0,2577900.0
772,2021-09-30 13:40:25,7180.0,4000.0,2574400.0
773,2021-09-30 13:40:25,7180.0,1000.0,2570400.0
774,2021-09-30 13:40:25,7180.0,2000.0,2569400.0
775,2021-09-30 13:40:20,7180.0,5000.0,2567400.0
776,2021-09-30 13:40:19,7170.0,1000.0,2562400.0
777,2021-09-30 13:40:19,7170.0,3500.0,2561400.0
778,2021-09-30 13:40:19,7170.0,500.0,2557900.0
779,2021-09-30 13:40:19,7170.0,100.0,2557400.0
780,2021-09-30 13:40:19,7170.0,1100.0,2557300.0
781,2021-09-30 13:40:16,7170.0,2800.0,2556200.0
782,2021-09-30 13:40:13,7170.0,100.0,2553400.0
783,2021-09-30 13:40:13,7170.0,4000.0,2553300.0
784,2021-09-30 13:40:13,7170.0,100.0,2549300.0
785,2021-09-30 13:40:13,7170.0,800.0,2549200.0
786,2021-09-30 13:40:12,7170.0,500.0,2548400.0
787,2021-09-30 13:40:03,7180.0,100.0,2547900.0
788,2021-09-30 13:40:02,7170.0,1800.0,2547800.0
789,2021-09-30 13:40:02,7170.0,1200.0,2546000.0
790,2021-09-30 13:39:55,7170.0,2000.0,2544800.0
791,2021-09-30 13:39:52,7180.0,100.0,2542800.0
792,2021-09-30 13:39:48,7180.0,1000.0,2542700.0
793,2021-09-30 13:39:48,7180.0,500.0,2541700.0
794,2021-09-30 13:39:48,7180.0,200.0,2541200.0
795,2021-09-30 13:39:48,7180.0,6100.0,2541000.0
796,2021-09-30 13:39:35,7180.0,2000.0,2534900.0
797,2021-09-30 13:39:34,7180.0,1100.0,2532900.0
798,2021-09-30 13:39:29,7180.0,500.0,2531800.0
799,2021-09-30 13:39:28,7190.0,200.0,2531300.0
800,2021-09-30 13:39:25,7180.0,300.0,2531100.0
801,2021-09-30 13:39:25,7180.0,500.0,2530800.0
802,2021-09-30 13:39:25,7180.0,100.0,2530300.0
803,2021-09-30 13:39:25,7180.0,100.0,2530200.0
804,2021-09-30 13:39:22,7180.0,3000.0,2530100.0
805,2021-09-30 13:39:20,7190.0,100.0,2527100.0
806,2021-09-30 13:39:15,7180.0,2000.0,2527000.0
807,2021-09-30 13:39:11,7180.0,800.0,2525000.0
808,2021-09-30 13:39:07,7180.0,4100.0,2524200.0
809,2021-09-30 13:39:07,7180.0,1900.0,2520100.0
810,2021-09-30 13:39:07,7190.0,6000.0,2518200.0
811,2021-09-30 13:38:57,7200.0,9000.0,2512200.0
812,2021-09-30 13:38:54,7200.0,1000.0,2503200.0
813,2021-09-30 13:38:54,7200.0,1000.0,2502200.0
814,2021-09-30 13:38:54,7200.0,1000.0,2501200.0
815,2021-09-30 13:38:54,7200.0,1700.0,2500200.0
816,2021-09-30 13:38:54,7200.0,1000.0,2498500.0
817,2021-09-30 13:38:54,7200.0,100.0,2497500.0
818,2021-09-30 13:38:54,7200.0,4400.0,2497400.0
819,2021-09-30 13:38:54,7200.0,100.0,2493000.0
820,2021-09-30 13:38:54,7200.0,3000.0,2492900.0
821,2021-09-30 13:38:54,7200.0,1700.0,2489900.0
822,2021-09-30 13:38:47,7210.0,1200.0,2488200.0
823,2021-09-30 13:38:46,7210.0,200.0,2487000.0
824,2021-09-30 13:38:40,7210.0,500.0,2486800.0
825,2021-09-30 13:38:36,7220.0,100.0,2486300.0
826,2021-09-30 13:38:36,7220.0,500.0,2486200.0
827,2021-09-30 13:38:36,7220.0,400.0,2485700.0
828,2021-09-30 13:38:29,7200.0,300.0,2485300.0
829,2021-09-30 13:38:27,7220.0,200.0,2485000.0
830,2021-09-30 13:38:27,7210.0,3000.0,2484800.0
831,2021-09-30 13:38:26,7210.0,7000.0,2481800.0
832,2021-09-30 13:38:21,7220.0,500.0,2474800.0
833,2021-09-30 13:38:21,7220.0,200.0,2474300.0
834,2021-09-30 13:38:21,7220.0,500.0,2474100.0
835,2021-09-30 13:38:21,7220.0,600.0,2473600.0
836,2021-09-30 13:38:19,7210.0,3000.0,2473000.0
837,2021-09-30 13:38:15,7210.0,500.0,2470000.0
838,2021-09-30 13:38:15,7210.0,1500.0,2469500.0
839,2021-09-30 13:38:14,7210.0,500.0,2468000.0
840,2021-09-30 13:38:14,7210.0,1200.0,2467500.0
841,2021-09-30 13:38:14,7210.0,100.0,2466300.0
842,2021-09-30 13:38:14,7210.0,2000.0,2466200.0
843,2021-09-30 13:38:14,7210.0,300.0,2464200.0
844,2021-09-30 13:38:14,7210.0,600.0,2463900.0
845,2021-09-30 13:38:14,7210.0,300.0,2463300.0
846,2021-09-30 13:38:09,7210.0,9700.0,2463000.0
847,2021-09-30 13:38:09,7210.0,300.0,2453300.0
848,2021-09-30 13:38:08,7220.0,400.0,2453000.0
849,2021-09-30 13:38:08,7220.0,9600.0,2452600.0
850,2021-09-30 13:38:07,7210.0,200.0,2443000.0
851,2021-09-30 13:37:54,7220.0,400.0,2442800.0
852,2021-09-30 13:37:50,7230.0,4000.0,2442400.0
853,2021-09-30 13:37:50,7230.0,1000.0,2438400.0
854,2021-09-30 13:37:50,7230.0,5000.0,2437400.0
855,2021-09-30 13:37:46,7230.0,100.0,2432400.0
856,2021-09-30 13:37:43,7210.0,300.0,2432300.0
857,2021-09-30 13:37:40,7220.0,500.0,2432000.0
858,2021-09-30 13:37:40,7220.0,1000.0,2431500.0
859,2021-09-30 13:37:40,7220.0,100.0,2430500.0
860,2021-09-30 13:37:38,7210.0,1000.0,2430400.0
861,2021-09-30 13:37:32,7220.0,100.0,2429400.0
862,2021-09-30 13:37:32,7220.0,500.0,2429300.0
863,2021-09-30 13:37:32,7220.0,300.0,2428800.0
864,2021-09-30 13:37:28,7220.0,100.0,2428500.0
865,2021-09-30 13:37:26,7230.0,4900.0,2428400.0
866,2021-09-30 13:37:26,7230.0,100.0,2423500.0
867,2021-09-30 13:37:21,7220.0,500.0,2423400.0
868,2021-09-30 13:37:18,7220.0,100.0,2422900.0
869,2021-09-30 13:37:10,7210.0,100.0,2422800.0
870,2021-09-30 13:37:07,7220.0,3500.0,2422700.0
871,2021-09-30 13:36:57,7210.0,200.0,2419200.0
872,2021-09-30 13:36:55,7220.0,1500.0,2419000.0
873,2021-09-30 13:36:41,7210.0,1000.0,2417500.0
874,2021-09-30 13:36:35,7210.0,3000.0,2416500.0
875,2021-09-30 13:36:35,7210.0,1500.0,2413500.0
876,2021-09-30 13:36:35,7210.0,500.0,2412000.0
877,2021-09-30 13:36:29,7200.0,500.0,2411500.0
878,2021-09-30 13:36:24,7200.0,500.0,2411000.0
879,2021-09-30 13:36:14,7200.0,500.0,2410500.0
880,2021-09-30 13:36:14,7200.0,300.0,2410000.0
881,2021-09-30 13:36:14,7200.0,500.0,2409700.0
882,2021-09-30 13:36:14,7200.0,700.0,2409200.0
883,2021-09-30 13:36:05,7200.0,3300.0,2408500.0
884,2021-09-30 13:36:05,7200.0,200.0,2405200.0
885,2021-09-30 13:36:05,7200.0,500.0,2405000.0
886,2021-09-30 13:36:05,7200.0,100.0,2404500.0
887,2021-09-30 13:36:05,7200.0,900.0,2404400.0
888,2021-09-30 13:36:02,7200.0,100.0,2403500.0
889,2021-09-30 13:36:02,7200.0,200.0,2403400.0
890,2021-09-30 13:36:02,7200.0,800.0,2403200.0
891,2021-09-30 13:36:02,7200.0,100.0,2402400.0
892,2021-09-30 13:36:02,7200.0,100.0,2402300.0
893,2021-09-30 13:36:02,7200.0,700.0,2402200.0
894,2021-09-30 13:35:58,7200.0,300.0,2401500.0
895,2021-09-30 13:35:58,7200.0,1000.0,2401200.0
896,2021-09-30 13:35:58,7200.0,500.0,2400200.0
897,2021-09-30 13:35:58,7200.0,2500.0,2399700.0
898,2021-09-30 13:35:53,7200.0,2000.0,2397200.0
899,2021-09-30 13:35:51,7200.0,1200.0,2395200.0
900,2021-09-30 13:35:48,7200.0,1300.0,2394000.0
901,2021-09-30 13:35:48,7200.0,100.0,2392700.0
902,2021-09-30 13:35:48,7200.0,1000.0,2392600.0
903,2021-09-30 13:35:48,7200.0,100.0,2391600.0
904,2021-09-30 13:35:48,7200.0,700.0,2391500.0
905,2021-09-30 13:35:48,7200.0,1800.0,2390800.0
906,2021-09-30 13:35:40,7200.0,3200.0,2389000.0
907,2021-09-30 13:35:40,7200.0,1000.0,2385800.0
908,2021-09-30 13:35:40,7200.0,3000.0,2384800.0
909,2021-09-30 13:35:40,7200.0,200.0,2381800.0
910,2021-09-30 13:35:40,7200.0,10000.0,2381600.0
911,2021-09-30 13:35:40,7200.0,10000.0,2371600.0
912,2021-09-30 13:35:40,7200.0,1000.0,2361600.0
913,2021-09-30 13:35:40,7200.0,100.0,2360600.0
914,2021-09-30 13:35:40,7200.0,4000.0,2360500.0
915,2021-09-30 13:35:40,7200.0,1000.0,2356500.0
916,2021-09-30 13:35:40,7200.0,1000.0,2355500.0
917,2021-09-30 13:35:40,7200.0,1000.0,2354500.0
918,2021-09-30 13:35:40,7200.0,2000.0,2353500.0
919,2021-09-30 13:35:40,7200.0,2000.0,2351500.0
920,2021-09-30 13:35:40,7200.0,1700.0,2349500.0
921,2021-09-30 13:35:40,7190.0,2000.0,2347800.0
922,2021-09-30 13:35:40,7190.0,100.0,2345800.0
923,2021-09-30 13:35:40,7190.0,300.0,2345700.0
924,2021-09-30 13:35:40,7190.0,5400.0,2345400.0
925,2021-09-30 13:35:24,7190.0,3600.0,2340000.0
926,2021-09-30 13:35:23,7190.0,500.0,2336400.0
927,2021-09-30 13:35:22,7200.0,300.0,2335900.0
928,2021-09-30 13:35:22,7200.0,100.0,2335600.0
929,2021-09-30 13:35:22,7200.0,100.0,2335500.0
930,2021-09-30 13:35:15,7190.0,13900.0,2335400.0
931,2021-09-30 13:35:14,7190.0,5000.0,2321500.0
932,2021-09-30 13:35:08,7190.0,1100.0,2316500.0
933,2021-09-30 13:34:57,7200.0,400.0,2315400.0
934,2021-09-30 13:34:57,7200.0,300.0,2315000.0
935,2021-09-30 13:34:57,7190.0,300.0,2314700.0
936,2021-09-30 13:34:52,7190.0,800.0,2314400.0
937,2021-09-30 13:34:52,7190.0,900.0,2313600.0
938,2021-09-30 13:34:43,7190.0,2000.0,2312700.0
939,2021-09-30 13:34:40,7190.0,200.0,2310700.0
940,2021-09-30 13:34:33,7190.0,100.0,2310500.0
941,2021-09-30 13:34:33,7190.0,5000.0,2310400.0
942,2021-09-30 13:34:33,7190.0,1000.0,2305400.0
943,2021-09-30 13:34:33,7190.0,5000.0,2304400.0
944,2021-09-30 13:34:33,7190.0,1000.0,2299400.0
945,2021-09-30 13:34:33,7190.0,5000.0,2298400.0
946,2021-09-30 13:34:33,7190.0,200.0,2293400.0
947,2021-09-30 13:34:33,7190.0,2600.0,2293200.0
948,2021-09-30 13:34:33,7190.0,700.0,2290600.0
949,2021-09-30 13:34:29,7180.0,500.0,2289900.0
950,2021-09-30 13:34:29,7190.0,1700.0,2289400.0
951,2021-09-30 13:34:29,7190.0,1000.0,2287700.0
952,2021-09-30 13:34:28,7180.0,300.0,2286700.0
953,2021-09-30 13:34:25,7190.0,5000.0,2286400.0
954,2021-09-30 13:34:20,7180.0,1000.0,2281400.0
955,2021-09-30 13:34:20,7180.0,2000.0,2280400.0
956,2021-09-30 13:34:20,7180.0,100.0,2278400.0
957,2021-09-30 13:34:20,7180.0,200.0,2278300.0
958,2021-09-30 13:34:20,7180.0,100.0,2278100.0
959,2021-09-30 13:34:20,7180.0,400.0,2278000.0
960,2021-09-30 13:34:20,7180.0,2000.0,2277600.0
961,2021-09-30 13:34:20,7180.0,1500.0,2275600.0
962,2021-09-30 13:34:10,7180.0,1500.0,2274100.0
963,2021-09-30 13:34:02,7160.0,800.0,2272600.0
964,2021-09-30 13:33:54,7160.0,100.0,2271800.0
965,2021-09-30 13:33:53,7180.0,1000.0,2271700.0
966,2021-09-30 13:33:46,7180.0,1000.0,2270700.0
967,2021-09-30 13:33:39,7160.0,600.0,2269700.0
968,2021-09-30 13:33:36,7160.0,500.0,2269100.0
969,2021-09-30 13:33:32,7160.0,300.0,2268600.0
970,2021-09-30 13:33:32,7160.0,800.0,2268300.0
971,2021-09-30 13:33:32,7160.0,500.0,2267500.0
972,2021-09-30 13:33:32,7160.0,1000.0,2267000.0
973,2021-09-30 13:33:32,7160.0,100.0,2266000.0
974,2021-09-30 13:33:32,7160.0,1200.0,2265900.0
975,2021-09-30 13:33:31,7160.0,500.0,2264700.0
976,2021-09-30 13:33:31,7160.0,500.0,2264200.0
977,2021-09-30 13:33:27,7160.0,300.0,2263700.0
978,2021-09-30 13:33:21,7160.0,100.0,2263400.0
979,2021-09-30 13:33:21,7170.0,20000.0,2263300.0
980,2021-09-30 13:33:18,7160.0,100.0,2243300.0
981,2021-09-30 13:33:09,7160.0,1300.0,2243200.0
982,2021-09-30 13:33:09,7160.0,1700.0,2241900.0
983,2021-09-30 13:33:05,7160.0,2300.0,2240200.0
984,2021-09-30 13:33:04,7160.0,2000.0,2237900.0
985,2021-09-30 13:33:04,7150.0,500.0,2235900.0
986,2021-09-30 13:33:03,7160.0,100.0,2235400.0
987,2021-09-30 13:32:59,7160.0,2000.0,2235300.0
988,2021-09-30 13:32:57,7160.0,1000.0,2233300.0
989,2021-09-30 13:32:56,7160.0,500.0,2232300.0
990,2021-09-30 13:32:56,7160.0,2000.0,2231800.0
991,2021-09-30 13:32:56,7160.0,100.0,2229800.0
992,2021-09-30 13:32:56,7160.0,200.0,2229700.0
993,2021-09-30 13:32:44,7150.0,500.0,2229500.0
994,2021-09-30 13:32:44,7150.0,1000.0,2229000.0
995,2021-09-30 13:32:44,7150.0,300.0,2228000.0
996,2021-09-30 13:32:44,7150.0,2000.0,2227700.0
997,2021-09-30 13:32:44,7150.0,500.0,2225700.0
998,2021-09-30 13:32:44,7150.0,200.0,2225200.0
999,2021-09-30 13:32:44,7150.0,1000.0,2225000.0
1000,2021-09-30 13:32:44,7150.0,1000.0,2224000.0
1001,2021-09-30 13:32:44,7150.0,100.0,2223000.0
1002,2021-09-30 13:32:44,7150.0,100.0,2222900.0
1003,2021-09-30 13:32:44,7150.0,500.0,2222800.0
1004,2021-09-30 13:32:44,7150.0,3300.0,2222300.0
1005,2021-09-30 13:32:41,7150.0,1700.0,2219000.0
1006,2021-09-30 13:32:41,7150.0,200.0,2217300.0
1007,2021-09-30 13:32:41,7150.0,100.0,2217100.0
1008,2021-09-30 13:32:34,7150.0,400.0,2217000.0
1009,2021-09-30 13:32:34,7150.0,5000.0,2216600.0
1010,2021-09-30 13:32:34,7150.0,100.0,2211600.0
1011,2021-09-30 13:32:34,7150.0,2000.0,2211500.0
1012,2021-09-30 13:32:34,7150.0,100.0,2209500.0
1013,2021-09-30 13:32:34,7150.0,300.0,2209400.0
1014,2021-09-30 13:32:34,7140.0,1000.0,2209100.0
1015,2021-09-30 13:32:34,7140.0,1100.0,2208100.0
1016,2021-09-30 13:32:25,7140.0,3900.0,2207000.0
1017,2021-09-30 13:32:25,7140.0,1000.0,2203100.0
1018,2021-09-30 13:32:25,7130.0,100.0,2202100.0
1019,2021-09-30 13:32:24,7130.0,100.0,2202000.0
1020,2021-09-30 13:32:18,7130.0,4800.0,2201900.0
1021,2021-09-30 13:32:18,7130.0,5000.0,2197100.0
1022,2021-09-30 13:32:18,7130.0,200.0,2192100.0
1023,2021-09-30 13:32:04,7120.0,200.0,2191900.0
1024,2021-09-30 13:31:57,7120.0,200.0,2191700.0
1025,2021-09-30 13:31:57,7120.0,5000.0,2191500.0
1026,2021-09-30 13:31:57,7120.0,1300.0,2186500.0
1027,2021-09-30 13:31:39,7110.0,200.0,2185200.0
1028,2021-09-30 13:31:26,7120.0,1000.0,2185000.0
1029,2021-09-30 13:31:20,7120.0,1000.0,2184000.0
1030,2021-09-30 13:31:20,7120.0,1000.0,2183000.0
1031,2021-09-30 13:31:05,7120.0,4700.0,2182000.0
1032,2021-09-30 13:31:05,7120.0,100.0,2177300.0
1033,2021-09-30 13:31:05,7120.0,200.0,2177200.0
1034,2021-09-30 13:31:05,7120.0,15000.0,2177000.0
1035,2021-09-30 13:31:02,7120.0,10000.0,2162000.0
1036,2021-09-30 13:31:01,7120.0,5000.0,2152000.0
1037,2021-09-30 13:30:54,7110.0,100.0,2147000.0
1038,2021-09-30 13:30:52,7110.0,100.0,2146900.0
1039,2021-09-30 13:30:46,7110.0,100.0,2146800.0
1040,2021-09-30 13:30:46,7110.0,1000.0,2146700.0
1041,2021-09-30 13:30:44,7110.0,900.0,2145700.0
1042,2021-09-30 13:30:44,7110.0,100.0,2144800.0
1043,2021-09-30 13:30:44,7110.0,2000.0,2144700.0
1044,2021-09-30 13:30:44,7110.0,2000.0,2142700.0
1045,2021-09-30 13:30:28,7100.0,200.0,2140700.0
1046,2021-09-30 13:30:25,7100.0,1000.0,2140500.0
1047,2021-09-30 13:30:25,7100.0,200.0,2139500.0
1048,2021-09-30 13:30:25,7100.0,100.0,2139300.0
1049,2021-09-30 13:30:25,7100.0,2000.0,2139200.0
1050,2021-09-30 13:30:25,7100.0,1000.0,2137200.0
1051,2021-09-30 13:30:25,7100.0,100.0,2136200.0
1052,2021-09-30 13:30:25,7100.0,500.0,2136100.0
1053,2021-09-30 13:30:25,7100.0,500.0,2135600.0
1054,2021-09-30 13:30:25,7100.0,200.0,2135100.0
1055,2021-09-30 13:30:25,7100.0,100.0,2134900.0
1056,2021-09-30 13:30:25,7100.0,500.0,2134800.0
1057,2021-09-30 13:30:25,7100.0,500.0,2134300.0
1058,2021-09-30 13:30:25,7100.0,1200.0,2133800.0
1059,2021-09-30 13:30:25,7100.0,1000.0,2132600.0
1060,2021-09-30 13:30:25,7100.0,400.0,2131600.0
1061,2021-09-30 13:30:25,7100.0,3000.0,2131200.0
1062,2021-09-30 13:30:25,7100.0,2000.0,2128200.0
1063,2021-09-30 13:30:25,7100.0,100.0,2126200.0
1064,2021-09-30 13:30:25,7100.0,15000.0,2126100.0
1065,2021-09-30 13:30:25,7100.0,11800.0,2111100.0
1066,2021-09-30 13:30:25,7100.0,2000.0,2099300.0
1067,2021-09-30 13:30:25,7100.0,1000.0,2097300.0
1068,2021-09-30 13:30:25,7100.0,1000.0,2096300.0
1069,2021-09-30 13:30:25,7100.0,3000.0,2095300.0
1070,2021-09-30 13:30:25,7100.0,2300.0,2092300.0
1071,2021-09-30 13:30:25,7100.0,10000.0,2090000.0
1072,2021-09-30 13:30:25,7100.0,1800.0,2080000.0
1073,2021-09-30 13:30:25,7100.0,2000.0,2078200.0
1074,2021-09-30 13:30:25,7100.0,100.0,2076200.0
1075,2021-09-30 13:30:25,7100.0,100.0,2076100.0
1076,2021-09-30 13:30:25,7100.0,3000.0,2076000.0
1077,2021-09-30 13:30:25,7100.0,400.0,2073000.0
1078,2021-09-30 13:30:22,7100.0,2400.0,2072600.0
1079,2021-09-30 13:30:22,7100.0,1000.0,2070200.0
1080,2021-09-30 13:30:22,7100.0,500.0,2069200.0
1081,2021-09-30 13:30:22,7100.0,500.0,2068700.0
1082,2021-09-30 13:30:22,7100.0,100.0,2068200.0
1083,2021-09-30 13:30:22,7100.0,7000.0,2068100.0
1084,2021-09-30 13:30:22,7100.0,1000.0,2061100.0
1085,2021-09-30 13:30:22,7100.0,11000.0,2060100.0
1086,2021-09-30 13:30:22,7100.0,100.0,2049100.0
1087,2021-09-30 13:30:22,7100.0,6400.0,2049000.0
1088,2021-09-30 13:30:09,7100.0,3600.0,2042600.0
1089,2021-09-30 13:30:09,7100.0,100.0,2039000.0
1090,2021-09-30 13:30:09,7100.0,1000.0,2038900.0
1091,2021-09-30 13:30:09,7100.0,100.0,2037900.0
1092,2021-09-30 13:30:09,7100.0,1100.0,2037800.0
1093,2021-09-30 13:30:09,7100.0,200.0,2036700.0
1094,2021-09-30 13:30:09,7090.0,200.0,2036500.0
1095,2021-09-30 13:30:09,7090.0,4000.0,2036300.0
1096,2021-09-30 13:30:09,7090.0,2000.0,2032300.0
1097,2021-09-30 13:30:09,7090.0,500.0,2030300.0
1098,2021-09-30 13:30:09,7090.0,2000.0,2029800.0
1099,2021-09-30 13:30:09,7090.0,200.0,2027800.0
1100,2021-09-30 13:29:34,7080.0,3000.0,2027600.0
1101,2021-09-30 13:29:25,7080.0,2000.0,2024600.0
1102,2021-09-30 13:29:25,7080.0,1000.0,2022600.0
1103,2021-09-30 13:29:14,7080.0,400.0,2021600.0
1104,2021-09-30 13:29:00,7080.0,1000.0,2021200.0
1105,2021-09-30 13:28:55,7070.0,1200.0,2020200.0
1106,2021-09-30 13:28:38,7080.0,2000.0,2019000.0
1107,2021-09-30 13:28:16,7080.0,600.0,2017000.0
1108,2021-09-30 13:28:14,7080.0,100.0,2016400.0
1109,2021-09-30 13:27:04,7090.0,300.0,2016300.0
1110,2021-09-30 13:26:32,7090.0,2000.0,2016000.0
1111,2021-09-30 13:26:32,7090.0,2000.0,2014000.0
1112,2021-09-30 13:26:32,7090.0,100.0,2012000.0
1113,2021-09-30 13:26:32,7090.0,1000.0,2011900.0
1114,2021-09-30 13:26:32,7090.0,1000.0,2010900.0
1115,2021-09-30 13:26:32,7090.0,1000.0,2009900.0
1116,2021-09-30 13:26:32,7090.0,1000.0,2008900.0
1117,2021-09-30 13:26:32,7090.0,100.0,2007900.0
1118,2021-09-30 13:26:32,7090.0,1000.0,2007800.0
1119,2021-09-30 13:26:32,7090.0,10000.0,2006800.0
1120,2021-09-30 13:26:32,7090.0,8000.0,1996800.0
1121,2021-09-30 13:26:32,7080.0,300.0,1988800.0
1122,2021-09-30 13:26:32,7080.0,300.0,1988500.0
1123,2021-09-30 13:26:32,7080.0,100.0,1988200.0
1124,2021-09-30 13:26:32,7080.0,500.0,1988100.0
1125,2021-09-30 13:26:32,7080.0,600.0,1987600.0
1126,2021-09-30 13:26:32,7070.0,1000.0,1987000.0
1127,2021-09-30 13:26:31,7060.0,500.0,1986000.0
1128,2021-09-30 13:26:18,7060.0,15000.0,1985500.0
1129,2021-09-30 13:26:16,7060.0,100.0,1970500.0
1130,2021-09-30 13:26:06,7060.0,1500.0,1970400.0
1131,2021-09-30 13:25:55,7060.0,100.0,1968900.0
1132,2021-09-30 13:25:55,7060.0,100.0,1968800.0
1133,2021-09-30 13:25:42,7070.0,100.0,1968700.0
1134,2021-09-30 13:24:53,7080.0,2400.0,1968600.0
1135,2021-09-30 13:24:29,7090.0,400.0,1966200.0
1136,2021-09-30 13:24:26,7080.0,2000.0,1965800.0
1137,2021-09-30 13:24:21,7080.0,100.0,1963800.0
1138,2021-09-30 13:24:21,7080.0,3200.0,1963700.0
1139,2021-09-30 13:24:17,7080.0,400.0,1960500.0
1140,2021-09-30 13:24:17,7080.0,300.0,1960100.0
1141,2021-09-30 13:24:17,7080.0,300.0,1959800.0
1142,2021-09-30 13:24:17,7080.0,200.0,1959500.0
1143,2021-09-30 13:24:17,7080.0,1000.0,1959300.0
1144,2021-09-30 13:23:17,7080.0,3000.0,1958300.0
1145,2021-09-30 13:23:17,7080.0,1000.0,1955300.0
1146,2021-09-30 13:23:17,7080.0,100.0,1954300.0
1147,2021-09-30 13:23:17,7080.0,500.0,1954200.0
1148,2021-09-30 13:23:17,7070.0,200.0,1953700.0
1149,2021-09-30 13:23:17,7070.0,1000.0,1953500.0
1150,2021-09-30 13:23:17,7070.0,20000.0,1952500.0
1151,2021-09-30 13:23:17,7070.0,5000.0,1932500.0
1152,2021-09-30 13:23:17,7070.0,18000.0,1927500.0
1153,2021-09-30 13:23:17,7060.0,200.0,1909500.0
1154,2021-09-30 13:23:17,7060.0,1000.0,1909300.0
1155,2021-09-30 13:23:13,7060.0,1000.0,1908300.0
1156,2021-09-30 13:23:10,7060.0,100.0,1907300.0
1157,2021-09-30 13:23:06,7060.0,5000.0,1907200.0
1158,2021-09-30 13:22:40,7060.0,100.0,1902200.0
1159,2021-09-30 13:22:28,7060.0,10000.0,1902100.0
1160,2021-09-30 13:22:05,7060.0,100.0,1892100.0
1161,2021-09-30 13:21:58,7060.0,3200.0,1892000.0
1162,2021-09-30 13:21:58,7060.0,1800.0,1888800.0
1163,2021-09-30 13:21:20,7060.0,200.0,1887000.0
1164,2021-09-30 13:21:14,7060.0,3000.0,1886800.0
1165,2021-09-30 13:21:14,7060.0,7000.0,1883800.0
1166,2021-09-30 13:20:45,7060.0,100.0,1876800.0
1167,2021-09-30 13:20:45,7060.0,500.0,1876700.0
1168,2021-09-30 13:20:45,7060.0,500.0,1876200.0
1169,2021-09-30 13:20:35,7060.0,500.0,1875700.0
1170,2021-09-30 13:20:27,7060.0,500.0,1875200.0
1171,2021-09-30 13:20:02,7060.0,1000.0,1874700.0
1172,2021-09-30 13:20:02,7060.0,4000.0,1873700.0
1173,2021-09-30 13:19:44,7060.0,2000.0,1869700.0
1174,2021-09-30 13:19:34,7060.0,4000.0,1867700.0
1175,2021-09-30 13:19:34,7060.0,300.0,1863700.0
1176,2021-09-30 13:19:34,7060.0,500.0,1863400.0
1177,2021-09-30 13:19:34,7060.0,400.0,1862900.0
1178,2021-09-30 13:19:34,7060.0,300.0,1862500.0
1179,2021-09-30 13:19:34,7060.0,200.0,1862200.0
1180,2021-09-30 13:19:34,7060.0,3800.0,1862000.0
1181,2021-09-30 13:19:34,7060.0,700.0,1858200.0
1182,2021-09-30 13:19:34,7060.0,5000.0,1857500.0
1183,2021-09-30 13:19:34,7060.0,500.0,1852500.0
1184,2021-09-30 13:19:34,7060.0,200.0,1852000.0
1185,2021-09-30 13:19:34,7060.0,4100.0,1851800.0
1186,2021-09-30 13:19:10,7050.0,100.0,1847700.0
1187,2021-09-30 13:18:53,7050.0,100.0,1847600.0
1188,2021-09-30 13:18:46,7050.0,2100.0,1847500.0
1189,2021-09-30 13:18:34,7050.0,7900.0,1845400.0
1190,2021-09-30 13:18:34,7050.0,3000.0,1837500.0
1191,2021-09-30 13:18:34,7050.0,9100.0,1834500.0
1192,2021-09-30 13:18:34,7050.0,500.0,1825400.0
1193,2021-09-30 13:17:22,7050.0,400.0,1824900.0
1194,2021-09-30 13:17:22,7050.0,2000.0,1824500.0
1195,2021-09-30 13:17:22,7050.0,500.0,1822500.0
1196,2021-09-30 13:17:22,7050.0,500.0,1822000.0
1197,2021-09-30 13:17:22,7050.0,1000.0,1821500.0
1198,2021-09-30 13:17:22,7050.0,500.0,1820500.0
1199,2021-09-30 13:17:22,7050.0,100.0,1820000.0
1200,2021-09-30 13:14:30,7050.0,12900.0,1819900.0
1201,2021-09-30 13:14:30,7050.0,2100.0,1807000.0
1202,2021-09-30 13:14:07,7050.0,15000.0,1804900.0
1203,2021-09-30 13:13:58,7050.0,100.0,1789900.0
1204,2021-09-30 13:13:03,7050.0,5000.0,1789800.0
1205,2021-09-30 13:13:03,7050.0,1000.0,1784800.0
1206,2021-09-30 13:13:03,7050.0,5100.0,1783800.0
1207,2021-09-30 13:13:02,7050.0,5800.0,1778700.0
1208,2021-09-30 13:13:00,7050.0,11000.0,1772900.0
1209,2021-09-30 13:12:37,7050.0,20000.0,1761900.0
1210,2021-09-30 13:12:24,7050.0,600.0,1741900.0
1211,2021-09-30 13:11:35,7050.0,100.0,1741300.0
1212,2021-09-30 13:10:33,7060.0,200.0,1741200.0
1213,2021-09-30 13:09:58,7050.0,500.0,1741000.0
1214,2021-09-30 13:09:58,7050.0,13000.0,1740500.0
1215,2021-09-30 13:09:58,7050.0,2000.0,1727500.0
1216,2021-09-30 13:09:58,7050.0,200.0,1725500.0
1217,2021-09-30 13:09:58,7050.0,2000.0,1725300.0
1218,2021-09-30 13:09:58,7050.0,10700.0,1723300.0
1219,2021-09-30 13:09:52,7040.0,2200.0,1712600.0
1220,2021-09-30 13:09:52,7040.0,800.0,1710400.0
1221,2021-09-30 13:09:18,7040.0,2000.0,1709600.0
1222,2021-09-30 13:08:50,7040.0,2000.0,1707600.0
1223,2021-09-30 13:08:50,7040.0,5200.0,1705600.0
1224,2021-09-30 13:08:18,7040.0,2800.0,1700400.0
1225,2021-09-30 13:08:13,7040.0,1000.0,1697600.0
1226,2021-09-30 13:07:49,7040.0,1200.0,1696600.0
1227,2021-09-30 13:07:49,7040.0,500.0,1695400.0
1228,2021-09-30 13:07:49,7040.0,300.0,1694900.0
1229,2021-09-30 13:06:51,7050.0,500.0,1694600.0
1230,2021-09-30 13:06:16,7040.0,800.0,1694100.0
1231,2021-09-30 13:06:09,7040.0,200.0,1693300.0
1232,2021-09-30 13:06:09,7040.0,1700.0,1693100.0
1233,2021-09-30 13:06:09,7040.0,1000.0,1691400.0
1234,2021-09-30 13:06:09,7040.0,300.0,1690400.0
1235,2021-09-30 13:06:09,7040.0,300.0,1690100.0
1236,2021-09-30 13:06:09,7040.0,400.0,1689800.0
1237,2021-09-30 13:05:01,7040.0,5000.0,1689400.0
1238,2021-09-30 13:04:14,7030.0,400.0,1684400.0
1239,2021-09-30 13:04:14,7030.0,500.0,1684000.0
1240,2021-09-30 13:04:14,7030.0,400.0,1683500.0
1241,2021-09-30 13:03:09,7040.0,1500.0,1683100.0
1242,2021-09-30 13:00:55,7040.0,9000.0,1681600.0
1243,2021-09-30 13:00:17,7040.0,100.0,1672600.0
1244,2021-09-30 13:00:14,7040.0,600.0,1672500.0
1245,2021-09-30 13:00:13,7040.0,200.0,1671900.0
1246,2021-09-30 13:00:12,7040.0,200.0,1671700.0
1247,2021-09-30 13:00:03,7040.0,200.0,1671500.0
1248,2021-09-30 13:00:03,7040.0,1000.0,1671300.0
1249,2021-09-30 13:00:03,7040.0,100.0,1670300.0
1250,2021-09-30 13:00:01,7040.0,1000.0,1670200.0
1251,2021-09-30 13:00:01,7030.0,300.0,1669200.0
1252,2021-09-30 13:00:01,7030.0,200.0,1668900.0
1253,2021-09-30 11:29:45,7040.0,700.0,1668700.0
1254,2021-09-30 11:29:45,7040.0,100.0,1668000.0
1255,2021-09-30 11:29:42,7040.0,1000.0,1667900.0
1256,2021-09-30 11:29:36,7040.0,3900.0,1666900.0
1257,2021-09-30 11:29:36,7040.0,1300.0,1663000.0
1258,2021-09-30 11:29:21,7040.0,100.0,1661700.0
1259,2021-09-30 11:29:14,7040.0,1000.0,1661600.0
1260,2021-09-30 11:28:00,7040.0,200.0,1660600.0
1261,2021-09-30 11:27:59,7040.0,1000.0,1660400.0
1262,2021-09-30 11:27:59,7040.0,100.0,1659400.0
1263,2021-09-30 11:27:59,7040.0,2000.0,1659300.0
1264,2021-09-30 11:27:59,7040.0,2000.0,1657300.0
1265,2021-09-30 11:27:59,7040.0,1000.0,1655300.0
1266,2021-09-30 11:27:59,7040.0,1300.0,1654300.0
1267,2021-09-30 11:27:53,7040.0,1700.0,1653000.0
1268,2021-09-30 11:27:53,7040.0,1000.0,1651300.0
1269,2021-09-30 11:27:53,7040.0,300.0,1650300.0
1270,2021-09-30 11:27:49,7040.0,100.0,1650000.0
1271,2021-09-30 11:26:50,7040.0,600.0,1649900.0
1272,2021-09-30 11:26:50,7040.0,400.0,1649300.0
1273,2021-09-30 11:26:50,7040.0,100.0,1648900.0
1274,2021-09-30 11:26:50,7040.0,900.0,1648800.0
1275,2021-09-30 11:26:42,7040.0,300.0,1647900.0
1276,2021-09-30 11:26:12,7040.0,800.0,1647600.0
1277,2021-09-30 11:26:12,7040.0,2000.0,1646800.0
1278,2021-09-30 11:26:12,7040.0,600.0,1644800.0
1279,2021-09-30 11:25:13,7040.0,200.0,1644200.0
1280,2021-09-30 11:25:09,7050.0,3400.0,1644000.0
1281,2021-09-30 11:24:58,7050.0,2400.0,1640600.0
1282,2021-09-30 11:24:51,7050.0,3000.0,1638200.0
1283,2021-09-30 11:24:51,7050.0,1100.0,1635200.0
1284,2021-09-30 11:24:36,7050.0,2300.0,1634100.0
1285,2021-09-30 11:24:26,7050.0,6400.0,1631800.0
1286,2021-09-30 11:24:26,7050.0,200.0,1625400.0
1287,2021-09-30 11:24:17,7050.0,300.0,1625200.0
1288,2021-09-30 11:24:08,7050.0,1700.0,1624900.0
1289,2021-09-30 11:24:08,7050.0,300.0,1623200.0
1290,2021-09-30 11:24:08,7050.0,300.0,1622900.0
1291,2021-09-30 11:24:05,7050.0,1700.0,1622600.0
1292,2021-09-30 11:24:05,7050.0,300.0,1620900.0
1293,2021-09-30 11:23:58,7050.0,3600.0,1620600.0
1294,2021-09-30 11:23:48,7050.0,2300.0,1617000.0
1295,2021-09-30 11:23:33,7050.0,2500.0,1614700.0
1296,2021-09-30 11:23:18,7050.0,2300.0,1612200.0
1297,2021-09-30 11:23:02,7050.0,2400.0,1609900.0
1298,2021-09-30 11:22:58,7050.0,200.0,1607500.0
1299,2021-09-30 11:22:56,7040.0,1200.0,1607300.0
1300,2021-09-30 11:22:56,7040.0,500.0,1606100.0
1301,2021-09-30 11:22:56,7040.0,500.0,1605600.0
1302,2021-09-30 11:22:56,7040.0,5800.0,1605100.0
1303,2021-09-30 11:22:56,7040.0,500.0,1599300.0
1304,2021-09-30 11:22:56,7040.0,1000.0,1598800.0
1305,2021-09-30 11:22:56,7040.0,500.0,1597800.0
1306,2021-09-30 11:22:30,7040.0,300.0,1597300.0
1307,2021-09-30 11:21:29,7050.0,1400.0,1597000.0
1308,2021-09-30 11:21:29,7050.0,600.0,1595600.0
1309,2021-09-30 11:21:24,7050.0,100.0,1595000.0
1310,2021-09-30 11:21:12,7050.0,300.0,1594900.0
1311,2021-09-30 11:21:12,7050.0,1100.0,1594600.0
1312,2021-09-30 11:21:06,7050.0,2200.0,1593500.0
1313,2021-09-30 11:20:14,7050.0,1000.0,1591300.0
1314,2021-09-30 11:19:57,7050.0,100.0,1590300.0
1315,2021-09-30 11:19:50,7050.0,100.0,1590200.0
1316,2021-09-30 11:19:47,7040.0,200.0,1590100.0
1317,2021-09-30 11:19:12,7050.0,500.0,1589900.0
1318,2021-09-30 11:19:08,7040.0,600.0,1589400.0
1319,2021-09-30 11:18:21,7050.0,700.0,1588800.0
1320,2021-09-30 11:18:17,7050.0,100.0,1588100.0
1321,2021-09-30 11:18:09,7040.0,15000.0,1588000.0
1322,2021-09-30 11:16:55,7050.0,500.0,1573000.0
1323,2021-09-30 11:16:10,7050.0,500.0,1572500.0
1324,2021-09-30 11:15:49,7050.0,5700.0,1572000.0
1325,2021-09-30 11:15:49,7050.0,600.0,1566300.0
1326,2021-09-30 11:14:36,7050.0,100.0,1565700.0
1327,2021-09-30 11:13:45,7050.0,200.0,1565600.0
1328,2021-09-30 11:13:30,7060.0,700.0,1565400.0
1329,2021-09-30 11:13:30,7060.0,2800.0,1564700.0
1330,2021-09-30 11:13:24,7050.0,200.0,1561900.0
1331,2021-09-30 11:13:24,7050.0,200.0,1561700.0
1332,2021-09-30 11:13:07,7040.0,2000.0,1561500.0
1333,2021-09-30 11:11:51,7050.0,100.0,1559500.0
1334,2021-09-30 11:11:51,7050.0,100.0,1559400.0
1335,2021-09-30 11:10:49,7060.0,1900.0,1559300.0
1336,2021-09-30 11:10:49,7050.0,100.0,1557400.0
1337,2021-09-30 11:10:49,7050.0,1500.0,1557300.0
1338,2021-09-30 11:10:47,7050.0,2300.0,1555800.0
1339,2021-09-30 11:10:45,7050.0,11200.0,1553500.0
1340,2021-09-30 11:10:45,7050.0,100.0,1542300.0
1341,2021-09-30 11:10:45,7050.0,500.0,1542200.0
1342,2021-09-30 11:10:45,7050.0,1200.0,1541700.0
1343,2021-09-30 11:10:39,7040.0,100.0,1540500.0
1344,2021-09-30 11:10:25,7050.0,3500.0,1540400.0
1345,2021-09-30 11:09:50,7040.0,100.0,1536900.0
1346,2021-09-30 11:09:32,7040.0,500.0,1536800.0
1347,2021-09-30 11:07:45,7040.0,5000.0,1536300.0
1348,2021-09-30 11:07:45,7040.0,1100.0,1531300.0
1349,2021-09-30 11:07:41,7030.0,5000.0,1530200.0
1350,2021-09-30 11:07:28,7040.0,200.0,1525200.0
1351,2021-09-30 11:07:23,7040.0,1000.0,1525000.0
1352,2021-09-30 11:07:23,7040.0,5000.0,1524000.0
1353,2021-09-30 11:07:23,7040.0,100.0,1519000.0
1354,2021-09-30 11:07:23,7040.0,200.0,1518900.0
1355,2021-09-30 11:07:23,7040.0,1000.0,1518700.0
1356,2021-09-30 11:07:23,7040.0,1400.0,1517700.0
1357,2021-09-30 11:06:23,7040.0,500.0,1516300.0
1358,2021-09-30 11:05:39,7040.0,100.0,1515800.0
1359,2021-09-30 11:05:39,7040.0,1000.0,1515700.0
1360,2021-09-30 11:05:39,7040.0,500.0,1514700.0
1361,2021-09-30 11:05:39,7040.0,1000.0,1514200.0
1362,2021-09-30 11:05:39,7040.0,2400.0,1513200.0
1363,2021-09-30 11:05:06,7040.0,100.0,1510800.0
1364,2021-09-30 11:03:54,7040.0,1100.0,1510700.0
1365,2021-09-30 11:03:46,7040.0,400.0,1509600.0
1366,2021-09-30 11:03:46,7040.0,500.0,1509200.0
1367,2021-09-30 11:03:46,7040.0,1500.0,1508700.0
1368,2021-09-30 11:03:46,7040.0,500.0,1507200.0
1369,2021-09-30 11:03:46,7040.0,200.0,1506700.0
1370,2021-09-30 11:03:46,7040.0,1000.0,1506500.0
1371,2021-09-30 11:03:46,7040.0,15900.0,1505500.0
1372,2021-09-30 11:03:43,7050.0,300.0,1489600.0
1373,2021-09-30 11:03:43,7050.0,500.0,1489300.0
1374,2021-09-30 11:02:48,7050.0,500.0,1488800.0
1375,2021-09-30 11:02:39,7050.0,3000.0,1488300.0
1376,2021-09-30 11:02:24,7050.0,200.0,1485300.0
1377,2021-09-30 11:02:24,7050.0,500.0,1485100.0
1378,2021-09-30 11:02:03,7060.0,5300.0,1484600.0
1379,2021-09-30 11:01:58,7070.0,3500.0,1479300.0
1380,2021-09-30 11:01:55,7060.0,1000.0,1475800.0
1381,2021-09-30 11:01:55,7060.0,3000.0,1474800.0
1382,2021-09-30 11:01:55,7060.0,700.0,1471800.0
1383,2021-09-30 11:01:41,7060.0,300.0,1471100.0
1384,2021-09-30 11:01:41,7060.0,100.0,1470800.0
1385,2021-09-30 11:01:41,7060.0,4600.0,1470700.0
1386,2021-09-30 11:01:06,7060.0,400.0,1466100.0
1387,2021-09-30 11:01:06,7060.0,100.0,1465700.0
1388,2021-09-30 11:00:48,7060.0,400.0,1465600.0
1389,2021-09-30 11:00:48,7060.0,3100.0,1465200.0
1390,2021-09-30 11:00:29,7060.0,100.0,1462100.0
1391,2021-09-30 10:59:51,7060.0,500.0,1462000.0
1392,2021-09-30 10:59:15,7060.0,1000.0,1461500.0
1393,2021-09-30 10:59:09,7040.0,4100.0,1460500.0
1394,2021-09-30 10:59:09,7040.0,900.0,1456400.0
1395,2021-09-30 10:59:09,7050.0,5000.0,1455500.0
1396,2021-09-30 10:59:02,7060.0,300.0,1450500.0
1397,2021-09-30 10:59:02,7060.0,2000.0,1450200.0
1398,2021-09-30 10:57:26,7040.0,2100.0,1448200.0
1399,2021-09-30 10:57:26,7040.0,5000.0,1446100.0
1400,2021-09-30 10:57:26,7040.0,100.0,1441100.0
1401,2021-09-30 10:57:26,7050.0,2800.0,1441000.0
1402,2021-09-30 10:57:25,7050.0,2200.0,1438200.0
1403,2021-09-30 10:57:12,7050.0,1000.0,1436000.0
1404,2021-09-30 10:57:09,7060.0,1800.0,1435000.0
1405,2021-09-30 10:57:09,7060.0,1000.0,1433200.0
1406,2021-09-30 10:57:09,7060.0,100.0,1432200.0
1407,2021-09-30 10:57:09,7060.0,400.0,1432100.0
1408,2021-09-30 10:57:09,7060.0,1000.0,1431700.0
1409,2021-09-30 10:57:09,7060.0,7700.0,1430700.0
1410,2021-09-30 10:57:04,7060.0,5000.0,1423000.0
1411,2021-09-30 10:57:02,7060.0,200.0,1418000.0
1412,2021-09-30 10:56:33,7060.0,4700.0,1417800.0
1413,2021-09-30 10:56:33,7050.0,300.0,1413100.0
1414,2021-09-30 10:56:22,7050.0,200.0,1412800.0
1415,2021-09-30 10:56:21,7050.0,200.0,1412600.0
1416,2021-09-30 10:56:18,7060.0,400.0,1412400.0
1417,2021-09-30 10:55:58,7060.0,2000.0,1412000.0
1418,2021-09-30 10:55:55,7060.0,2000.0,1410000.0
1419,2021-09-30 10:55:51,7060.0,1000.0,1408000.0
1420,2021-09-30 10:55:47,7060.0,1000.0,1407000.0
1421,2021-09-30 10:55:47,7060.0,1000.0,1406000.0
1422,2021-09-30 10:55:42,7060.0,3000.0,1405000.0
1423,2021-09-30 10:55:41,7060.0,1000.0,1402000.0
1424,2021-09-30 10:55:35,7060.0,400.0,1401000.0
1425,2021-09-30 10:55:35,7060.0,1000.0,1400600.0
1426,2021-09-30 10:55:35,7060.0,1000.0,1399600.0
1427,2021-09-30 10:55:35,7060.0,1600.0,1398600.0
1428,2021-09-30 10:54:43,7060.0,600.0,1397000.0
1429,2021-09-30 10:54:22,7060.0,100.0,1396400.0
1430,2021-09-30 10:54:01,7060.0,14700.0,1396300.0
1431,2021-09-30 10:54:01,7060.0,1000.0,1381600.0
1432,2021-09-30 10:54:01,7050.0,1000.0,1380600.0
1433,2021-09-30 10:54:01,7050.0,1000.0,1379600.0
1434,2021-09-30 10:54:01,7050.0,5000.0,1378600.0
1435,2021-09-30 10:54:01,7050.0,1000.0,1373600.0
1436,2021-09-30 10:54:01,7050.0,4600.0,1372600.0
1437,2021-09-30 10:54:01,7040.0,500.0,1368000.0
1438,2021-09-30 10:54:01,7040.0,10000.0,1367500.0
1439,2021-09-30 10:54:01,7040.0,1000.0,1357500.0
1440,2021-09-30 10:54:01,7040.0,8000.0,1356500.0
1441,2021-09-30 10:54:01,7040.0,2200.0,1348500.0
1442,2021-09-30 10:53:34,7030.0,600.0,1346300.0
1443,2021-09-30 10:53:34,7030.0,100.0,1345700.0
1444,2021-09-30 10:53:34,7030.0,300.0,1345600.0
1445,2021-09-30 10:53:22,7030.0,300.0,1345300.0
1446,2021-09-30 10:51:55,7040.0,300.0,1345000.0
1447,2021-09-30 10:50:54,7040.0,2500.0,1344700.0
1448,2021-09-30 10:50:54,7040.0,100.0,1342200.0
1449,2021-09-30 10:50:54,7040.0,200.0,1342100.0
1450,2021-09-30 10:50:14,7040.0,500.0,1341900.0
1451,2021-09-30 10:49:42,7030.0,10000.0,1341400.0
1452,2021-09-30 10:49:35,7030.0,6700.0,1331400.0
1453,2021-09-30 10:49:12,7040.0,300.0,1324700.0
1454,2021-09-30 10:49:09,7040.0,500.0,1324400.0
1455,2021-09-30 10:49:04,7040.0,500.0,1323900.0
1456,2021-09-30 10:48:58,7030.0,700.0,1323400.0
1457,2021-09-30 10:48:36,7030.0,200.0,1322700.0
1458,2021-09-30 10:48:31,7030.0,1800.0,1322500.0
1459,2021-09-30 10:48:31,7030.0,2000.0,1320700.0
1460,2021-09-30 10:48:31,7030.0,500.0,1318700.0
1461,2021-09-30 10:48:31,7030.0,100.0,1318200.0
1462,2021-09-30 10:47:00,7040.0,200.0,1318100.0
1463,2021-09-30 10:46:55,7040.0,2000.0,1317900.0
1464,2021-09-30 10:46:42,7040.0,500.0,1315900.0
1465,2021-09-30 10:46:34,7040.0,500.0,1315400.0
1466,2021-09-30 10:46:21,7040.0,100.0,1314900.0
1467,2021-09-30 10:45:58,7050.0,100.0,1314800.0
1468,2021-09-30 10:45:58,7050.0,5300.0,1314700.0
1469,2021-09-30 10:45:57,7050.0,500.0,1309400.0
1470,2021-09-30 10:45:40,7050.0,5000.0,1308900.0
1471,2021-09-30 10:45:40,7050.0,5000.0,1303900.0
1472,2021-09-30 10:45:40,7050.0,300.0,1298900.0
1473,2021-09-30 10:45:40,7050.0,400.0,1298600.0
1474,2021-09-30 10:45:40,7050.0,1000.0,1298200.0
1475,2021-09-30 10:45:40,7050.0,2000.0,1297200.0
1476,2021-09-30 10:45:40,7050.0,300.0,1295200.0
1477,2021-09-30 10:44:43,7040.0,400.0,1294900.0
1478,2021-09-30 10:44:30,7040.0,200.0,1294500.0
1479,2021-09-30 10:44:30,7040.0,100.0,1294300.0
1480,2021-09-30 10:44:12,7040.0,200.0,1294200.0
1481,2021-09-30 10:43:06,7040.0,100.0,1294000.0
1482,2021-09-30 10:42:55,7050.0,500.0,1293900.0
1483,2021-09-30 10:42:46,7020.0,500.0,1293400.0
1484,2021-09-30 10:42:28,7050.0,200.0,1292900.0
1485,2021-09-30 10:42:28,7050.0,100.0,1292700.0
1486,2021-09-30 10:42:03,7020.0,100.0,1292600.0
1487,2021-09-30 10:41:31,7020.0,900.0,1292500.0
1488,2021-09-30 10:39:57,7020.0,1000.0,1291600.0
1489,2021-09-30 10:39:54,7010.0,2000.0,1290600.0
1490,2021-09-30 10:39:54,7020.0,100.0,1288600.0
1491,2021-09-30 10:39:47,7020.0,100.0,1288500.0
1492,2021-09-30 10:39:33,7020.0,1900.0,1288400.0
1493,2021-09-30 10:39:33,7020.0,100.0,1286500.0
1494,2021-09-30 10:39:32,7020.0,100.0,1286400.0
1495,2021-09-30 10:39:30,7020.0,9800.0,1286300.0
1496,2021-09-30 10:39:30,7020.0,200.0,1276500.0
1497,2021-09-30 10:38:55,7020.0,1800.0,1276300.0
1498,2021-09-30 10:38:55,7040.0,1000.0,1274500.0
1499,2021-09-30 10:38:55,7040.0,200.0,1273500.0
1500,2021-09-30 10:38:29,7040.0,300.0,1273300.0
1501,2021-09-30 10:37:12,7050.0,100.0,1273000.0
1502,2021-09-30 10:37:12,7050.0,4800.0,1272900.0
1503,2021-09-30 10:37:02,7050.0,30000.0,1268100.0
1504,2021-09-30 10:36:54,7050.0,200.0,1238100.0
1505,2021-09-30 10:36:31,7060.0,10000.0,1237900.0
1506,2021-09-30 10:36:31,7060.0,1000.0,1227900.0
1507,2021-09-30 10:36:31,7060.0,1700.0,1226900.0
1508,2021-09-30 10:35:22,7070.0,5000.0,1225200.0
1509,2021-09-30 10:35:22,7070.0,1100.0,1220200.0
1510,2021-09-30 10:35:11,7060.0,200.0,1219100.0
1511,2021-09-30 10:34:35,7060.0,1000.0,1218900.0
1512,2021-09-30 10:34:35,7060.0,100.0,1217900.0
1513,2021-09-30 10:34:35,7060.0,5000.0,1217800.0
1514,2021-09-30 10:34:35,7060.0,2000.0,1212800.0
1515,2021-09-30 10:34:14,7050.0,1000.0,1210800.0
1516,2021-09-30 10:34:13,7050.0,300.0,1209800.0
1517,2021-09-30 10:34:13,7050.0,5000.0,1209500.0
1518,2021-09-30 10:34:13,7050.0,1000.0,1204500.0
1519,2021-09-30 10:34:13,7050.0,1000.0,1203500.0
1520,2021-09-30 10:34:13,7050.0,6700.0,1202500.0
1521,2021-09-30 10:33:56,7050.0,100.0,1195800.0
1522,2021-09-30 10:33:42,7040.0,1400.0,1195700.0
1523,2021-09-30 10:33:28,7050.0,100.0,1194300.0
1524,2021-09-30 10:33:28,7040.0,2900.0,1194200.0
1525,2021-09-30 10:33:15,7040.0,3000.0,1191300.0
1526,2021-09-30 10:32:51,7030.0,100.0,1188300.0
1527,2021-09-30 10:32:36,7010.0,600.0,1188200.0
1528,2021-09-30 10:32:04,7000.0,200.0,1187600.0
1529,2021-09-30 10:32:04,7000.0,600.0,1187400.0
1530,2021-09-30 10:32:04,7000.0,100.0,1186800.0
1531,2021-09-30 10:31:56,7000.0,200.0,1186700.0
1532,2021-09-30 10:30:56,6980.0,2600.0,1186500.0
1533,2021-09-30 10:30:49,6980.0,100.0,1183900.0
1534,2021-09-30 10:30:49,6980.0,5000.0,1183800.0
1535,2021-09-30 10:30:49,6980.0,100.0,1178800.0
1536,2021-09-30 10:30:49,6980.0,1000.0,1178700.0
1537,2021-09-30 10:30:49,6980.0,1000.0,1177700.0
1538,2021-09-30 10:30:49,6980.0,200.0,1176700.0
1539,2021-09-30 10:29:45,6980.0,800.0,1176500.0
1540,2021-09-30 10:29:41,6980.0,4200.0,1175700.0
1541,2021-09-30 10:29:41,6980.0,100.0,1171500.0
1542,2021-09-30 10:29:41,6980.0,5000.0,1171400.0
1543,2021-09-30 10:29:41,6980.0,100.0,1166400.0
1544,2021-09-30 10:29:41,6980.0,600.0,1166300.0
1545,2021-09-30 10:29:21,6980.0,3400.0,1165700.0
1546,2021-09-30 10:29:21,6990.0,700.0,1162300.0
1547,2021-09-30 10:29:04,6990.0,100.0,1161600.0
1548,2021-09-30 10:28:54,6990.0,100.0,1161500.0
1549,2021-09-30 10:28:54,6990.0,1000.0,1161400.0
1550,2021-09-30 10:28:54,6990.0,3800.0,1160400.0
1551,2021-09-30 10:28:41,7000.0,100.0,1156600.0
1552,2021-09-30 10:28:41,6990.0,100.0,1156500.0
1553,2021-09-30 10:28:32,7000.0,100.0,1156400.0
1554,2021-09-30 10:28:32,7000.0,900.0,1156300.0
1555,2021-09-30 10:28:32,7000.0,2000.0,1155400.0
1556,2021-09-30 10:28:32,7000.0,8100.0,1153400.0
1557,2021-09-30 10:28:12,7000.0,11900.0,1145300.0
1558,2021-09-30 10:28:12,7000.0,200.0,1133400.0
1559,2021-09-30 10:28:12,7000.0,5000.0,1133200.0
1560,2021-09-30 10:28:12,7000.0,1000.0,1128200.0
1561,2021-09-30 10:28:12,7000.0,1000.0,1127200.0
1562,2021-09-30 10:28:12,7000.0,500.0,1126200.0
1563,2021-09-30 10:28:12,7000.0,100.0,1125700.0
1564,2021-09-30 10:28:12,7000.0,500.0,1125600.0
1565,2021-09-30 10:28:12,7000.0,10000.0,1125100.0
1566,2021-09-30 10:28:12,7000.0,1000.0,1115100.0
1567,2021-09-30 10:28:12,7000.0,1000.0,1114100.0
1568,2021-09-30 10:28:12,7000.0,2000.0,1113100.0
1569,2021-09-30 10:28:12,7000.0,3000.0,1111100.0
1570,2021-09-30 10:28:12,7000.0,20000.0,1108100.0
1571,2021-09-30 10:28:12,7000.0,5000.0,1088100.0
1572,2021-09-30 10:28:12,7000.0,5000.0,1083100.0
1573,2021-09-30 10:28:12,7000.0,100.0,1078100.0
1574,2021-09-30 10:28:12,7000.0,3000.0,1078000.0
1575,2021-09-30 10:28:12,7000.0,1600.0,1075000.0
1576,2021-09-30 10:28:12,7000.0,100.0,1073400.0
1577,2021-09-30 10:28:12,7000.0,500.0,1073300.0
1578,2021-09-30 10:28:12,7000.0,10000.0,1072800.0
1579,2021-09-30 10:28:12,7000.0,100.0,1062800.0
1580,2021-09-30 10:28:12,7000.0,200.0,1062700.0
1581,2021-09-30 10:28:12,7000.0,300.0,1062500.0
1582,2021-09-30 10:28:12,7000.0,1000.0,1062200.0
1583,2021-09-30 10:28:12,7000.0,400.0,1061200.0
1584,2021-09-30 10:28:12,7000.0,100.0,1060800.0
1585,2021-09-30 10:28:12,7000.0,5000.0,1060700.0
1586,2021-09-30 10:28:12,7000.0,400.0,1055700.0
1587,2021-09-30 10:28:12,7000.0,3000.0,1055300.0
1588,2021-09-30 10:28:12,7000.0,200.0,1052300.0
1589,2021-09-30 10:28:12,7000.0,6600.0,1052100.0
1590,2021-09-30 10:28:12,7000.0,200.0,1045500.0
1591,2021-09-30 10:28:10,7010.0,100.0,1045300.0
1592,2021-09-30 10:27:54,7010.0,4400.0,1045200.0
1593,2021-09-30 10:27:54,7010.0,1200.0,1040800.0
1594,2021-09-30 10:27:54,7010.0,1000.0,1039600.0
1595,2021-09-30 10:27:54,7010.0,2700.0,1038600.0
1596,2021-09-30 10:27:52,7040.0,100.0,1035900.0
1597,2021-09-30 10:27:34,7040.0,4000.0,1035800.0
1598,2021-09-30 10:27:34,7030.0,9500.0,1031800.0
1599,2021-09-30 10:27:33,7010.0,1300.0,1022300.0
1600,2021-09-30 10:27:33,7010.0,5000.0,1021000.0
1601,2021-09-30 10:27:33,7010.0,800.0,1016000.0
1602,2021-09-30 10:27:33,7010.0,1000.0,1015200.0
1603,2021-09-30 10:27:33,7020.0,1900.0,1014200.0
1604,2021-09-30 10:27:27,7020.0,200.0,1012300.0
1605,2021-09-30 10:27:27,7020.0,100.0,1012100.0
1606,2021-09-30 10:27:27,7020.0,700.0,1012000.0
1607,2021-09-30 10:27:27,7020.0,2400.0,1011300.0
1608,2021-09-30 10:27:27,7020.0,100.0,1008900.0
1609,2021-09-30 10:27:27,7020.0,600.0,1008800.0
1610,2021-09-30 10:27:27,7020.0,200.0,1008200.0
1611,2021-09-30 10:26:45,7030.0,500.0,1008000.0
1612,2021-09-30 10:26:42,7030.0,500.0,1007500.0
1613,2021-09-30 10:26:42,7030.0,4500.0,1007000.0
1614,2021-09-30 10:25:52,7030.0,4000.0,1002500.0
1615,2021-09-30 10:25:29,7030.0,1500.0,998500.0
1616,2021-09-30 10:25:29,7030.0,1000.0,997000.0
1617,2021-09-30 10:25:29,7040.0,500.0,996000.0
1618,2021-09-30 10:25:29,7040.0,2000.0,995500.0
1619,2021-09-30 10:25:16,7040.0,1400.0,993500.0
1620,2021-09-30 10:25:16,7040.0,100.0,992100.0
1621,2021-09-30 10:25:16,7040.0,600.0,992000.0
1622,2021-09-30 10:25:06,7040.0,600.0,991400.0
1623,2021-09-30 10:24:52,7040.0,6800.0,990800.0
1624,2021-09-30 10:24:52,7040.0,3200.0,984000.0
1625,2021-09-30 10:24:35,7040.0,1000.0,980800.0
1626,2021-09-30 10:24:21,7050.0,100.0,979800.0
1627,2021-09-30 10:23:48,7050.0,100.0,979700.0
1628,2021-09-30 10:23:48,7050.0,300.0,979600.0
1629,2021-09-30 10:23:48,7050.0,100.0,979300.0
1630,2021-09-30 10:23:35,7050.0,200.0,979200.0
1631,2021-09-30 10:22:50,7040.0,2000.0,979000.0
1632,2021-09-30 10:21:32,7040.0,1300.0,977000.0
1633,2021-09-30 10:21:30,7040.0,2500.0,975700.0
1634,2021-09-30 10:21:14,7040.0,1000.0,973200.0
1635,2021-09-30 10:21:14,7040.0,500.0,972200.0
1636,2021-09-30 10:21:04,7050.0,1700.0,971700.0
1637,2021-09-30 10:21:04,7050.0,1000.0,970000.0
1638,2021-09-30 10:21:04,7050.0,1000.0,969000.0
1639,2021-09-30 10:21:04,7050.0,5000.0,968000.0
1640,2021-09-30 10:21:04,7050.0,5000.0,963000.0
1641,2021-09-30 10:21:04,7050.0,500.0,958000.0
1642,2021-09-30 10:21:04,7050.0,800.0,957500.0
1643,2021-09-30 10:20:34,7040.0,100.0,956700.0
1644,2021-09-30 10:20:34,7040.0,900.0,956600.0
1645,2021-09-30 10:20:16,7040.0,300.0,955700.0
1646,2021-09-30 10:19:14,7040.0,800.0,955400.0
1647,2021-09-30 10:19:14,7040.0,2200.0,954600.0
1648,2021-09-30 10:18:40,7040.0,5000.0,952400.0
1649,2021-09-30 10:18:21,7040.0,100.0,947400.0
1650,2021-09-30 10:18:12,7040.0,2700.0,947300.0
1651,2021-09-30 10:17:56,7040.0,2000.0,944600.0
1652,2021-09-30 10:17:54,7040.0,300.0,942600.0
1653,2021-09-30 10:17:54,7040.0,700.0,942300.0
1654,2021-09-30 10:17:47,7040.0,1500.0,941600.0
1655,2021-09-30 10:16:40,7040.0,1000.0,940100.0
1656,2021-09-30 10:16:40,7040.0,1800.0,939100.0
1657,2021-09-30 10:15:44,7050.0,1100.0,937300.0
1658,2021-09-30 10:15:14,7050.0,100.0,936200.0
1659,2021-09-30 10:15:14,7050.0,100.0,936100.0
1660,2021-09-30 10:15:14,7050.0,2000.0,936000.0
1661,2021-09-30 10:15:14,7050.0,500.0,934000.0
1662,2021-09-30 10:15:14,7050.0,25400.0,933500.0
1663,2021-09-30 10:15:12,7050.0,1000.0,908100.0
1664,2021-09-30 10:14:45,7050.0,3000.0,907100.0
1665,2021-09-30 10:14:44,7060.0,3000.0,904100.0
1666,2021-09-30 10:14:44,7060.0,100.0,901100.0
1667,2021-09-30 10:14:44,7060.0,1900.0,901000.0
1668,2021-09-30 10:13:58,7050.0,200.0,899100.0
1669,2021-09-30 10:13:58,7050.0,3000.0,898900.0
1670,2021-09-30 10:13:58,7050.0,14400.0,895900.0
1671,2021-09-30 10:13:58,7040.0,2000.0,881500.0
1672,2021-09-30 10:13:34,7040.0,100.0,879500.0
1673,2021-09-30 10:13:33,7050.0,2000.0,879400.0
1674,2021-09-30 10:13:27,7040.0,4000.0,877400.0
1675,2021-09-30 10:13:27,7040.0,2100.0,873400.0
1676,2021-09-30 10:13:24,7030.0,1300.0,871300.0
1677,2021-09-30 10:13:24,7030.0,200.0,870000.0
1678,2021-09-30 10:13:24,7030.0,600.0,869800.0
1679,2021-09-30 10:13:24,7030.0,500.0,869200.0
1680,2021-09-30 10:13:24,7030.0,3000.0,868700.0
1681,2021-09-30 10:13:24,7030.0,4400.0,865700.0
1682,2021-09-30 10:12:46,7040.0,900.0,861300.0
1683,2021-09-30 10:12:44,7030.0,600.0,860400.0
1684,2021-09-30 10:12:44,7030.0,1000.0,859800.0
1685,2021-09-30 10:12:44,7030.0,2000.0,858800.0
1686,2021-09-30 10:12:44,7030.0,200.0,856800.0
1687,2021-09-30 10:12:44,7030.0,1200.0,856600.0
1688,2021-09-30 10:12:26,7040.0,2000.0,855400.0
1689,2021-09-30 10:12:26,7040.0,400.0,853400.0
1690,2021-09-30 10:12:04,7040.0,300.0,853000.0
1691,2021-09-30 10:12:04,7040.0,100.0,852700.0
1692,2021-09-30 10:11:59,7040.0,100.0,852600.0
1693,2021-09-30 10:11:59,7040.0,100.0,852500.0
1694,2021-09-30 10:11:59,7040.0,200.0,852400.0
1695,2021-09-30 10:11:45,7050.0,3000.0,852200.0
1696,2021-09-30 10:11:34,7050.0,400.0,849200.0
1697,2021-09-30 10:11:22,7050.0,100.0,848800.0
1698,2021-09-30 10:11:07,7050.0,2900.0,848700.0
1699,2021-09-30 10:10:31,7060.0,100.0,845800.0
1700,2021-09-30 10:10:31,7060.0,8000.0,845700.0
1701,2021-09-30 10:10:15,7060.0,200.0,837700.0
1702,2021-09-30 10:10:06,7070.0,200.0,837500.0
1703,2021-09-30 10:09:48,7060.0,1000.0,837300.0
1704,2021-09-30 10:09:44,7070.0,3000.0,836300.0
1705,2021-09-30 10:09:25,7060.0,900.0,833300.0
1706,2021-09-30 10:09:24,7050.0,500.0,832400.0
1707,2021-09-30 10:09:24,7050.0,200.0,831900.0
1708,2021-09-30 10:09:09,7050.0,300.0,831700.0
1709,2021-09-30 10:09:06,7050.0,100.0,831400.0
1710,2021-09-30 10:08:54,7050.0,400.0,831300.0
1711,2021-09-30 10:08:53,7040.0,9800.0,830900.0
1712,2021-09-30 10:08:53,7040.0,200.0,821100.0
1713,2021-09-30 10:08:42,7050.0,200.0,820900.0
1714,2021-09-30 10:07:08,7030.0,1500.0,820700.0
1715,2021-09-30 10:07:08,7030.0,6000.0,819200.0
1716,2021-09-30 10:07:08,7030.0,2500.0,813200.0
1717,2021-09-30 10:06:58,7060.0,1800.0,810700.0
1718,2021-09-30 10:06:02,7030.0,100.0,808900.0
1719,2021-09-30 10:05:43,7060.0,500.0,808800.0
1720,2021-09-30 10:05:26,7060.0,1800.0,808300.0
1721,2021-09-30 10:05:26,7060.0,2200.0,806500.0
1722,2021-09-30 10:05:20,7050.0,500.0,804300.0
1723,2021-09-30 10:05:20,7050.0,500.0,803800.0
1724,2021-09-30 10:05:20,7050.0,100.0,803300.0
1725,2021-09-30 10:05:20,7050.0,200.0,803200.0
1726,2021-09-30 10:04:53,7050.0,800.0,803000.0
1727,2021-09-30 10:04:53,7050.0,200.0,802200.0
1728,2021-09-30 10:04:53,7050.0,1000.0,802000.0
1729,2021-09-30 10:04:38,7060.0,300.0,801000.0
1730,2021-09-30 10:04:37,7060.0,500.0,800700.0
1731,2021-09-30 10:04:34,7060.0,3700.0,800200.0
1732,2021-09-30 10:04:30,7060.0,3000.0,796500.0
1733,2021-09-30 10:04:19,7060.0,300.0,793500.0
1734,2021-09-30 10:04:19,7060.0,200.0,793200.0
1735,2021-09-30 10:04:07,7070.0,1100.0,793000.0
1736,2021-09-30 10:04:07,7070.0,1600.0,791900.0
1737,2021-09-30 10:04:04,7070.0,500.0,790300.0
1738,2021-09-30 10:04:04,7070.0,4500.0,789800.0
1739,2021-09-30 10:03:54,7070.0,5500.0,785300.0
1740,2021-09-30 10:03:54,7070.0,7000.0,779800.0
1741,2021-09-30 10:03:37,7070.0,1000.0,772800.0
1742,2021-09-30 10:02:48,7070.0,2000.0,771800.0
1743,2021-09-30 10:02:28,7070.0,600.0,769800.0
1744,2021-09-30 10:02:28,7070.0,2000.0,769200.0
1745,2021-09-30 10:02:09,7080.0,500.0,767200.0
1746,2021-09-30 10:01:57,7090.0,100.0,766700.0
1747,2021-09-30 10:01:55,7090.0,500.0,766600.0
1748,2021-09-30 10:01:49,7080.0,2000.0,766100.0
1749,2021-09-30 10:01:41,7090.0,1000.0,764100.0
1750,2021-09-30 10:01:41,7090.0,300.0,763100.0
1751,2021-09-30 10:01:41,7080.0,1000.0,762800.0
1752,2021-09-30 10:01:41,7080.0,1000.0,761800.0
1753,2021-09-30 10:01:41,7080.0,500.0,760800.0
1754,2021-09-30 10:01:41,7080.0,1800.0,760300.0
1755,2021-09-30 10:01:34,7080.0,10300.0,758500.0
1756,2021-09-30 10:01:10,7070.0,100.0,748200.0
1757,2021-09-30 10:00:44,7060.0,3000.0,748100.0
1758,2021-09-30 10:00:37,7050.0,500.0,745100.0
1759,2021-09-30 10:00:37,7050.0,100.0,744600.0
1760,2021-09-30 10:00:37,7050.0,5900.0,744500.0
1761,2021-09-30 10:00:05,7050.0,3000.0,738600.0
1762,2021-09-30 09:59:43,7050.0,1100.0,735600.0
1763,2021-09-30 09:59:24,7070.0,400.0,734500.0
1764,2021-09-30 09:59:24,7050.0,100.0,734100.0
1765,2021-09-30 09:59:19,7020.0,300.0,734000.0
1766,2021-09-30 09:59:12,7020.0,500.0,733700.0
1767,2021-09-30 09:59:01,7050.0,1000.0,733200.0
1768,2021-09-30 09:59:01,7050.0,500.0,732200.0
1769,2021-09-30 09:59:01,7050.0,7000.0,731700.0
1770,2021-09-30 09:59:01,7050.0,1000.0,724700.0
1771,2021-09-30 09:59:01,7050.0,2400.0,723700.0
1772,2021-09-30 09:58:42,7050.0,500.0,721300.0
1773,2021-09-30 09:58:42,7060.0,1000.0,720800.0
1774,2021-09-30 09:58:42,7070.0,500.0,719800.0
1775,2021-09-30 09:58:36,7080.0,400.0,719300.0
1776,2021-09-30 09:58:36,7070.0,500.0,718900.0
1777,2021-09-30 09:58:30,7070.0,200.0,718400.0
1778,2021-09-30 09:58:30,7070.0,200.0,718200.0
1779,2021-09-30 09:58:30,7070.0,800.0,718000.0
1780,2021-09-30 09:58:20,7080.0,100.0,717200.0
1781,2021-09-30 09:58:19,7080.0,1900.0,717100.0
1782,2021-09-30 09:58:15,7080.0,100.0,715200.0
1783,2021-09-30 09:58:09,7080.0,1000.0,715100.0
1784,2021-09-30 09:58:09,7080.0,100.0,714100.0
1785,2021-09-30 09:58:09,7080.0,2000.0,714000.0
1786,2021-09-30 09:58:09,7080.0,100.0,712000.0
1787,2021-09-30 09:58:09,7080.0,800.0,711900.0
1788,2021-09-30 09:58:09,7080.0,500.0,711100.0
1789,2021-09-30 09:58:09,7080.0,1200.0,710600.0
1790,2021-09-30 09:58:00,7090.0,600.0,709400.0
1791,2021-09-30 09:57:56,7090.0,400.0,708800.0
1792,2021-09-30 09:57:56,7090.0,1000.0,708400.0
1793,2021-09-30 09:57:56,7090.0,1000.0,707400.0
1794,2021-09-30 09:57:56,7090.0,1500.0,706400.0
1795,2021-09-30 09:57:56,7090.0,3000.0,704900.0
1796,2021-09-30 09:57:56,7090.0,1000.0,701900.0
1797,2021-09-30 09:57:56,7090.0,100.0,700900.0
1798,2021-09-30 09:57:56,7090.0,600.0,700800.0
1799,2021-09-30 09:57:56,7090.0,6400.0,700200.0
1800,2021-09-30 09:57:52,7090.0,1500.0,693800.0
1801,2021-09-30 09:57:45,7090.0,500.0,692300.0
1802,2021-09-30 09:57:30,7090.0,500.0,691800.0
1803,2021-09-30 09:57:24,7090.0,5000.0,691300.0
1804,2021-09-30 09:56:50,7090.0,5300.0,686300.0
1805,2021-09-30 09:56:45,7100.0,100.0,681000.0
1806,2021-09-30 09:56:45,7100.0,900.0,680900.0
1807,2021-09-30 09:56:44,7100.0,1000.0,680000.0
1808,2021-09-30 09:56:44,7100.0,100.0,679000.0
1809,2021-09-30 09:56:44,7100.0,400.0,678900.0
1810,2021-09-30 09:56:35,7100.0,500.0,678500.0
1811,2021-09-30 09:56:35,7100.0,500.0,678000.0
1812,2021-09-30 09:56:34,7100.0,4000.0,677500.0
1813,2021-09-30 09:56:27,7100.0,500.0,673500.0
1814,2021-09-30 09:56:27,7100.0,100.0,673000.0
1815,2021-09-30 09:56:27,7100.0,400.0,672900.0
1816,2021-09-30 09:56:23,7100.0,100.0,672500.0
1817,2021-09-30 09:56:12,7100.0,200.0,672400.0
1818,2021-09-30 09:56:12,7100.0,800.0,672200.0
1819,2021-09-30 09:56:08,7100.0,200.0,671400.0
1820,2021-09-30 09:56:07,7100.0,500.0,671200.0
1821,2021-09-30 09:56:04,7100.0,1000.0,670700.0
1822,2021-09-30 09:55:52,7100.0,2500.0,669700.0
1823,2021-09-30 09:55:52,7100.0,300.0,667200.0
1824,2021-09-30 09:55:49,7100.0,200.0,666900.0
1825,2021-09-30 09:55:32,7100.0,500.0,666700.0
1826,2021-09-30 09:55:27,7100.0,2500.0,666200.0
1827,2021-09-30 09:55:27,7100.0,100.0,663700.0
1828,2021-09-30 09:55:25,7100.0,200.0,663600.0
1829,2021-09-30 09:55:25,7100.0,1200.0,663400.0
1830,2021-09-30 09:55:25,7100.0,100.0,662200.0
1831,2021-09-30 09:55:24,7100.0,2000.0,662100.0
1832,2021-09-30 09:55:22,7100.0,100.0,660100.0
1833,2021-09-30 09:55:22,7100.0,200.0,660000.0
1834,2021-09-30 09:55:22,7100.0,1000.0,659800.0
1835,2021-09-30 09:55:22,7100.0,500.0,658800.0
1836,2021-09-30 09:55:22,7100.0,100.0,658300.0
1837,2021-09-30 09:55:22,7100.0,200.0,658200.0
1838,2021-09-30 09:55:22,7100.0,1000.0,658000.0
1839,2021-09-30 09:55:22,7100.0,1000.0,657000.0
1840,2021-09-30 09:55:22,7100.0,2600.0,656000.0
1841,2021-09-30 09:55:20,7100.0,7400.0,653400.0
1842,2021-09-30 09:55:20,7100.0,2000.0,646000.0
1843,2021-09-30 09:55:20,7100.0,600.0,644000.0
1844,2021-09-30 09:55:20,7100.0,900.0,643400.0
1845,2021-09-30 09:55:20,7100.0,2000.0,642500.0
1846,2021-09-30 09:55:20,7100.0,100.0,640500.0
1847,2021-09-30 09:55:14,7100.0,1000.0,640400.0
1848,2021-09-30 09:55:12,7100.0,900.0,639400.0
1849,2021-09-30 09:55:12,7100.0,500.0,638500.0
1850,2021-09-30 09:55:05,7100.0,2500.0,638000.0
1851,2021-09-30 09:55:05,7100.0,200.0,635500.0
1852,2021-09-30 09:55:05,7100.0,300.0,635300.0
1853,2021-09-30 09:54:53,7090.0,100.0,635000.0
1854,2021-09-30 09:54:51,7090.0,300.0,634900.0
1855,2021-09-30 09:54:51,7090.0,100.0,634600.0
1856,2021-09-30 09:54:51,7090.0,500.0,634500.0
1857,2021-09-30 09:54:51,7090.0,200.0,634000.0
1858,2021-09-30 09:54:51,7090.0,200.0,633800.0
1859,2021-09-30 09:54:51,7090.0,200.0,633600.0
1860,2021-09-30 09:54:51,7090.0,200.0,633400.0
1861,2021-09-30 09:54:51,7090.0,7700.0,633200.0
1862,2021-09-30 09:54:46,7080.0,1000.0,625500.0
1863,2021-09-30 09:54:28,7080.0,5000.0,624500.0
1864,2021-09-30 09:54:26,7080.0,500.0,619500.0
1865,2021-09-30 09:54:25,7080.0,100.0,619000.0
1866,2021-09-30 09:54:14,7080.0,1500.0,618900.0
1867,2021-09-30 09:54:03,7080.0,200.0,617400.0
1868,2021-09-30 09:54:02,7080.0,500.0,617200.0
1869,2021-09-30 09:53:58,7070.0,200.0,616700.0
1870,2021-09-30 09:53:57,7080.0,500.0,616500.0
1871,2021-09-30 09:53:57,7080.0,200.0,616000.0
1872,2021-09-30 09:53:57,7080.0,500.0,615800.0
1873,2021-09-30 09:53:57,7080.0,1800.0,615300.0
1874,2021-09-30 09:53:56,7080.0,200.0,613500.0
1875,2021-09-30 09:53:48,7080.0,2000.0,613300.0
1876,2021-09-30 09:53:38,7080.0,1000.0,611300.0
1877,2021-09-30 09:53:23,7090.0,1000.0,610300.0
1878,2021-09-30 09:53:13,7090.0,1300.0,609300.0
1879,2021-09-30 09:53:10,7090.0,200.0,608000.0
1880,2021-09-30 09:53:09,7090.0,3500.0,607800.0
1881,2021-09-30 09:53:07,7050.0,500.0,604300.0
1882,2021-09-30 09:53:06,7090.0,1500.0,603800.0
1883,2021-09-30 09:53:04,7090.0,100.0,602300.0
1884,2021-09-30 09:53:02,7050.0,500.0,602200.0
1885,2021-09-30 09:53:01,7090.0,1900.0,601700.0
1886,2021-09-30 09:53:01,7090.0,4400.0,599800.0
1887,2021-09-30 09:52:52,7090.0,600.0,595400.0
1888,2021-09-30 09:52:52,7090.0,5000.0,594800.0
1889,2021-09-30 09:52:52,7090.0,2100.0,589800.0
1890,2021-09-30 09:52:52,7080.0,500.0,587700.0
1891,2021-09-30 09:52:52,7080.0,100.0,587200.0
1892,2021-09-30 09:52:52,7080.0,500.0,587100.0
1893,2021-09-30 09:52:52,7080.0,200.0,586600.0
1894,2021-09-30 09:52:52,7080.0,1000.0,586400.0
1895,2021-09-30 09:52:46,7050.0,200.0,585400.0
1896,2021-09-30 09:52:44,7050.0,200.0,585200.0
1897,2021-09-30 09:52:44,7050.0,2000.0,585000.0
1898,2021-09-30 09:52:44,7050.0,100.0,583000.0
1899,2021-09-30 09:52:44,7050.0,100.0,582900.0
1900,2021-09-30 09:52:44,7050.0,500.0,582800.0
1901,2021-09-30 09:52:44,7050.0,500.0,582300.0
1902,2021-09-30 09:52:32,7050.0,500.0,581800.0
1903,2021-09-30 09:52:31,7050.0,100.0,581300.0
1904,2021-09-30 09:52:23,7050.0,1900.0,581200.0
1905,2021-09-30 09:52:23,7050.0,100.0,579300.0
1906,2021-09-30 09:52:21,7010.0,4000.0,579200.0
1907,2021-09-30 09:52:21,7020.0,2000.0,575200.0
1908,2021-09-30 09:52:10,7010.0,1000.0,573200.0
1909,2021-09-30 09:52:01,7000.0,600.0,572200.0
1910,2021-09-30 09:51:58,7000.0,500.0,571600.0
1911,2021-09-30 09:51:58,7000.0,100.0,571100.0
1912,2021-09-30 09:51:58,7000.0,2100.0,571000.0
1913,2021-09-30 09:51:58,7000.0,2000.0,568900.0
1914,2021-09-30 09:51:58,7000.0,1300.0,566900.0
1915,2021-09-30 09:51:45,7000.0,9100.0,565600.0
1916,2021-09-30 09:51:45,7000.0,1000.0,556500.0
1917,2021-09-30 09:51:45,7000.0,5000.0,555500.0
1918,2021-09-30 09:51:45,7000.0,9000.0,550500.0
1919,2021-09-30 09:51:45,7000.0,5000.0,541500.0
1920,2021-09-30 09:51:45,7000.0,200.0,536500.0
1921,2021-09-30 09:51:45,7000.0,500.0,536300.0
1922,2021-09-30 09:51:45,7000.0,1000.0,535800.0
1923,2021-09-30 09:51:45,7000.0,2000.0,534800.0
1924,2021-09-30 09:51:45,7000.0,7000.0,532800.0
1925,2021-09-30 09:51:45,7000.0,100.0,525800.0
1926,2021-09-30 09:51:45,7000.0,100.0,525700.0
1927,2021-09-30 09:51:42,7000.0,200.0,525600.0
1928,2021-09-30 09:51:40,6990.0,1000.0,525400.0
1929,2021-09-30 09:51:35,7000.0,9700.0,524400.0
1930,2021-09-30 09:51:35,7000.0,300.0,514700.0
1931,2021-09-30 09:51:28,6990.0,200.0,514400.0
1932,2021-09-30 09:51:19,7000.0,700.0,514200.0
1933,2021-09-30 09:51:19,7000.0,500.0,513500.0
1934,2021-09-30 09:51:08,6990.0,500.0,513000.0
1935,2021-09-30 09:50:45,6990.0,100.0,512500.0
1936,2021-09-30 09:50:45,6990.0,1000.0,512400.0
1937,2021-09-30 09:50:31,6990.0,1000.0,511400.0
1938,2021-09-30 09:50:31,6990.0,800.0,510400.0
1939,2021-09-30 09:50:31,6990.0,200.0,509600.0
1940,2021-09-30 09:50:17,6990.0,1300.0,509400.0
1941,2021-09-30 09:50:17,6990.0,2000.0,508100.0
1942,2021-09-30 09:50:17,6990.0,6700.0,506100.0
1943,2021-09-30 09:49:58,6990.0,600.0,499400.0
1944,2021-09-30 09:49:40,6980.0,400.0,498800.0
1945,2021-09-30 09:49:30,6990.0,2700.0,498400.0
1946,2021-09-30 09:49:30,6990.0,100.0,495700.0
1947,2021-09-30 09:49:30,6990.0,200.0,495600.0
1948,2021-09-30 09:49:25,6980.0,200.0,495400.0
1949,2021-09-30 09:49:25,6980.0,300.0,495200.0
1950,2021-09-30 09:49:25,6980.0,3000.0,494900.0
1951,2021-09-30 09:49:25,6980.0,100.0,491900.0
1952,2021-09-30 09:49:25,6980.0,100.0,491800.0
1953,2021-09-30 09:49:25,6980.0,500.0,491700.0
1954,2021-09-30 09:49:18,6970.0,5600.0,491200.0
1955,2021-09-30 09:49:18,6970.0,200.0,485600.0
1956,2021-09-30 09:49:18,6970.0,200.0,485400.0
1957,2021-09-30 09:49:04,6970.0,400.0,485200.0
1958,2021-09-30 09:48:58,6970.0,1000.0,484800.0
1959,2021-09-30 09:48:58,6970.0,900.0,483800.0
1960,2021-09-30 09:48:44,6970.0,1000.0,482900.0
1961,2021-09-30 09:48:34,6970.0,400.0,481900.0
1962,2021-09-30 09:48:32,6970.0,8100.0,481500.0
1963,2021-09-30 09:48:32,6970.0,1900.0,473400.0
1964,2021-09-30 09:48:24,6970.0,800.0,471500.0
1965,2021-09-30 09:48:23,6970.0,2300.0,470700.0
1966,2021-09-30 09:48:23,6970.0,2700.0,468400.0
1967,2021-09-30 09:48:10,6970.0,2300.0,465700.0
1968,2021-09-30 09:48:06,6960.0,1100.0,463400.0
1969,2021-09-30 09:48:05,6960.0,1000.0,462300.0
1970,2021-09-30 09:48:04,6960.0,100.0,461300.0
1971,2021-09-30 09:47:49,6960.0,2400.0,461200.0
1972,2021-09-30 09:47:44,6960.0,2600.0,458800.0
1973,2021-09-30 09:47:44,6960.0,1000.0,456200.0
1974,2021-09-30 09:47:44,6960.0,1000.0,455200.0
1975,2021-09-30 09:47:44,6960.0,2000.0,454200.0
1976,2021-09-30 09:47:44,6960.0,100.0,452200.0
1977,2021-09-30 09:47:44,6960.0,1000.0,452100.0
1978,2021-09-30 09:47:44,6960.0,600.0,451100.0
1979,2021-09-30 09:47:44,6960.0,200.0,450500.0
1980,2021-09-30 09:47:44,6960.0,200.0,450300.0
1981,2021-09-30 09:47:44,6960.0,5300.0,450100.0
1982,2021-09-30 09:47:44,6960.0,3000.0,444800.0
1983,2021-09-30 09:47:44,6960.0,3000.0,441800.0
1984,2021-09-30 09:47:32,6960.0,1000.0,438800.0
1985,2021-09-30 09:46:18,6950.0,200.0,437800.0
1986,2021-09-30 09:46:00,6950.0,1500.0,437600.0
1987,2021-09-30 09:45:46,6950.0,300.0,436100.0
1988,2021-09-30 09:45:40,6950.0,1100.0,435800.0
1989,2021-09-30 09:45:40,6950.0,3900.0,434700.0
1990,2021-09-30 09:45:36,6950.0,5000.0,430800.0
1991,2021-09-30 09:45:13,6950.0,100.0,425800.0
1992,2021-09-30 09:45:13,6950.0,100.0,425700.0
1993,2021-09-30 09:45:13,6950.0,400.0,425600.0
1994,2021-09-30 09:45:13,6950.0,500.0,425200.0
1995,2021-09-30 09:44:30,6950.0,500.0,424700.0
1996,2021-09-30 09:44:03,6950.0,4000.0,424200.0
1997,2021-09-30 09:44:01,6950.0,500.0,420200.0
1998,2021-09-30 09:44:01,6950.0,1200.0,419700.0
1999,2021-09-30 09:43:39,6950.0,900.0,418500.0
2000,2021-09-30 09:43:25,6950.0,300.0,417600.0
2001,2021-09-30 09:43:21,6950.0,300.0,417300.0
2002,2021-09-30 09:43:10,6950.0,200.0,417000.0
2003,2021-09-30 09:43:07,6950.0,2000.0,416800.0
2004,2021-09-30 09:43:07,6950.0,2000.0,414800.0
2005,2021-09-30 09:43:07,6950.0,2200.0,412800.0
2006,2021-09-30 09:43:05,6960.0,500.0,410600.0
2007,2021-09-30 09:42:47,6960.0,5000.0,410100.0
2008,2021-09-30 09:42:20,6950.0,1000.0,405100.0
2009,2021-09-30 09:42:20,6960.0,1000.0,404100.0
2010,2021-09-30 09:42:15,6960.0,1000.0,403100.0
2011,2021-09-30 09:42:15,6960.0,5000.0,402100.0
2012,2021-09-30 09:42:12,6950.0,4200.0,397100.0
2013,2021-09-30 09:42:04,6950.0,600.0,392900.0
2014,2021-09-30 09:41:20,6950.0,2000.0,392300.0
2015,2021-09-30 09:41:15,6950.0,1000.0,390300.0
2016,2021-09-30 09:40:45,6940.0,800.0,389300.0
2017,2021-09-30 09:40:45,6950.0,200.0,388500.0
2018,2021-09-30 09:40:45,6950.0,500.0,388300.0
2019,2021-09-30 09:40:45,6950.0,500.0,387800.0
2020,2021-09-30 09:39:58,6950.0,1000.0,387300.0
2021,2021-09-30 09:39:58,6950.0,1500.0,386300.0
2022,2021-09-30 09:39:54,6950.0,600.0,384800.0
2023,2021-09-30 09:39:52,6950.0,100.0,384200.0
2024,2021-09-30 09:38:37,6950.0,2000.0,384100.0
2025,2021-09-30 09:38:32,6950.0,3000.0,382100.0
2026,2021-09-30 09:38:13,6950.0,800.0,379100.0
2027,2021-09-30 09:38:06,6950.0,39200.0,378300.0
2028,2021-09-30 09:38:06,6950.0,10800.0,339100.0
2029,2021-09-30 09:38:04,6950.0,8000.0,328300.0
2030,2021-09-30 09:38:04,6960.0,1000.0,320300.0
2031,2021-09-30 09:37:53,6950.0,600.0,319300.0
2032,2021-09-30 09:37:53,6960.0,100.0,318700.0
2033,2021-09-30 09:37:53,6960.0,100.0,318600.0
2034,2021-09-30 09:37:53,6960.0,1400.0,318500.0
2035,2021-09-30 09:37:18,6960.0,2000.0,317100.0
2036,2021-09-30 09:37:01,6960.0,1600.0,315100.0
2037,2021-09-30 09:36:45,6960.0,2000.0,313500.0
2038,2021-09-30 09:36:42,6950.0,5000.0,311500.0
2039,2021-09-30 09:36:42,6950.0,5000.0,306500.0
2040,2021-09-30 09:36:34,6960.0,2000.0,301500.0
2041,2021-09-30 09:36:34,6960.0,4400.0,299500.0
2042,2021-09-30 09:36:34,6960.0,4600.0,295100.0
2043,2021-09-30 09:36:08,6960.0,400.0,290500.0
2044,2021-09-30 09:36:08,6960.0,5000.0,290100.0
2045,2021-09-30 09:36:08,6960.0,4000.0,285100.0
2046,2021-09-30 09:36:08,6950.0,600.0,281100.0
2047,2021-09-30 09:36:07,6950.0,9400.0,280500.0
2048,2021-09-30 09:35:57,6950.0,100.0,271100.0
2049,2021-09-30 09:35:57,6950.0,10000.0,271000.0
2050,2021-09-30 09:35:57,6950.0,500.0,261000.0
2051,2021-09-30 09:35:56,6950.0,500.0,260500.0
2052,2021-09-30 09:35:56,6950.0,2100.0,260000.0
2053,2021-09-30 09:35:56,6940.0,10400.0,257900.0
2054,2021-09-30 09:35:55,6940.0,4600.0,247500.0
2055,2021-09-30 09:35:45,6940.0,400.0,242900.0
2056,2021-09-30 09:35:45,6940.0,100.0,242500.0
2057,2021-09-30 09:35:38,6940.0,600.0,242400.0
2058,2021-09-30 09:35:38,6940.0,2200.0,241800.0
2059,2021-09-30 09:35:38,6940.0,100.0,239600.0
2060,2021-09-30 09:34:34,6930.0,900.0,239500.0
2061,2021-09-30 09:34:34,6930.0,100.0,238600.0
2062,2021-09-30 09:34:28,6940.0,1300.0,238500.0
2063,2021-09-30 09:34:28,6940.0,3700.0,237200.0
2064,2021-09-30 09:34:05,6940.0,300.0,233500.0
2065,2021-09-30 09:34:05,6940.0,100.0,233200.0
2066,2021-09-30 09:34:05,6940.0,600.0,233100.0
2067,2021-09-30 09:34:01,6940.0,100.0,232500.0
2068,2021-09-30 09:33:49,6940.0,3400.0,232400.0
2069,2021-09-30 09:33:41,6940.0,2000.0,229000.0
2070,2021-09-30 09:33:23,6940.0,1000.0,227000.0
2071,2021-09-30 09:33:15,6940.0,100.0,226000.0
2072,2021-09-30 09:33:05,6940.0,3000.0,225900.0
2073,2021-09-30 09:32:46,6940.0,5000.0,222900.0
2074,2021-09-30 09:32:34,6950.0,3000.0,217900.0
2075,2021-09-30 09:32:21,6950.0,100.0,214900.0
2076,2021-09-30 09:32:20,6940.0,4000.0,214800.0
2077,2021-09-30 09:32:09,6950.0,200.0,210800.0
2078,2021-09-30 09:32:07,6950.0,3600.0,210600.0
2079,2021-09-30 09:32:07,6950.0,200.0,207000.0
2080,2021-09-30 09:32:07,6950.0,2500.0,206800.0
2081,2021-09-30 09:32:07,6940.0,3700.0,204300.0
2082,2021-09-30 09:31:59,6940.0,1000.0,200600.0
2083,2021-09-30 09:31:51,6940.0,5000.0,199600.0
2084,2021-09-30 09:31:39,6940.0,100.0,194600.0
2085,2021-09-30 09:31:39,6940.0,10000.0,194500.0
2086,2021-09-30 09:31:39,6940.0,100.0,184500.0
2087,2021-09-30 09:31:39,6940.0,100.0,184400.0
2088,2021-09-30 09:31:32,6940.0,3000.0,184300.0
2089,2021-09-30 09:31:19,6950.0,500.0,181300.0
2090,2021-09-30 09:30:52,6950.0,2000.0,180800.0
2091,2021-09-30 09:30:43,6950.0,100.0,178800.0
