,Time,Price,Volume_per_trade,Volume
0,2021-10-21 07:45:02,8600.0,1600.0,5613100.0
1,2021-10-21 07:45:02,8600.0,300.0,5611500.0
2,2021-10-21 07:45:02,8600.0,200.0,5611200.0
3,2021-10-21 07:45:02,8600.0,1500.0,5611000.0
4,2021-10-21 07:45:02,8600.0,500.0,5609500.0
5,2021-10-21 07:45:02,8600.0,500.0,5609000.0
6,2021-10-21 07:45:02,8600.0,500.0,5608500.0
7,2021-10-21 07:45:02,8600.0,100.0,5608000.0
8,2021-10-21 07:45:02,8600.0,100.0,5607900.0
9,2021-10-21 07:45:02,8600.0,2000.0,5607800.0
10,2021-10-21 07:45:02,8600.0,300.0,5605800.0
11,2021-10-21 07:45:02,8600.0,1000.0,5605500.0
12,2021-10-21 07:45:02,8600.0,100.0,5604500.0
13,2021-10-21 07:45:02,8600.0,600.0,5604400.0
14,2021-10-21 07:45:02,8600.0,400.0,5603800.0
15,2021-10-21 07:45:02,8600.0,2000.0,5603400.0
16,2021-10-21 07:45:02,8600.0,5000.0,5601400.0
17,2021-10-21 07:45:02,8600.0,400.0,5596400.0
18,2021-10-21 07:45:02,8600.0,2000.0,5596000.0
19,2021-10-21 07:45:02,8600.0,100.0,5594000.0
20,2021-10-21 07:45:02,8600.0,500.0,5593900.0
21,2021-10-21 07:45:02,8600.0,1000.0,5593400.0
22,2021-10-21 07:45:02,8600.0,1000.0,5592400.0
23,2021-10-21 07:45:02,8600.0,18800.0,5591400.0
24,2021-10-21 07:45:02,8600.0,1000.0,5572600.0
25,2021-10-21 07:45:02,8600.0,3000.0,5571600.0
26,2021-10-21 07:45:02,8600.0,1000.0,5568600.0
27,2021-10-21 07:45:02,8600.0,500.0,5567600.0
28,2021-10-21 07:45:02,8600.0,13300.0,5567100.0
29,2021-10-21 07:45:02,8600.0,300.0,5553800.0
30,2021-10-21 07:45:02,8600.0,100.0,5553500.0
31,2021-10-21 07:45:02,8600.0,900.0,5553400.0
32,2021-10-21 07:45:02,8600.0,400.0,5552500.0
33,2021-10-21 07:45:02,8600.0,700.0,5552100.0
34,2021-10-21 07:45:02,8600.0,200.0,5551400.0
35,2021-10-21 07:45:02,8600.0,200.0,5551200.0
36,2021-10-21 07:45:02,8600.0,900.0,5551000.0
37,2021-10-21 07:45:02,8600.0,900.0,5550100.0
38,2021-10-21 07:45:02,8600.0,4100.0,5549200.0
39,2021-10-21 07:45:02,8600.0,200.0,5545100.0
40,2021-10-21 07:45:02,8600.0,30000.0,5544900.0
41,2021-10-21 07:45:02,8600.0,2100.0,5514900.0
42,2021-10-21 07:45:02,8600.0,10000.0,5512800.0
43,2021-10-21 07:45:02,8600.0,3600.0,5502800.0
44,2021-10-21 07:45:02,8600.0,10000.0,5499200.0
45,2021-10-21 07:45:02,8600.0,2000.0,5489200.0
46,2021-10-21 07:45:02,8600.0,2500.0,5487200.0
47,2021-10-21 07:45:02,8600.0,10000.0,5484700.0
48,2021-10-21 07:45:02,8600.0,15000.0,5474700.0
49,2021-10-21 07:45:02,8600.0,15000.0,5459700.0
50,2021-10-21 07:45:02,8600.0,200.0,5444700.0
51,2021-10-21 07:45:02,8600.0,1000.0,5444500.0
52,2021-10-21 07:45:02,8600.0,2000.0,5443500.0
53,2021-10-21 07:45:02,8600.0,200.0,5441500.0
54,2021-10-21 07:45:02,8600.0,1000.0,5441300.0
55,2021-10-21 07:45:02,8600.0,300.0,5440300.0
56,2021-10-21 07:45:02,8600.0,100.0,5440000.0
57,2021-10-21 07:45:02,8600.0,2100.0,5439900.0
58,2021-10-21 07:45:02,8600.0,4200.0,5437800.0
59,2021-10-21 07:45:02,8600.0,300.0,5433600.0
60,2021-10-21 07:45:02,8600.0,200.0,5433300.0
61,2021-10-21 07:45:02,8600.0,3200.0,5433100.0
62,2021-10-21 07:45:02,8600.0,100.0,5429900.0
63,2021-10-21 07:45:02,8600.0,200.0,5429800.0
64,2021-10-21 07:45:02,8600.0,1500.0,5429600.0
65,2021-10-21 07:45:02,8600.0,100.0,5428100.0
66,2021-10-21 07:45:02,8600.0,400.0,5428000.0
67,2021-10-21 07:45:02,8600.0,100.0,5427600.0
68,2021-10-21 07:45:02,8600.0,3000.0,5427500.0
69,2021-10-21 07:29:46,8590.0,10000.0,5424500.0
70,2021-10-21 07:29:45,8580.0,100.0,5414500.0
71,2021-10-21 07:29:22,8580.0,200.0,5414400.0
72,2021-10-21 07:29:17,8580.0,3000.0,5414200.0
73,2021-10-21 07:29:15,8590.0,5800.0,5411200.0
74,2021-10-21 07:29:13,8580.0,4100.0,5405400.0
75,2021-10-21 07:29:09,8570.0,7700.0,5401300.0
76,2021-10-21 07:29:08,8570.0,500.0,5393600.0
77,2021-10-21 07:29:05,8570.0,200.0,5393100.0
78,2021-10-21 07:29:05,8570.0,100.0,5392900.0
79,2021-10-21 07:29:05,8570.0,2100.0,5392800.0
80,2021-10-21 07:29:05,8570.0,2000.0,5390700.0
81,2021-10-21 07:29:05,8570.0,100.0,5388700.0
82,2021-10-21 07:29:05,8570.0,1000.0,5388600.0
83,2021-10-21 07:29:05,8570.0,500.0,5387600.0
84,2021-10-21 07:29:05,8570.0,1000.0,5387100.0
85,2021-10-21 07:29:05,8570.0,500.0,5386100.0
86,2021-10-21 07:29:05,8570.0,100.0,5385600.0
87,2021-10-21 07:29:05,8570.0,200.0,5385500.0
88,2021-10-21 07:29:05,8570.0,100.0,5385300.0
89,2021-10-21 07:29:05,8570.0,100.0,5385200.0
90,2021-10-21 07:29:05,8570.0,3000.0,5385100.0
91,2021-10-21 07:29:05,8570.0,500.0,5382100.0
92,2021-10-21 07:29:05,8570.0,300.0,5381600.0
93,2021-10-21 07:28:49,8580.0,400.0,5381300.0
94,2021-10-21 07:28:49,8580.0,600.0,5380900.0
95,2021-10-21 07:28:47,8570.0,100.0,5380300.0
96,2021-10-21 07:27:45,8570.0,100.0,5380200.0
97,2021-10-21 07:27:45,8570.0,500.0,5380100.0
98,2021-10-21 07:27:43,8560.0,600.0,5379600.0
99,2021-10-21 07:27:43,8560.0,2000.0,5379000.0
100,2021-10-21 07:27:43,8560.0,2000.0,5377000.0
101,2021-10-21 07:27:43,8560.0,400.0,5375000.0
102,2021-10-21 07:27:42,8570.0,500.0,5374600.0
103,2021-10-21 07:27:42,8570.0,500.0,5374100.0
104,2021-10-21 07:27:36,8570.0,200.0,5373600.0
105,2021-10-21 07:27:25,8570.0,200.0,5373400.0
106,2021-10-21 07:27:23,8570.0,1000.0,5373200.0
107,2021-10-21 07:27:16,8570.0,100.0,5372200.0
108,2021-10-21 07:27:16,8570.0,600.0,5372100.0
109,2021-10-21 07:27:12,8560.0,100.0,5371500.0
110,2021-10-21 07:27:12,8560.0,4900.0,5371400.0
111,2021-10-21 07:27:12,8570.0,200.0,5366500.0
112,2021-10-21 07:26:58,8570.0,1000.0,5366300.0
113,2021-10-21 07:26:40,8560.0,100.0,5365300.0
114,2021-10-21 07:26:40,8560.0,300.0,5365200.0
115,2021-10-21 07:26:40,8560.0,2000.0,5364900.0
116,2021-10-21 07:26:40,8560.0,400.0,5362900.0
117,2021-10-21 07:26:40,8560.0,2000.0,5362500.0
118,2021-10-21 07:26:40,8560.0,100.0,5360500.0
119,2021-10-21 07:26:40,8560.0,100.0,5360400.0
120,2021-10-21 07:26:40,8560.0,100.0,5360300.0
121,2021-10-21 07:26:40,8570.0,400.0,5360200.0
122,2021-10-21 07:26:40,8570.0,2400.0,5359800.0
123,2021-10-21 07:26:40,8570.0,2100.0,5357400.0
124,2021-10-21 07:26:29,8570.0,1100.0,5355300.0
125,2021-10-21 07:26:29,8570.0,500.0,5354200.0
126,2021-10-21 07:26:29,8570.0,2300.0,5353700.0
127,2021-10-21 07:26:28,8560.0,200.0,5351400.0
128,2021-10-21 07:26:28,8570.0,10000.0,5351200.0
129,2021-10-21 07:26:23,8570.0,5000.0,5341200.0
130,2021-10-21 07:26:09,8570.0,200.0,5336200.0
131,2021-10-21 07:26:02,8570.0,2000.0,5336000.0
132,2021-10-21 07:25:49,8570.0,100.0,5334000.0
133,2021-10-21 07:25:44,8570.0,1000.0,5333900.0
134,2021-10-21 07:25:40,8570.0,200.0,5332900.0
135,2021-10-21 07:25:31,8570.0,900.0,5332700.0
136,2021-10-21 07:25:31,8570.0,1500.0,5331800.0
137,2021-10-21 07:25:31,8570.0,500.0,5330300.0
138,2021-10-21 07:25:31,8570.0,1900.0,5329800.0
139,2021-10-21 07:25:31,8580.0,1000.0,5327900.0
140,2021-10-21 07:25:31,8580.0,400.0,5326900.0
141,2021-10-21 07:25:24,8590.0,900.0,5326500.0
142,2021-10-21 07:25:24,8590.0,100.0,5325600.0
143,2021-10-21 07:25:23,8590.0,200.0,5325500.0
144,2021-10-21 07:24:52,8590.0,100.0,5325300.0
145,2021-10-21 07:24:45,8580.0,100.0,5325200.0
146,2021-10-21 07:24:44,8580.0,1000.0,5325100.0
147,2021-10-21 07:24:14,8580.0,1000.0,5324100.0
148,2021-10-21 07:24:02,8580.0,5000.0,5323100.0
149,2021-10-21 07:23:51,8580.0,200.0,5318100.0
150,2021-10-21 07:23:25,8580.0,1900.0,5317900.0
151,2021-10-21 07:23:16,8590.0,1000.0,5316000.0
152,2021-10-21 07:23:16,8580.0,1100.0,5315000.0
153,2021-10-21 07:23:09,8570.0,100.0,5313900.0
154,2021-10-21 07:23:04,8580.0,200.0,5313800.0
155,2021-10-21 07:23:01,8580.0,1000.0,5313600.0
156,2021-10-21 07:23:00,8580.0,300.0,5312600.0
157,2021-10-21 07:23:00,8580.0,900.0,5312300.0
158,2021-10-21 07:23:00,8580.0,100.0,5311400.0
159,2021-10-21 07:23:00,8580.0,400.0,5311300.0
160,2021-10-21 07:23:00,8580.0,1400.0,5310900.0
161,2021-10-21 07:22:57,8590.0,3000.0,5309500.0
162,2021-10-21 07:22:29,8580.0,8600.0,5306500.0
163,2021-10-21 07:22:15,8580.0,1000.0,5297900.0
164,2021-10-21 07:22:14,8580.0,100.0,5296900.0
165,2021-10-21 07:22:06,8580.0,300.0,5296800.0
166,2021-10-21 07:21:57,8590.0,100.0,5296500.0
167,2021-10-21 07:21:24,8590.0,500.0,5296400.0
168,2021-10-21 07:21:16,8560.0,1700.0,5295900.0
169,2021-10-21 07:21:16,8560.0,500.0,5294200.0
170,2021-10-21 07:21:16,8560.0,500.0,5293700.0
171,2021-10-21 07:21:16,8560.0,1000.0,5293200.0
172,2021-10-21 07:21:16,8560.0,100.0,5292200.0
173,2021-10-21 07:21:16,8560.0,1600.0,5292100.0
174,2021-10-21 07:21:16,8570.0,100.0,5290500.0
175,2021-10-21 07:21:16,8570.0,1000.0,5290400.0
176,2021-10-21 07:21:16,8570.0,200.0,5289400.0
177,2021-10-21 07:21:16,8580.0,2000.0,5289200.0
178,2021-10-21 07:21:16,8580.0,1300.0,5287200.0
179,2021-10-21 07:21:16,8580.0,1600.0,5285900.0
180,2021-10-21 07:21:16,8590.0,5000.0,5284300.0
181,2021-10-21 07:21:16,8590.0,800.0,5279300.0
182,2021-10-21 07:21:16,8590.0,1000.0,5278500.0
183,2021-10-21 07:21:16,8590.0,1300.0,5277500.0
184,2021-10-21 07:21:16,8590.0,10000.0,5276200.0
185,2021-10-21 07:21:16,8590.0,500.0,5266200.0
186,2021-10-21 07:21:16,8590.0,5800.0,5265700.0
187,2021-10-21 07:21:16,8590.0,100.0,5259900.0
188,2021-10-21 07:21:16,8590.0,2000.0,5259800.0
189,2021-10-21 07:21:16,8590.0,10000.0,5257800.0
190,2021-10-21 07:21:16,8590.0,1500.0,5247800.0
191,2021-10-21 07:21:16,8590.0,400.0,5246300.0
192,2021-10-21 07:21:12,8600.0,800.0,5245900.0
193,2021-10-21 07:21:11,8600.0,100.0,5245100.0
194,2021-10-21 07:21:11,8600.0,1000.0,5245000.0
195,2021-10-21 07:20:59,8600.0,100.0,5244000.0
196,2021-10-21 07:20:43,8600.0,100.0,5243900.0
197,2021-10-21 07:20:43,8590.0,2600.0,5243800.0
198,2021-10-21 07:20:43,8590.0,500.0,5241200.0
199,2021-10-21 07:20:43,8590.0,500.0,5240700.0
200,2021-10-21 07:20:43,8590.0,5000.0,5240200.0
201,2021-10-21 07:20:43,8590.0,11400.0,5235200.0
202,2021-10-21 07:20:36,8590.0,3500.0,5223800.0
203,2021-10-21 07:20:36,8600.0,300.0,5220300.0
204,2021-10-21 07:20:24,8600.0,2000.0,5220000.0
205,2021-10-21 07:20:12,8600.0,100.0,5218000.0
206,2021-10-21 07:20:10,8600.0,5000.0,5217900.0
207,2021-10-21 07:19:54,8590.0,200.0,5212900.0
208,2021-10-21 07:19:36,8600.0,1000.0,5212700.0
209,2021-10-21 07:19:32,8600.0,700.0,5211700.0
210,2021-10-21 07:19:32,8600.0,400.0,5211000.0
211,2021-10-21 07:19:32,8600.0,200.0,5210600.0
212,2021-10-21 07:19:32,8600.0,1000.0,5210400.0
213,2021-10-21 07:19:32,8600.0,1600.0,5209400.0
214,2021-10-21 07:19:18,8600.0,1400.0,5207800.0
215,2021-10-21 07:19:18,8600.0,1500.0,5206400.0
216,2021-10-21 07:19:18,8600.0,100.0,5204900.0
217,2021-10-21 07:18:30,8600.0,300.0,5204800.0
218,2021-10-21 07:18:11,8590.0,14900.0,5204500.0
219,2021-10-21 07:18:11,8590.0,1000.0,5189600.0
220,2021-10-21 07:18:11,8590.0,2100.0,5188600.0
221,2021-10-21 07:18:11,8590.0,4000.0,5186500.0
222,2021-10-21 07:17:40,8590.0,1000.0,5182500.0
223,2021-10-21 07:17:37,8600.0,600.0,5181500.0
224,2021-10-21 07:17:37,8600.0,400.0,5180900.0
225,2021-10-21 07:17:23,8590.0,300.0,5180500.0
226,2021-10-21 07:17:22,8600.0,500.0,5180200.0
227,2021-10-21 07:17:21,8600.0,200.0,5179700.0
228,2021-10-21 07:16:23,8590.0,200.0,5179500.0
229,2021-10-21 07:16:23,8590.0,14500.0,5179300.0
230,2021-10-21 07:16:13,8560.0,400.0,5164800.0
231,2021-10-21 07:16:13,8560.0,1000.0,5164400.0
232,2021-10-21 07:16:13,8560.0,1000.0,5163400.0
233,2021-10-21 07:16:13,8560.0,100.0,5162400.0
234,2021-10-21 07:16:13,8560.0,1000.0,5162300.0
235,2021-10-21 07:16:13,8560.0,1400.0,5161300.0
236,2021-10-21 07:16:13,8560.0,500.0,5159900.0
237,2021-10-21 07:16:13,8560.0,5000.0,5159400.0
238,2021-10-21 07:16:13,8560.0,5000.0,5154400.0
239,2021-10-21 07:16:13,8560.0,300.0,5149400.0
240,2021-10-21 07:16:13,8570.0,1000.0,5149100.0
241,2021-10-21 07:16:13,8570.0,500.0,5148100.0
242,2021-10-21 07:16:13,8570.0,1000.0,5147600.0
243,2021-10-21 07:16:13,8570.0,100.0,5146600.0
244,2021-10-21 07:16:13,8570.0,1000.0,5146500.0
245,2021-10-21 07:16:13,8570.0,500.0,5145500.0
246,2021-10-21 07:16:13,8580.0,100.0,5145000.0
247,2021-10-21 07:16:11,8590.0,100.0,5144900.0
248,2021-10-21 07:16:01,8580.0,900.0,5144800.0
249,2021-10-21 07:15:58,8580.0,100.0,5143900.0
250,2021-10-21 07:15:51,8580.0,3500.0,5143800.0
251,2021-10-21 07:15:50,8570.0,500.0,5140300.0
252,2021-10-21 07:15:50,8570.0,500.0,5139800.0
253,2021-10-21 07:15:44,8580.0,100.0,5139300.0
254,2021-10-21 07:15:39,8580.0,1300.0,5139200.0
255,2021-10-21 07:15:35,8580.0,100.0,5137900.0
256,2021-10-21 07:15:35,8580.0,2000.0,5137800.0
257,2021-10-21 07:15:35,8580.0,1000.0,5135800.0
258,2021-10-21 07:15:35,8580.0,1000.0,5134800.0
259,2021-10-21 07:15:30,8590.0,200.0,5133800.0
260,2021-10-21 07:15:23,8580.0,4000.0,5133600.0
261,2021-10-21 07:15:10,8580.0,1000.0,5129600.0
262,2021-10-21 07:15:03,8590.0,400.0,5128600.0
263,2021-10-21 07:14:58,8590.0,300.0,5128200.0
264,2021-10-21 07:14:42,8590.0,200.0,5127900.0
265,2021-10-21 07:14:36,8580.0,1000.0,5127700.0
266,2021-10-21 07:14:31,8580.0,1000.0,5126700.0
267,2021-10-21 07:14:30,8590.0,500.0,5125700.0
268,2021-10-21 07:14:23,8580.0,300.0,5125200.0
269,2021-10-21 07:14:23,8580.0,500.0,5124900.0
270,2021-10-21 07:14:23,8580.0,200.0,5124400.0
271,2021-10-21 07:14:23,8580.0,1000.0,5124200.0
272,2021-10-21 07:14:23,8580.0,2000.0,5123200.0
273,2021-10-21 07:13:51,8580.0,1000.0,5121200.0
274,2021-10-21 07:13:28,8580.0,200.0,5120200.0
275,2021-10-21 07:12:35,8580.0,100.0,5120000.0
276,2021-10-21 07:12:35,8580.0,500.0,5119900.0
277,2021-10-21 07:12:34,8580.0,4500.0,5119400.0
278,2021-10-21 07:12:29,8580.0,200.0,5114900.0
279,2021-10-21 07:12:29,8580.0,100.0,5114700.0
280,2021-10-21 07:12:29,8580.0,9700.0,5114600.0
281,2021-10-21 07:12:12,8580.0,5000.0,5104900.0
282,2021-10-21 07:12:07,8580.0,1300.0,5099900.0
283,2021-10-21 07:12:07,8580.0,200.0,5098600.0
284,2021-10-21 07:11:57,8580.0,5000.0,5098400.0
285,2021-10-21 07:11:41,8580.0,7900.0,5093400.0
286,2021-10-21 07:10:11,8570.0,1000.0,5085500.0
287,2021-10-21 07:09:46,8570.0,700.0,5084500.0
288,2021-10-21 07:09:46,8570.0,2300.0,5083800.0
289,2021-10-21 07:09:32,8570.0,100.0,5081500.0
290,2021-10-21 07:09:32,8570.0,100.0,5081400.0
291,2021-10-21 07:09:05,8560.0,4000.0,5081300.0
292,2021-10-21 07:08:59,8570.0,100.0,5077300.0
293,2021-10-21 07:08:55,8570.0,4000.0,5077200.0
294,2021-10-21 07:08:14,8560.0,400.0,5073200.0
295,2021-10-21 07:08:14,8560.0,300.0,5072800.0
296,2021-10-21 07:08:06,8560.0,100.0,5072500.0
297,2021-10-21 07:08:06,8560.0,400.0,5072400.0
298,2021-10-21 07:07:21,8560.0,100.0,5072000.0
299,2021-10-21 07:06:41,8560.0,900.0,5071900.0
300,2021-10-21 07:06:41,8560.0,100.0,5071000.0
301,2021-10-21 07:06:36,8560.0,500.0,5070900.0
302,2021-10-21 07:04:27,8550.0,200.0,5070400.0
303,2021-10-21 07:04:24,8550.0,1000.0,5070200.0
304,2021-10-21 07:04:21,8550.0,200.0,5069200.0
305,2021-10-21 07:04:18,8550.0,5100.0,5069000.0
306,2021-10-21 07:04:15,8550.0,1000.0,5063900.0
307,2021-10-21 07:04:15,8550.0,200.0,5062900.0
308,2021-10-21 07:04:15,8550.0,100.0,5062700.0
309,2021-10-21 07:04:15,8550.0,500.0,5062600.0
310,2021-10-21 07:04:15,8550.0,300.0,5062100.0
311,2021-10-21 07:04:15,8550.0,400.0,5061800.0
312,2021-10-21 07:04:15,8550.0,200.0,5061400.0
313,2021-10-21 07:04:15,8550.0,600.0,5061200.0
314,2021-10-21 07:04:15,8550.0,200.0,5060600.0
315,2021-10-21 07:03:51,8580.0,100.0,5060400.0
316,2021-10-21 07:03:22,8550.0,500.0,5060300.0
317,2021-10-21 07:03:21,8550.0,400.0,5059800.0
318,2021-10-21 07:03:21,8550.0,100.0,5059400.0
319,2021-10-21 07:03:14,8550.0,1000.0,5059300.0
320,2021-10-21 07:03:06,8550.0,100.0,5058300.0
321,2021-10-21 07:03:06,8550.0,1800.0,5058200.0
322,2021-10-21 07:03:02,8550.0,5000.0,5056400.0
323,2021-10-21 07:02:48,8550.0,500.0,5051400.0
324,2021-10-21 07:02:44,8550.0,1000.0,5050900.0
325,2021-10-21 07:02:43,8550.0,400.0,5049900.0
326,2021-10-21 07:02:37,8550.0,900.0,5049500.0
327,2021-10-21 07:02:30,8550.0,1000.0,5048600.0
328,2021-10-21 07:02:17,8550.0,1500.0,5047600.0
329,2021-10-21 07:02:09,8550.0,1000.0,5046100.0
330,2021-10-21 07:02:09,8550.0,1600.0,5045100.0
331,2021-10-21 07:02:09,8550.0,1600.0,5043500.0
332,2021-10-21 07:02:09,8550.0,100.0,5041900.0
333,2021-10-21 07:02:09,8550.0,800.0,5041800.0
334,2021-10-21 07:02:09,8550.0,300.0,5041000.0
335,2021-10-21 07:02:09,8550.0,3700.0,5040700.0
336,2021-10-21 07:02:09,8550.0,5000.0,5037000.0
337,2021-10-21 07:02:09,8550.0,500.0,5032000.0
338,2021-10-21 07:02:09,8550.0,1500.0,5031500.0
339,2021-10-21 07:02:09,8550.0,11600.0,5030000.0
340,2021-10-21 07:02:09,8550.0,100.0,5018400.0
341,2021-10-21 07:02:09,8550.0,100.0,5018300.0
342,2021-10-21 07:02:09,8550.0,300.0,5018200.0
343,2021-10-21 07:02:09,8550.0,2000.0,5017900.0
344,2021-10-21 07:02:09,8550.0,200.0,5015900.0
345,2021-10-21 07:02:09,8550.0,8000.0,5015700.0
346,2021-10-21 07:02:09,8550.0,1000.0,5007700.0
347,2021-10-21 07:02:09,8550.0,100.0,5006700.0
348,2021-10-21 07:02:09,8550.0,100.0,5006600.0
349,2021-10-21 07:02:09,8550.0,100.0,5006500.0
350,2021-10-21 07:02:09,8550.0,100.0,5006400.0
351,2021-10-21 07:02:09,8550.0,1000.0,5006300.0
352,2021-10-21 07:02:09,8550.0,1000.0,5005300.0
353,2021-10-21 07:02:09,8550.0,1000.0,5004300.0
354,2021-10-21 07:02:09,8550.0,100.0,5003300.0
355,2021-10-21 07:02:09,8550.0,1000.0,5003200.0
356,2021-10-21 07:02:09,8550.0,800.0,5002200.0
357,2021-10-21 07:02:09,8560.0,200.0,5001400.0
358,2021-10-21 07:02:09,8560.0,100.0,5001200.0
359,2021-10-21 07:02:09,8560.0,500.0,5001100.0
360,2021-10-21 07:02:09,8560.0,2000.0,5000600.0
361,2021-10-21 07:02:09,8560.0,5000.0,4998600.0
362,2021-10-21 07:02:09,8560.0,1200.0,4993600.0
363,2021-10-21 07:02:09,8560.0,1000.0,4992400.0
364,2021-10-21 07:02:09,8560.0,2000.0,4991400.0
365,2021-10-21 07:02:09,8560.0,300.0,4989400.0
366,2021-10-21 07:02:09,8560.0,14000.0,4989100.0
367,2021-10-21 07:02:09,8560.0,4000.0,4975100.0
368,2021-10-21 07:02:09,8570.0,500.0,4971100.0
369,2021-10-21 07:02:09,8570.0,200.0,4970600.0
370,2021-10-21 07:02:09,8570.0,1000.0,4970400.0
371,2021-10-21 07:02:09,8570.0,1000.0,4969400.0
372,2021-10-21 07:02:09,8570.0,200.0,4968400.0
373,2021-10-21 07:02:00,8580.0,400.0,4968200.0
374,2021-10-21 07:01:35,8580.0,500.0,4967800.0
375,2021-10-21 07:01:34,8570.0,9800.0,4967300.0
376,2021-10-21 07:01:34,8570.0,200.0,4957500.0
377,2021-10-21 07:01:34,8570.0,600.0,4957300.0
378,2021-10-21 07:01:34,8570.0,100.0,4956700.0
379,2021-10-21 07:01:34,8570.0,1000.0,4956600.0
380,2021-10-21 07:01:34,8570.0,5000.0,4955600.0
381,2021-10-21 07:01:34,8570.0,100.0,4950600.0
382,2021-10-21 07:01:34,8570.0,200.0,4950500.0
383,2021-10-21 07:01:34,8570.0,100.0,4950300.0
384,2021-10-21 07:01:34,8570.0,2900.0,4950200.0
385,2021-10-21 07:01:18,8580.0,500.0,4947300.0
386,2021-10-21 07:01:10,8580.0,200.0,4946800.0
387,2021-10-21 07:01:04,8580.0,200.0,4946600.0
388,2021-10-21 07:00:58,8580.0,100.0,4946400.0
389,2021-10-21 07:00:49,8580.0,1000.0,4946300.0
390,2021-10-21 07:00:49,8580.0,1900.0,4945300.0
391,2021-10-21 07:00:49,8580.0,700.0,4943400.0
392,2021-10-21 07:00:49,8580.0,4500.0,4942700.0
393,2021-10-21 06:59:40,8580.0,5500.0,4938200.0
394,2021-10-21 06:59:38,8580.0,2000.0,4932700.0
395,2021-10-21 06:59:29,8580.0,100.0,4930700.0
396,2021-10-21 06:59:26,8580.0,100.0,4930600.0
397,2021-10-21 06:59:25,8580.0,500.0,4930500.0
398,2021-10-21 06:59:17,8570.0,300.0,4930000.0
399,2021-10-21 06:59:17,8570.0,200.0,4929700.0
400,2021-10-21 06:59:17,8570.0,100.0,4929500.0
401,2021-10-21 06:59:17,8570.0,400.0,4929400.0
402,2021-10-21 06:59:15,8580.0,200.0,4929000.0
403,2021-10-21 06:58:57,8580.0,200.0,4928800.0
404,2021-10-21 06:58:57,8580.0,3000.0,4928600.0
405,2021-10-21 06:58:57,8580.0,2900.0,4925600.0
406,2021-10-21 06:58:57,8580.0,1500.0,4922700.0
407,2021-10-21 06:58:57,8580.0,300.0,4921200.0
408,2021-10-21 06:58:57,8580.0,2000.0,4920900.0
409,2021-10-21 06:58:57,8580.0,1000.0,4918900.0
410,2021-10-21 06:58:57,8580.0,200.0,4917900.0
411,2021-10-21 06:58:57,8580.0,200.0,4917700.0
412,2021-10-21 06:58:57,8580.0,100.0,4917500.0
413,2021-10-21 06:58:57,8580.0,200.0,4917400.0
414,2021-10-21 06:58:33,8590.0,1000.0,4917200.0
415,2021-10-21 06:58:10,8580.0,1800.0,4916200.0
416,2021-10-21 06:58:10,8580.0,1100.0,4914400.0
417,2021-10-21 06:58:10,8580.0,3000.0,4913300.0
418,2021-10-21 06:58:10,8580.0,500.0,4910300.0
419,2021-10-21 06:58:09,8580.0,300.0,4909800.0
420,2021-10-21 06:58:08,8590.0,500.0,4909500.0
421,2021-10-21 06:58:08,8590.0,2000.0,4909000.0
422,2021-10-21 06:58:08,8590.0,300.0,4907000.0
423,2021-10-21 06:57:57,8590.0,400.0,4906700.0
424,2021-10-21 06:57:57,8590.0,100.0,4906300.0
425,2021-10-21 06:57:42,8590.0,100.0,4906200.0
426,2021-10-21 06:57:24,8590.0,900.0,4906100.0
427,2021-10-21 06:57:24,8590.0,300.0,4905200.0
428,2021-10-21 06:57:08,8590.0,2500.0,4904900.0
429,2021-10-21 06:57:03,8590.0,500.0,4902400.0
430,2021-10-21 06:56:53,8590.0,500.0,4901900.0
431,2021-10-21 06:56:50,8600.0,100.0,4901400.0
432,2021-10-21 06:56:43,8590.0,100.0,4901300.0
433,2021-10-21 06:56:43,8590.0,1700.0,4901200.0
434,2021-10-21 06:56:43,8590.0,200.0,4899500.0
435,2021-10-21 06:56:43,8590.0,3000.0,4899300.0
436,2021-10-21 06:56:43,8590.0,300.0,4896300.0
437,2021-10-21 06:56:43,8590.0,100.0,4896000.0
438,2021-10-21 06:56:43,8590.0,700.0,4895900.0
439,2021-10-21 06:56:43,8590.0,2000.0,4895200.0
440,2021-10-21 06:56:43,8590.0,100.0,4893200.0
441,2021-10-21 06:56:43,8590.0,500.0,4893100.0
442,2021-10-21 06:56:43,8590.0,700.0,4892600.0
443,2021-10-21 06:56:43,8590.0,1000.0,4891900.0
444,2021-10-21 06:56:43,8590.0,200.0,4890900.0
445,2021-10-21 06:56:43,8590.0,2000.0,4890700.0
446,2021-10-21 06:56:43,8590.0,500.0,4888700.0
447,2021-10-21 06:56:43,8590.0,6900.0,4888200.0
448,2021-10-21 06:56:33,8600.0,100.0,4881300.0
449,2021-10-21 06:56:33,8600.0,100.0,4881200.0
450,2021-10-21 06:56:17,8590.0,400.0,4881100.0
451,2021-10-21 06:56:16,8590.0,6000.0,4880700.0
452,2021-10-21 06:56:12,8590.0,500.0,4874700.0
453,2021-10-21 06:55:49,8590.0,200.0,4874200.0
454,2021-10-21 06:55:43,8590.0,3000.0,4874000.0
455,2021-10-21 06:54:26,8590.0,100.0,4871000.0
456,2021-10-21 06:54:25,8600.0,2900.0,4870900.0
457,2021-10-21 06:54:25,8600.0,1000.0,4868000.0
458,2021-10-21 06:54:25,8600.0,500.0,4867000.0
459,2021-10-21 06:54:25,8600.0,1000.0,4866500.0
460,2021-10-21 06:54:25,8600.0,4600.0,4865500.0
461,2021-10-21 06:54:16,8590.0,200.0,4860900.0
462,2021-10-21 06:54:14,8590.0,12300.0,4860700.0
463,2021-10-21 06:54:09,8590.0,200.0,4848400.0
464,2021-10-21 06:53:40,8590.0,100.0,4848200.0
465,2021-10-21 06:53:40,8590.0,4000.0,4848100.0
466,2021-10-21 06:53:40,8590.0,2000.0,4844100.0
467,2021-10-21 06:53:40,8590.0,14100.0,4842100.0
468,2021-10-21 06:53:30,8590.0,100.0,4828000.0
469,2021-10-21 06:53:30,8580.0,100.0,4827900.0
470,2021-10-21 06:53:21,8590.0,1000.0,4827800.0
471,2021-10-21 06:53:17,8590.0,200.0,4826800.0
472,2021-10-21 06:52:21,8590.0,100.0,4826600.0
473,2021-10-21 06:52:04,8590.0,100.0,4826500.0
474,2021-10-21 06:51:46,8580.0,1300.0,4826400.0
475,2021-10-21 06:51:42,8580.0,200.0,4825100.0
476,2021-10-21 06:51:42,8580.0,200.0,4824900.0
477,2021-10-21 06:51:42,8580.0,100.0,4824700.0
478,2021-10-21 06:51:42,8580.0,700.0,4824600.0
479,2021-10-21 06:51:30,8580.0,400.0,4823900.0
480,2021-10-21 06:51:30,8580.0,800.0,4823500.0
481,2021-10-21 06:51:30,8580.0,200.0,4822700.0
482,2021-10-21 06:51:30,8580.0,400.0,4822500.0
483,2021-10-21 06:51:18,8580.0,400.0,4822100.0
484,2021-10-21 06:51:14,8580.0,1000.0,4821700.0
485,2021-10-21 06:50:54,8580.0,100.0,4820700.0
486,2021-10-21 06:50:46,8580.0,100.0,4820600.0
487,2021-10-21 06:50:29,8580.0,2000.0,4820500.0
488,2021-10-21 06:50:25,8580.0,500.0,4818500.0
489,2021-10-21 06:50:12,8580.0,2500.0,4818000.0
490,2021-10-21 06:50:12,8580.0,700.0,4815500.0
491,2021-10-21 06:50:09,8580.0,100.0,4814800.0
492,2021-10-21 06:49:34,8580.0,300.0,4814700.0
493,2021-10-21 06:49:26,8580.0,100.0,4814400.0
494,2021-10-21 06:49:15,8570.0,600.0,4814300.0
495,2021-10-21 06:49:15,8580.0,2000.0,4813700.0
496,2021-10-21 06:49:15,8580.0,1400.0,4811700.0
497,2021-10-21 06:49:15,8580.0,1000.0,4810300.0
498,2021-10-21 06:49:13,8580.0,2000.0,4809300.0
499,2021-10-21 06:48:44,8580.0,100.0,4807300.0
500,2021-10-21 06:48:44,8580.0,1900.0,4807200.0
501,2021-10-21 06:48:39,8580.0,800.0,4805300.0
502,2021-10-21 06:48:35,8580.0,2900.0,4804500.0
503,2021-10-21 06:48:35,8580.0,100.0,4801600.0
504,2021-10-21 06:48:35,8580.0,600.0,4801500.0
505,2021-10-21 06:48:30,8580.0,100.0,4800900.0
506,2021-10-21 06:47:54,8580.0,300.0,4800800.0
507,2021-10-21 06:47:54,8580.0,900.0,4800500.0
508,2021-10-21 06:47:52,8580.0,200.0,4799600.0
509,2021-10-21 06:47:52,8580.0,100.0,4799400.0
510,2021-10-21 06:47:52,8580.0,500.0,4799300.0
511,2021-10-21 06:47:52,8580.0,1000.0,4798800.0
512,2021-10-21 06:47:52,8580.0,500.0,4797800.0
513,2021-10-21 06:47:52,8580.0,1800.0,4797300.0
514,2021-10-21 06:47:19,8580.0,200.0,4795500.0
515,2021-10-21 06:47:19,8580.0,1000.0,4795300.0
516,2021-10-21 06:47:19,8580.0,1000.0,4794300.0
517,2021-10-21 06:47:19,8580.0,400.0,4793300.0
518,2021-10-21 06:47:19,8580.0,400.0,4792900.0
519,2021-10-21 06:46:05,8580.0,100.0,4792500.0
520,2021-10-21 06:46:05,8580.0,1000.0,4792400.0
521,2021-10-21 06:46:05,8580.0,200.0,4791400.0
522,2021-10-21 06:46:05,8580.0,100.0,4791200.0
523,2021-10-21 06:46:05,8580.0,100.0,4791100.0
524,2021-10-21 06:46:03,8580.0,5000.0,4791000.0
525,2021-10-21 06:46:01,8580.0,800.0,4786000.0
526,2021-10-21 06:45:26,8580.0,2000.0,4785200.0
527,2021-10-21 06:45:20,8590.0,2000.0,4783200.0
528,2021-10-21 06:45:16,8580.0,2000.0,4781200.0
529,2021-10-21 06:45:09,8590.0,100.0,4779200.0
530,2021-10-21 06:45:02,8590.0,200.0,4779100.0
531,2021-10-21 06:44:53,8590.0,500.0,4778900.0
532,2021-10-21 06:44:49,8590.0,500.0,4778400.0
533,2021-10-21 06:44:48,8580.0,100.0,4777900.0
534,2021-10-21 06:44:48,8580.0,100.0,4777800.0
535,2021-10-21 06:44:21,8590.0,500.0,4777700.0
536,2021-10-21 06:44:19,8590.0,1000.0,4777200.0
537,2021-10-21 06:44:19,8590.0,2000.0,4776200.0
538,2021-10-21 06:44:19,8590.0,2000.0,4774200.0
539,2021-10-21 06:44:19,8590.0,100.0,4772200.0
540,2021-10-21 06:44:19,8590.0,5500.0,4772100.0
541,2021-10-21 06:44:16,8600.0,300.0,4766600.0
542,2021-10-21 06:44:12,8600.0,1100.0,4766300.0
543,2021-10-21 06:44:12,8600.0,400.0,4765200.0
544,2021-10-21 06:44:01,8600.0,2400.0,4764800.0
545,2021-10-21 06:44:01,8590.0,4000.0,4762400.0
546,2021-10-21 06:43:58,8590.0,100.0,4758400.0
547,2021-10-21 06:43:30,8590.0,300.0,4758300.0
548,2021-10-21 06:43:30,8600.0,600.0,4758000.0
549,2021-10-21 06:43:24,8600.0,100.0,4757400.0
550,2021-10-21 06:43:06,8600.0,100.0,4757300.0
551,2021-10-21 06:42:48,8600.0,100.0,4757200.0
552,2021-10-21 06:42:37,8600.0,100.0,4757100.0
553,2021-10-21 06:42:16,8600.0,800.0,4757000.0
554,2021-10-21 06:41:55,8600.0,500.0,4756200.0
555,2021-10-21 06:41:52,8600.0,400.0,4755700.0
556,2021-10-21 06:41:49,8600.0,200.0,4755300.0
557,2021-10-21 06:41:47,8600.0,200.0,4755100.0
558,2021-10-21 06:40:47,8600.0,300.0,4754900.0
559,2021-10-21 06:40:24,8600.0,100.0,4754600.0
560,2021-10-21 06:40:16,8600.0,1000.0,4754500.0
561,2021-10-21 06:40:09,8600.0,1000.0,4753500.0
562,2021-10-21 06:40:00,8600.0,2000.0,4752500.0
563,2021-10-21 06:39:58,8590.0,100.0,4750500.0
564,2021-10-21 06:39:15,8600.0,400.0,4750400.0
565,2021-10-21 06:38:51,8600.0,200.0,4750000.0
566,2021-10-21 06:38:01,8600.0,1000.0,4749800.0
567,2021-10-21 06:37:41,8600.0,1000.0,4748800.0
568,2021-10-21 06:37:41,8600.0,1000.0,4747800.0
569,2021-10-21 06:37:37,8600.0,200.0,4746800.0
570,2021-10-21 06:37:26,8600.0,2000.0,4746600.0
571,2021-10-21 06:37:26,8600.0,3000.0,4744600.0
572,2021-10-21 06:37:26,8600.0,2000.0,4741600.0
573,2021-10-21 06:37:26,8600.0,200.0,4739600.0
574,2021-10-21 06:37:26,8600.0,1000.0,4739400.0
575,2021-10-21 06:37:26,8600.0,1000.0,4738400.0
576,2021-10-21 06:37:26,8600.0,8000.0,4737400.0
577,2021-10-21 06:37:26,8600.0,500.0,4729400.0
578,2021-10-21 06:37:26,8600.0,1000.0,4728900.0
579,2021-10-21 06:37:26,8600.0,300.0,4727900.0
580,2021-10-21 06:37:26,8600.0,100.0,4727600.0
581,2021-10-21 06:37:26,8600.0,3000.0,4727500.0
582,2021-10-21 06:37:26,8600.0,13800.0,4724500.0
583,2021-10-21 06:37:11,8610.0,500.0,4710700.0
584,2021-10-21 06:37:10,8600.0,16200.0,4710200.0
585,2021-10-21 06:37:10,8600.0,3500.0,4694000.0
586,2021-10-21 06:37:10,8600.0,10000.0,4690500.0
587,2021-10-21 06:37:10,8600.0,100.0,4680500.0
588,2021-10-21 06:37:10,8600.0,100.0,4680400.0
589,2021-10-21 06:37:10,8600.0,100.0,4680300.0
590,2021-10-21 06:37:08,8610.0,500.0,4680200.0
591,2021-10-21 06:37:07,8610.0,500.0,4679700.0
592,2021-10-21 06:37:03,8610.0,200.0,4679200.0
593,2021-10-21 06:36:59,8610.0,200.0,4679000.0
594,2021-10-21 06:36:58,8610.0,200.0,4678800.0
595,2021-10-21 06:36:47,8610.0,100.0,4678600.0
596,2021-10-21 06:36:47,8610.0,600.0,4678500.0
597,2021-10-21 06:36:47,8610.0,100.0,4677900.0
598,2021-10-21 06:36:43,8620.0,5000.0,4677800.0
599,2021-10-21 06:36:33,8620.0,300.0,4672800.0
600,2021-10-21 06:36:33,8620.0,2000.0,4672500.0
601,2021-10-21 06:36:33,8620.0,3500.0,4670500.0
602,2021-10-21 06:36:33,8620.0,4000.0,4667000.0
603,2021-10-21 06:36:33,8620.0,1000.0,4663000.0
604,2021-10-21 06:36:33,8620.0,1200.0,4662000.0
605,2021-10-21 06:36:33,8620.0,5300.0,4660800.0
606,2021-10-21 06:36:03,8620.0,100.0,4655500.0
607,2021-10-21 06:35:54,8620.0,1000.0,4655400.0
608,2021-10-21 06:35:42,8630.0,600.0,4654400.0
609,2021-10-21 06:35:26,8620.0,100.0,4653800.0
610,2021-10-21 06:35:12,8620.0,500.0,4653700.0
611,2021-10-21 06:35:12,8620.0,500.0,4653200.0
612,2021-10-21 06:34:43,8630.0,200.0,4652700.0
613,2021-10-21 06:34:25,8630.0,1100.0,4652500.0
614,2021-10-21 06:34:25,8630.0,4700.0,4651400.0
615,2021-10-21 06:34:06,8640.0,600.0,4646700.0
616,2021-10-21 06:32:34,8630.0,1300.0,4646100.0
617,2021-10-21 06:32:34,8630.0,1200.0,4644800.0
618,2021-10-21 06:32:08,8630.0,1800.0,4643600.0
619,2021-10-21 06:32:08,8630.0,1200.0,4641800.0
620,2021-10-21 06:31:53,8630.0,800.0,4640600.0
621,2021-10-21 06:31:52,8640.0,100.0,4639800.0
622,2021-10-21 06:31:28,8640.0,100.0,4639700.0
623,2021-10-21 06:31:28,8640.0,400.0,4639600.0
624,2021-10-21 06:31:23,8640.0,600.0,4639200.0
625,2021-10-21 06:31:03,8640.0,500.0,4638600.0
626,2021-10-21 06:31:02,8640.0,300.0,4638100.0
627,2021-10-21 06:30:38,8630.0,4000.0,4637800.0
628,2021-10-21 06:30:34,8630.0,1000.0,4633800.0
629,2021-10-21 06:30:20,8630.0,200.0,4632800.0
630,2021-10-21 06:30:20,8640.0,200.0,4632600.0
631,2021-10-21 06:30:20,8640.0,800.0,4632400.0
632,2021-10-21 06:30:17,8630.0,600.0,4631600.0
633,2021-10-21 06:30:17,8630.0,1000.0,4631000.0
634,2021-10-21 06:30:17,8630.0,4700.0,4630000.0
635,2021-10-21 06:30:17,8630.0,800.0,4625300.0
636,2021-10-21 06:30:17,8630.0,4100.0,4624500.0
637,2021-10-21 06:30:00,8630.0,900.0,4620400.0
638,2021-10-21 06:30:00,8630.0,100.0,4619500.0
639,2021-10-21 06:29:37,8630.0,300.0,4619400.0
640,2021-10-21 06:29:37,8630.0,700.0,4619100.0
641,2021-10-21 06:29:22,8630.0,200.0,4618400.0
642,2021-10-21 06:29:02,8630.0,600.0,4618200.0
643,2021-10-21 06:28:37,8630.0,500.0,4617600.0
644,2021-10-21 06:28:11,8630.0,100.0,4617100.0
645,2021-10-21 06:28:08,8630.0,1900.0,4617000.0
646,2021-10-21 06:28:08,8630.0,700.0,4615100.0
647,2021-10-21 06:28:08,8630.0,10000.0,4614400.0
648,2021-10-21 06:28:08,8630.0,100.0,4604400.0
649,2021-10-21 06:28:08,8630.0,300.0,4604300.0
650,2021-10-21 06:28:08,8630.0,100.0,4604000.0
651,2021-10-21 06:28:08,8630.0,200.0,4603900.0
652,2021-10-21 06:28:08,8630.0,700.0,4603700.0
653,2021-10-21 06:28:04,8630.0,300.0,4603000.0
654,2021-10-21 06:28:04,8630.0,1600.0,4602700.0
655,2021-10-21 06:28:02,8640.0,200.0,4601100.0
656,2021-10-21 06:28:02,8640.0,800.0,4600900.0
657,2021-10-21 06:27:57,8640.0,200.0,4600100.0
658,2021-10-21 06:27:57,8640.0,900.0,4599900.0
659,2021-10-21 06:27:54,8630.0,1000.0,4599000.0
660,2021-10-21 06:27:27,8630.0,200.0,4598000.0
661,2021-10-21 06:26:53,8630.0,2200.0,4597800.0
662,2021-10-21 06:26:49,8630.0,7800.0,4595600.0
663,2021-10-21 06:26:46,8640.0,7800.0,4587800.0
664,2021-10-21 06:26:41,8630.0,300.0,4580000.0
665,2021-10-21 06:26:38,8640.0,200.0,4579700.0
666,2021-10-21 06:25:56,8640.0,1100.0,4579500.0
667,2021-10-21 06:25:56,8640.0,8900.0,4578400.0
668,2021-10-21 06:25:42,8640.0,10000.0,4569500.0
669,2021-10-21 06:25:33,8640.0,8900.0,4559500.0
670,2021-10-21 06:25:33,8640.0,200.0,4550600.0
671,2021-10-21 06:25:33,8640.0,900.0,4550400.0
672,2021-10-21 06:25:29,8630.0,1900.0,4549500.0
673,2021-10-21 06:25:07,8630.0,3100.0,4547600.0
674,2021-10-21 06:24:50,8630.0,200.0,4544500.0
675,2021-10-21 06:24:50,8630.0,1000.0,4544300.0
676,2021-10-21 06:24:50,8630.0,100.0,4543300.0
677,2021-10-21 06:24:50,8630.0,600.0,4543200.0
678,2021-10-21 06:24:19,8630.0,100.0,4542600.0
679,2021-10-21 06:24:19,8630.0,200.0,4542500.0
680,2021-10-21 06:24:19,8630.0,100.0,4542300.0
681,2021-10-21 06:24:16,8630.0,200.0,4542200.0
682,2021-10-21 06:24:16,8630.0,800.0,4542000.0
683,2021-10-21 06:24:13,8630.0,300.0,4541200.0
684,2021-10-21 06:24:12,8630.0,37200.0,4540900.0
685,2021-10-21 06:22:46,8630.0,1000.0,4503700.0
686,2021-10-21 06:22:44,8640.0,100.0,4502700.0
687,2021-10-21 06:22:32,8630.0,20000.0,4502600.0
688,2021-10-21 06:22:32,8630.0,500.0,4482600.0
689,2021-10-21 06:22:32,8630.0,2000.0,4482100.0
690,2021-10-21 06:22:32,8630.0,1000.0,4480100.0
691,2021-10-21 06:22:32,8630.0,1000.0,4479100.0
692,2021-10-21 06:22:32,8620.0,1300.0,4478100.0
693,2021-10-21 06:22:29,8610.0,200.0,4476800.0
694,2021-10-21 06:21:57,8610.0,100.0,4476600.0
695,2021-10-21 06:21:18,8600.0,14400.0,4476500.0
696,2021-10-21 06:21:12,8600.0,800.0,4462100.0
697,2021-10-21 06:21:11,8620.0,700.0,4461300.0
698,2021-10-21 06:21:11,8610.0,4000.0,4460600.0
699,2021-10-21 06:21:11,8610.0,5000.0,4456600.0
700,2021-10-21 06:21:11,8610.0,300.0,4451600.0
701,2021-10-21 06:21:09,8600.0,500.0,4451300.0
702,2021-10-21 06:20:52,8600.0,600.0,4450800.0
703,2021-10-21 06:20:52,8600.0,100.0,4450200.0
704,2021-10-21 06:20:52,8600.0,100.0,4450100.0
705,2021-10-21 06:20:52,8600.0,1200.0,4450000.0
706,2021-10-21 06:20:42,8600.0,1200.0,4448800.0
707,2021-10-21 06:20:37,8600.0,2000.0,4447600.0
708,2021-10-21 06:20:02,8610.0,2700.0,4445600.0
709,2021-10-21 06:20:02,8610.0,300.0,4442900.0
710,2021-10-21 06:19:03,8600.0,1000.0,4442600.0
711,2021-10-21 06:18:48,8600.0,4600.0,4441600.0
712,2021-10-21 06:18:48,8600.0,100.0,4437000.0
713,2021-10-21 06:18:48,8600.0,300.0,4436900.0
714,2021-10-21 06:18:32,8600.0,500.0,4436600.0
715,2021-10-21 06:18:31,8600.0,4000.0,4436100.0
716,2021-10-21 06:18:30,8600.0,500.0,4432100.0
717,2021-10-21 06:18:30,8600.0,4700.0,4431600.0
718,2021-10-21 06:18:24,8600.0,100.0,4426900.0
719,2021-10-21 06:18:12,8600.0,200.0,4426800.0
720,2021-10-21 06:18:12,8600.0,1500.0,4426600.0
721,2021-10-21 06:18:12,8600.0,8300.0,4425100.0
722,2021-10-21 06:18:11,8600.0,100.0,4416800.0
723,2021-10-21 06:18:06,8600.0,600.0,4416700.0
724,2021-10-21 06:18:06,8590.0,400.0,4416100.0
725,2021-10-21 06:18:03,8590.0,100.0,4415700.0
726,2021-10-21 06:17:53,8600.0,100.0,4415600.0
727,2021-10-21 06:17:46,8600.0,100.0,4415500.0
728,2021-10-21 06:17:45,8600.0,100.0,4415400.0
729,2021-10-21 06:17:41,8600.0,100.0,4415300.0
730,2021-10-21 06:17:41,8600.0,3000.0,4415200.0
731,2021-10-21 06:17:41,8600.0,5000.0,4412200.0
732,2021-10-21 06:17:41,8600.0,900.0,4407200.0
733,2021-10-21 06:17:41,8600.0,100.0,4406300.0
734,2021-10-21 06:17:41,8600.0,1000.0,4406200.0
735,2021-10-21 06:17:41,8600.0,600.0,4405200.0
736,2021-10-21 06:17:15,8600.0,200.0,4404600.0
737,2021-10-21 06:17:15,8600.0,500.0,4404400.0
738,2021-10-21 06:17:15,8600.0,1300.0,4403900.0
739,2021-10-21 06:16:32,8610.0,100.0,4402600.0
740,2021-10-21 06:16:32,8610.0,400.0,4402500.0
741,2021-10-21 06:16:27,8610.0,100.0,4402100.0
742,2021-10-21 06:16:20,8600.0,1500.0,4402000.0
743,2021-10-21 06:16:17,8600.0,100.0,4400500.0
744,2021-10-21 06:15:58,8600.0,500.0,4400400.0
745,2021-10-21 06:15:58,8600.0,7000.0,4399900.0
746,2021-10-21 06:15:58,8600.0,500.0,4392900.0
747,2021-10-21 06:15:58,8600.0,1400.0,4392400.0
748,2021-10-21 06:15:58,8600.0,500.0,4391000.0
749,2021-10-21 06:15:58,8600.0,300.0,4390500.0
750,2021-10-21 06:15:58,8600.0,6000.0,4390200.0
751,2021-10-21 06:15:58,8600.0,200.0,4384200.0
752,2021-10-21 06:15:58,8600.0,100.0,4384000.0
753,2021-10-21 06:15:58,8600.0,600.0,4383900.0
754,2021-10-21 06:15:52,8600.0,200.0,4383300.0
755,2021-10-21 06:15:38,8600.0,3200.0,4383100.0
756,2021-10-21 06:15:38,8600.0,6800.0,4379900.0
757,2021-10-21 06:15:38,8600.0,10000.0,4373100.0
758,2021-10-21 06:15:28,8600.0,100.0,4363100.0
759,2021-10-21 06:14:43,8580.0,100.0,4363000.0
760,2021-10-21 06:14:33,8580.0,100.0,4362900.0
761,2021-10-21 06:14:31,8580.0,100.0,4362800.0
762,2021-10-21 06:14:24,8580.0,100.0,4362700.0
763,2021-10-21 06:14:16,8580.0,1300.0,4362600.0
764,2021-10-21 06:14:16,8560.0,100.0,4361300.0
765,2021-10-21 06:14:16,8560.0,10000.0,4361200.0
766,2021-10-21 06:14:16,8560.0,3600.0,4351200.0
767,2021-10-21 06:14:15,8550.0,200.0,4347600.0
768,2021-10-21 06:14:15,8550.0,100.0,4347400.0
769,2021-10-21 06:14:13,8560.0,100.0,4347300.0
770,2021-10-21 06:14:07,8560.0,1000.0,4347200.0
771,2021-10-21 06:13:59,8560.0,100.0,4346200.0
772,2021-10-21 06:13:58,8560.0,200.0,4346100.0
773,2021-10-21 06:13:43,8560.0,30000.0,4345900.0
774,2021-10-21 06:13:28,8550.0,100.0,4315900.0
775,2021-10-21 06:13:20,8550.0,600.0,4315800.0
776,2021-10-21 06:13:20,8550.0,400.0,4315200.0
777,2021-10-21 06:13:12,8550.0,100.0,4314800.0
778,2021-10-21 06:13:12,8550.0,100.0,4314700.0
779,2021-10-21 06:13:01,8550.0,200.0,4314600.0
780,2021-10-21 06:13:01,8550.0,500.0,4314400.0
781,2021-10-21 06:13:01,8550.0,9300.0,4313900.0
782,2021-10-21 06:12:52,8550.0,2000.0,4304600.0
783,2021-10-21 06:12:41,8550.0,6000.0,4302600.0
784,2021-10-21 06:12:40,8560.0,200.0,4296600.0
785,2021-10-21 06:12:27,8560.0,1000.0,4296400.0
786,2021-10-21 06:12:22,8550.0,2700.0,4295400.0
787,2021-10-21 06:12:22,8550.0,300.0,4292700.0
788,2021-10-21 06:12:22,8550.0,1000.0,4292400.0
789,2021-10-21 06:12:20,8550.0,500.0,4291400.0
790,2021-10-21 06:12:14,8550.0,500.0,4290900.0
791,2021-10-21 06:12:14,8560.0,500.0,4290400.0
792,2021-10-21 06:12:04,8550.0,1000.0,4289900.0
793,2021-10-21 06:12:00,8560.0,2700.0,4288900.0
794,2021-10-21 06:11:42,8560.0,200.0,4286200.0
795,2021-10-21 06:11:31,8550.0,1000.0,4286000.0
796,2021-10-21 06:11:04,8560.0,1000.0,4285000.0
797,2021-10-21 06:11:04,8560.0,3000.0,4284000.0
798,2021-10-21 06:11:04,8560.0,100.0,4281000.0
799,2021-10-21 06:11:04,8560.0,100.0,4280900.0
800,2021-10-21 06:11:04,8560.0,3100.0,4280800.0
801,2021-10-21 06:10:49,8560.0,2100.0,4277700.0
802,2021-10-21 06:10:00,8600.0,1000.0,4275600.0
803,2021-10-21 06:09:37,8600.0,100.0,4274600.0
804,2021-10-21 06:09:29,8600.0,1400.0,4274500.0
805,2021-10-21 06:09:29,8600.0,100.0,4273100.0
806,2021-10-21 06:09:29,8600.0,10000.0,4273000.0
807,2021-10-21 06:09:29,8600.0,20500.0,4263000.0
808,2021-10-21 06:09:26,8600.0,2200.0,4242500.0
809,2021-10-21 06:09:25,8600.0,10000.0,4240300.0
810,2021-10-21 06:09:03,8610.0,300.0,4230300.0
811,2021-10-21 06:09:03,8610.0,200.0,4230000.0
812,2021-10-21 06:08:53,8610.0,16800.0,4229800.0
813,2021-10-21 06:08:53,8610.0,100.0,4213000.0
814,2021-10-21 06:08:53,8610.0,100.0,4212900.0
815,2021-10-21 06:08:53,8610.0,2000.0,4212800.0
816,2021-10-21 06:08:53,8610.0,900.0,4210800.0
817,2021-10-21 06:08:43,8610.0,5100.0,4209900.0
818,2021-10-21 06:08:43,8610.0,800.0,4204800.0
819,2021-10-21 06:08:43,8610.0,1500.0,4204000.0
820,2021-10-21 06:08:43,8610.0,2600.0,4202500.0
821,2021-10-21 06:08:36,8610.0,5000.0,4199900.0
822,2021-10-21 06:08:24,8610.0,1400.0,4194900.0
823,2021-10-21 06:07:45,8610.0,4000.0,4193500.0
824,2021-10-21 06:07:21,8610.0,10000.0,4189500.0
825,2021-10-21 06:06:57,8650.0,100.0,4179500.0
826,2021-10-21 06:06:50,8650.0,100.0,4179400.0
827,2021-10-21 06:06:31,8650.0,100.0,4179300.0
828,2021-10-21 06:06:30,8650.0,100.0,4179200.0
829,2021-10-21 06:06:30,8670.0,100.0,4179100.0
830,2021-10-21 06:06:08,8670.0,100.0,4179000.0
831,2021-10-21 06:05:40,8670.0,900.0,4178900.0
832,2021-10-21 06:05:40,8670.0,1000.0,4178000.0
833,2021-10-21 06:05:40,8670.0,1100.0,4177000.0
834,2021-10-21 06:05:34,8670.0,500.0,4175900.0
835,2021-10-21 06:05:25,8670.0,1000.0,4175400.0
836,2021-10-21 06:05:22,8670.0,1000.0,4174400.0
837,2021-10-21 06:05:18,8670.0,200.0,4173400.0
838,2021-10-21 06:05:08,8670.0,800.0,4173200.0
839,2021-10-21 06:05:06,8670.0,400.0,4172400.0
840,2021-10-21 06:05:06,8670.0,1000.0,4172000.0
841,2021-10-21 06:05:06,8670.0,200.0,4171000.0
842,2021-10-21 06:05:06,8670.0,800.0,4170800.0
843,2021-10-21 06:04:58,8670.0,1000.0,4170000.0
844,2021-10-21 06:04:52,8650.0,2000.0,4169000.0
845,2021-10-21 06:04:49,8670.0,200.0,4167000.0
846,2021-10-21 06:04:49,8670.0,1000.0,4166800.0
847,2021-10-21 06:04:49,8670.0,1000.0,4165800.0
848,2021-10-21 06:04:49,8670.0,500.0,4164800.0
849,2021-10-21 06:04:49,8670.0,100.0,4164300.0
850,2021-10-21 06:04:49,8670.0,500.0,4164200.0
851,2021-10-21 06:04:49,8670.0,2700.0,4163700.0
852,2021-10-21 06:04:45,8670.0,300.0,4161000.0
853,2021-10-21 06:04:45,8660.0,2000.0,4160700.0
854,2021-10-21 06:04:45,8660.0,1000.0,4158700.0
855,2021-10-21 06:04:45,8660.0,1700.0,4157700.0
856,2021-10-21 06:04:33,8660.0,800.0,4156000.0
857,2021-10-21 06:04:33,8660.0,2000.0,4155200.0
858,2021-10-21 06:04:33,8660.0,1000.0,4153200.0
859,2021-10-21 06:04:33,8660.0,300.0,4152200.0
860,2021-10-21 06:04:33,8660.0,900.0,4151900.0
861,2021-10-21 06:04:20,8650.0,6200.0,4151000.0
862,2021-10-21 06:04:20,8650.0,200.0,4144800.0
863,2021-10-21 06:04:20,8650.0,1000.0,4144600.0
864,2021-10-21 06:04:20,8650.0,2000.0,4143600.0
865,2021-10-21 06:04:20,8650.0,1000.0,4141600.0
866,2021-10-21 06:04:20,8650.0,5000.0,4140600.0
867,2021-10-21 06:04:20,8650.0,700.0,4135600.0
868,2021-10-21 06:04:20,8650.0,3000.0,4134900.0
869,2021-10-21 06:04:20,8650.0,11000.0,4131900.0
870,2021-10-21 06:04:20,8650.0,200.0,4120900.0
871,2021-10-21 06:04:20,8650.0,2000.0,4120700.0
872,2021-10-21 06:04:20,8650.0,6500.0,4118700.0
873,2021-10-21 06:04:20,8650.0,2000.0,4112200.0
874,2021-10-21 06:04:20,8650.0,100.0,4110200.0
875,2021-10-21 06:04:20,8650.0,500.0,4110100.0
876,2021-10-21 06:04:20,8650.0,300.0,4109600.0
877,2021-10-21 06:04:20,8650.0,1000.0,4109300.0
878,2021-10-21 06:04:20,8650.0,1000.0,4108300.0
879,2021-10-21 06:04:20,8650.0,2000.0,4107300.0
880,2021-10-21 06:04:20,8640.0,3000.0,4105300.0
881,2021-10-21 06:04:20,8630.0,500.0,4102300.0
882,2021-10-21 06:04:20,8630.0,1000.0,4101800.0
883,2021-10-21 06:04:20,8630.0,5000.0,4100800.0
884,2021-10-21 06:04:20,8630.0,5000.0,4095800.0
885,2021-10-21 06:04:20,8630.0,5000.0,4090800.0
886,2021-10-21 06:04:20,8630.0,5000.0,4085800.0
887,2021-10-21 06:04:20,8630.0,5000.0,4080800.0
888,2021-10-21 06:04:20,8630.0,100.0,4075800.0
889,2021-10-21 06:04:20,8620.0,300.0,4075700.0
890,2021-10-21 06:04:20,8620.0,100.0,4075400.0
891,2021-10-21 06:04:20,8620.0,400.0,4075300.0
892,2021-10-21 06:04:20,8620.0,2800.0,4074900.0
893,2021-10-21 06:04:20,8620.0,2400.0,4072100.0
894,2021-10-21 06:04:18,8620.0,2600.0,4069700.0
895,2021-10-21 06:04:18,8620.0,400.0,4067100.0
896,2021-10-21 06:04:02,8620.0,2000.0,4066700.0
897,2021-10-21 06:03:58,8620.0,100.0,4064700.0
898,2021-10-21 06:03:56,8620.0,2500.0,4064600.0
899,2021-10-21 06:03:56,8620.0,2000.0,4062100.0
900,2021-10-21 06:03:56,8620.0,300.0,4060100.0
901,2021-10-21 06:03:56,8620.0,1000.0,4059800.0
902,2021-10-21 06:03:56,8620.0,200.0,4058800.0
903,2021-10-21 06:03:36,8610.0,200.0,4058600.0
904,2021-10-21 06:03:36,8610.0,400.0,4058400.0
905,2021-10-21 06:03:36,8610.0,1500.0,4058000.0
906,2021-10-21 06:03:30,8610.0,400.0,4056500.0
907,2021-10-21 06:03:30,8610.0,2600.0,4056100.0
908,2021-10-21 06:03:25,8600.0,8000.0,4053500.0
909,2021-10-21 06:03:23,8600.0,1800.0,4045500.0
910,2021-10-21 06:03:23,8600.0,1000.0,4043700.0
911,2021-10-21 06:03:23,8600.0,100.0,4042700.0
912,2021-10-21 06:03:23,8600.0,300.0,4042600.0
913,2021-10-21 06:03:23,8600.0,100.0,4042300.0
914,2021-10-21 06:03:23,8600.0,500.0,4042200.0
915,2021-10-21 06:03:23,8600.0,200.0,4041700.0
916,2021-10-21 06:03:23,8600.0,200.0,4041500.0
917,2021-10-21 06:03:23,8600.0,200.0,4041300.0
918,2021-10-21 06:03:23,8600.0,1000.0,4041100.0
919,2021-10-21 06:03:23,8600.0,1000.0,4040100.0
920,2021-10-21 06:03:23,8600.0,100.0,4039100.0
921,2021-10-21 06:03:23,8600.0,500.0,4039000.0
922,2021-10-21 06:03:23,8600.0,100.0,4038500.0
923,2021-10-21 06:03:19,8600.0,3000.0,4038400.0
924,2021-10-21 06:03:09,8600.0,11900.0,4035400.0
925,2021-10-21 06:03:09,8600.0,300.0,4023500.0
926,2021-10-21 06:03:09,8600.0,7000.0,4023200.0
927,2021-10-21 06:03:09,8600.0,1800.0,4016200.0
928,2021-10-21 06:03:09,8600.0,10000.0,4014400.0
929,2021-10-21 06:03:09,8600.0,9000.0,4004400.0
930,2021-10-21 06:03:09,8600.0,6000.0,3995400.0
931,2021-10-21 06:03:09,8600.0,400.0,3989400.0
932,2021-10-21 06:03:09,8600.0,20000.0,3989000.0
933,2021-10-21 06:03:09,8600.0,500.0,3969000.0
934,2021-10-21 06:03:09,8600.0,500.0,3968500.0
935,2021-10-21 06:03:09,8590.0,28700.0,3968000.0
936,2021-10-21 06:03:09,8590.0,500.0,3939300.0
937,2021-10-21 06:03:09,8580.0,2000.0,3938800.0
938,2021-10-21 06:03:09,8580.0,1000.0,3936800.0
939,2021-10-21 06:03:09,8580.0,400.0,3935800.0
940,2021-10-21 06:02:47,8580.0,100.0,3935400.0
941,2021-10-21 06:02:47,8570.0,1000.0,3935300.0
942,2021-10-21 06:02:47,8570.0,200.0,3934300.0
943,2021-10-21 06:02:47,8570.0,100.0,3934100.0
944,2021-10-21 06:02:18,8560.0,1100.0,3934000.0
945,2021-10-21 06:01:59,8560.0,100.0,3932900.0
946,2021-10-21 06:01:59,8560.0,300.0,3932800.0
947,2021-10-21 06:01:59,8560.0,1000.0,3932500.0
948,2021-10-21 06:01:59,8560.0,200.0,3931500.0
949,2021-10-21 06:01:59,8560.0,100.0,3931300.0
950,2021-10-21 06:01:59,8560.0,10000.0,3931200.0
951,2021-10-21 06:01:59,8560.0,1000.0,3921200.0
952,2021-10-21 06:01:59,8560.0,1000.0,3920200.0
953,2021-10-21 06:01:58,8550.0,600.0,3919200.0
954,2021-10-21 06:01:16,8550.0,1100.0,3918600.0
955,2021-10-21 06:01:10,8550.0,2900.0,3917500.0
956,2021-10-21 06:00:58,8550.0,7500.0,3914600.0
957,2021-10-21 06:00:51,8550.0,200.0,3907100.0
958,2021-10-21 06:00:51,8550.0,500.0,3906900.0
959,2021-10-21 06:00:51,8550.0,500.0,3906400.0
960,2021-10-21 06:00:51,8550.0,200.0,3905900.0
961,2021-10-21 06:00:51,8550.0,100.0,3905700.0
962,2021-10-21 06:00:51,8550.0,200.0,3905600.0
963,2021-10-21 06:00:51,8550.0,1000.0,3905400.0
964,2021-10-21 06:00:51,8550.0,1000.0,3904400.0
965,2021-10-21 06:00:51,8550.0,2000.0,3903400.0
966,2021-10-21 06:00:51,8550.0,100.0,3901400.0
967,2021-10-21 06:00:51,8550.0,200.0,3901300.0
968,2021-10-21 06:00:51,8550.0,300.0,3901100.0
969,2021-10-21 06:00:51,8550.0,3000.0,3900800.0
970,2021-10-21 06:00:51,8550.0,4600.0,3897800.0
971,2021-10-21 06:00:50,8550.0,300.0,3893200.0
972,2021-10-21 06:00:35,8550.0,800.0,3892900.0
973,2021-10-21 06:00:34,8550.0,1100.0,3892100.0
974,2021-10-21 06:00:32,8550.0,500.0,3891000.0
975,2021-10-21 06:00:29,8540.0,200.0,3890500.0
976,2021-10-21 06:00:29,8540.0,200.0,3890300.0
977,2021-10-21 06:00:29,8540.0,200.0,3890100.0
978,2021-10-21 06:00:28,8550.0,100.0,3889900.0
979,2021-10-21 06:00:27,8550.0,2100.0,3889800.0
980,2021-10-21 06:00:25,8550.0,100.0,3887700.0
981,2021-10-21 06:00:22,8550.0,3000.0,3887600.0
982,2021-10-21 06:00:19,8550.0,300.0,3884600.0
983,2021-10-21 06:00:19,8550.0,200.0,3884300.0
984,2021-10-21 06:00:16,8550.0,500.0,3884100.0
985,2021-10-21 06:00:15,8550.0,100.0,3883600.0
986,2021-10-21 06:00:07,8550.0,100.0,3883500.0
987,2021-10-21 06:00:03,8550.0,500.0,3883400.0
988,2021-10-21 06:00:02,8550.0,1000.0,3882900.0
989,2021-10-21 06:00:02,8540.0,1600.0,3881900.0
990,2021-10-21 06:00:02,8540.0,1300.0,3880300.0
991,2021-10-21 06:00:02,8540.0,100.0,3879000.0
992,2021-10-21 06:00:02,8540.0,500.0,3878900.0
993,2021-10-21 06:00:02,8540.0,1200.0,3878400.0
994,2021-10-21 06:00:02,8540.0,3300.0,3877200.0
995,2021-10-21 06:00:02,8550.0,4000.0,3873900.0
996,2021-10-21 06:00:01,8550.0,200.0,3869900.0
997,2021-10-21 06:00:01,8550.0,3700.0,3869700.0
998,2021-10-21 06:00:01,8550.0,200.0,3866000.0
999,2021-10-21 06:00:01,8550.0,600.0,3865800.0
1000,2021-10-21 06:00:01,8550.0,300.0,3865200.0
1001,2021-10-21 06:00:01,8550.0,5000.0,3864900.0
1002,2021-10-21 06:00:01,8550.0,300.0,3859900.0
1003,2021-10-21 06:00:01,8550.0,1000.0,3859600.0
1004,2021-10-21 06:00:01,8550.0,800.0,3858600.0
1005,2021-10-21 06:00:01,8550.0,4200.0,3857800.0
1006,2021-10-21 06:00:01,8550.0,1400.0,3853600.0
1007,2021-10-21 06:00:01,8550.0,400.0,3852200.0
1008,2021-10-21 06:00:01,8550.0,200.0,3851800.0
1009,2021-10-21 04:29:59,8550.0,400.0,3851600.0
1010,2021-10-21 04:29:59,8550.0,400.0,3851200.0
1011,2021-10-21 04:29:58,8550.0,1000.0,3850800.0
1012,2021-10-21 04:29:51,8550.0,100.0,3849800.0
1013,2021-10-21 04:29:46,8550.0,500.0,3849700.0
1014,2021-10-21 04:29:25,8540.0,500.0,3849200.0
1015,2021-10-21 04:29:08,8540.0,300.0,3848700.0
1016,2021-10-21 04:29:08,8540.0,1000.0,3848400.0
1017,2021-10-21 04:28:40,8540.0,20000.0,3847400.0
1018,2021-10-21 04:28:40,8540.0,200.0,3827400.0
1019,2021-10-21 04:28:40,8540.0,5000.0,3827200.0
1020,2021-10-21 04:28:40,8540.0,5000.0,3822200.0
1021,2021-10-21 04:28:40,8540.0,2000.0,3817200.0
1022,2021-10-21 04:28:40,8540.0,12700.0,3815200.0
1023,2021-10-21 04:27:45,8530.0,100.0,3802500.0
1024,2021-10-21 04:27:45,8530.0,900.0,3802400.0
1025,2021-10-21 04:27:09,8530.0,100.0,3801500.0
1026,2021-10-21 04:27:09,8530.0,500.0,3801400.0
1027,2021-10-21 04:27:09,8530.0,400.0,3800900.0
1028,2021-10-21 04:27:05,8530.0,200.0,3800500.0
1029,2021-10-21 04:26:59,8530.0,200.0,3800300.0
1030,2021-10-21 04:26:56,8530.0,2000.0,3800100.0
1031,2021-10-21 04:26:45,8530.0,200.0,3798100.0
1032,2021-10-21 04:26:11,8530.0,15000.0,3797900.0
1033,2021-10-21 04:25:23,8540.0,100.0,3782900.0
1034,2021-10-21 04:25:22,8530.0,2000.0,3782800.0
1035,2021-10-21 04:25:03,8530.0,1200.0,3780800.0
1036,2021-10-21 04:25:01,8530.0,6400.0,3779600.0
1037,2021-10-21 04:24:36,8530.0,500.0,3773200.0
1038,2021-10-21 04:24:36,8530.0,10000.0,3772700.0
1039,2021-10-21 04:24:36,8530.0,1000.0,3762700.0
1040,2021-10-21 04:24:36,8530.0,5000.0,3761700.0
1041,2021-10-21 04:24:36,8530.0,500.0,3756700.0
1042,2021-10-21 04:24:36,8530.0,300.0,3756200.0
1043,2021-10-21 04:24:36,8530.0,4000.0,3755900.0
1044,2021-10-21 04:24:36,8520.0,30000.0,3751900.0
1045,2021-10-21 04:24:36,8520.0,15000.0,3721900.0
1046,2021-10-21 04:24:36,8520.0,3000.0,3706900.0
1047,2021-10-21 04:24:36,8520.0,1000.0,3703900.0
1048,2021-10-21 04:24:36,8520.0,2100.0,3702900.0
1049,2021-10-21 04:24:26,8510.0,2000.0,3700800.0
1050,2021-10-21 04:24:24,8520.0,100.0,3698800.0
1051,2021-10-21 04:24:13,8520.0,800.0,3698700.0
1052,2021-10-21 04:24:13,8520.0,1000.0,3697900.0
1053,2021-10-21 04:24:13,8520.0,700.0,3696900.0
1054,2021-10-21 04:24:08,8520.0,500.0,3696200.0
1055,2021-10-21 04:23:54,8520.0,1000.0,3695700.0
1056,2021-10-21 04:23:52,8510.0,100.0,3694700.0
1057,2021-10-21 04:23:34,8510.0,400.0,3694600.0
1058,2021-10-21 04:23:30,8510.0,1000.0,3694200.0
1059,2021-10-21 04:23:30,8510.0,9000.0,3693200.0
1060,2021-10-21 04:23:22,8520.0,2800.0,3684200.0
1061,2021-10-21 04:23:22,8520.0,7200.0,3681400.0
1062,2021-10-21 04:23:15,8520.0,2000.0,3674200.0
1063,2021-10-21 04:22:57,8520.0,100.0,3672200.0
1064,2021-10-21 04:22:45,8520.0,300.0,3672100.0
1065,2021-10-21 04:22:33,8520.0,1000.0,3671800.0
1066,2021-10-21 04:22:21,8520.0,1500.0,3670800.0
1067,2021-10-21 04:21:54,8520.0,200.0,3669300.0
1068,2021-10-21 04:21:54,8520.0,2500.0,3669100.0
1069,2021-10-21 04:21:48,8520.0,500.0,3666600.0
1070,2021-10-21 04:21:48,8520.0,1000.0,3666100.0
1071,2021-10-21 04:21:48,8520.0,500.0,3665100.0
1072,2021-10-21 04:21:48,8520.0,1000.0,3664600.0
1073,2021-10-21 04:21:11,8520.0,4600.0,3663600.0
1074,2021-10-21 04:21:11,8520.0,1400.0,3659000.0
1075,2021-10-21 04:20:54,8520.0,3600.0,3657600.0
1076,2021-10-21 04:20:54,8520.0,200.0,3654000.0
1077,2021-10-21 04:20:54,8520.0,200.0,3653800.0
1078,2021-10-21 04:20:54,8520.0,4000.0,3653600.0
1079,2021-10-21 04:20:02,8530.0,300.0,3649600.0
1080,2021-10-21 04:19:43,8530.0,200.0,3649300.0
1081,2021-10-21 04:19:40,8530.0,100.0,3649100.0
1082,2021-10-21 04:19:37,8530.0,200.0,3649000.0
1083,2021-10-21 04:19:06,8530.0,100.0,3648800.0
1084,2021-10-21 04:19:05,8530.0,100.0,3648700.0
1085,2021-10-21 04:19:01,8530.0,100.0,3648600.0
1086,2021-10-21 04:18:50,8530.0,200.0,3648500.0
1087,2021-10-21 04:18:38,8530.0,2000.0,3648300.0
1088,2021-10-21 04:18:33,8520.0,100.0,3646300.0
1089,2021-10-21 04:18:33,8520.0,100.0,3646200.0
1090,2021-10-21 04:18:30,8520.0,100.0,3646100.0
1091,2021-10-21 04:18:23,8520.0,800.0,3646000.0
1092,2021-10-21 04:18:23,8520.0,700.0,3645200.0
1093,2021-10-21 04:18:23,8520.0,3500.0,3644500.0
1094,2021-10-21 04:18:08,8520.0,6000.0,3641000.0
1095,2021-10-21 04:17:49,8530.0,3600.0,3635000.0
1096,2021-10-21 04:17:49,8530.0,100.0,3631400.0
1097,2021-10-21 04:17:43,8520.0,500.0,3631300.0
1098,2021-10-21 04:17:39,8530.0,100.0,3630800.0
1099,2021-10-21 04:17:39,8530.0,300.0,3630700.0
1100,2021-10-21 04:17:39,8530.0,400.0,3630400.0
1101,2021-10-21 04:17:24,8530.0,1200.0,3630000.0
1102,2021-10-21 04:17:07,8530.0,100.0,3628800.0
1103,2021-10-21 04:16:41,8530.0,100.0,3628700.0
1104,2021-10-21 04:16:33,8520.0,500.0,3628600.0
1105,2021-10-21 04:16:18,8530.0,200.0,3628100.0
1106,2021-10-21 04:16:08,8530.0,100.0,3627900.0
1107,2021-10-21 04:16:08,8530.0,2900.0,3627800.0
1108,2021-10-21 04:15:58,8530.0,100.0,3624900.0
1109,2021-10-21 04:15:49,8530.0,900.0,3624800.0
1110,2021-10-21 04:15:49,8530.0,800.0,3623900.0
1111,2021-10-21 04:15:49,8530.0,300.0,3623100.0
1112,2021-10-21 04:15:49,8530.0,1700.0,3622800.0
1113,2021-10-21 04:15:44,8510.0,1000.0,3621100.0
1114,2021-10-21 04:15:44,8510.0,5000.0,3620100.0
1115,2021-10-21 04:15:44,8510.0,3000.0,3615100.0
1116,2021-10-21 04:15:44,8510.0,1000.0,3612100.0
1117,2021-10-21 04:15:44,8510.0,400.0,3611100.0
1118,2021-10-21 04:15:44,8520.0,1000.0,3610700.0
1119,2021-10-21 04:15:44,8520.0,5600.0,3609700.0
1120,2021-10-21 04:15:44,8520.0,100.0,3604100.0
1121,2021-10-21 04:15:44,8520.0,200.0,3604000.0
1122,2021-10-21 04:15:44,8520.0,5000.0,3603800.0
1123,2021-10-21 04:15:44,8520.0,10000.0,3598800.0
1124,2021-10-21 04:15:44,8520.0,200.0,3588800.0
1125,2021-10-21 04:15:44,8520.0,2500.0,3588600.0
1126,2021-10-21 04:15:35,8530.0,1300.0,3586100.0
1127,2021-10-21 04:15:35,8530.0,700.0,3584800.0
1128,2021-10-21 04:15:31,8530.0,200.0,3584100.0
1129,2021-10-21 04:15:14,8530.0,100.0,3583900.0
1130,2021-10-21 04:14:44,8540.0,100.0,3583800.0
1131,2021-10-21 04:14:40,8520.0,100.0,3583700.0
1132,2021-10-21 04:14:36,8540.0,500.0,3583600.0
1133,2021-10-21 04:14:19,8520.0,4400.0,3583100.0
1134,2021-10-21 04:14:19,8520.0,1000.0,3578700.0
1135,2021-10-21 04:14:19,8520.0,700.0,3577700.0
1136,2021-10-21 04:14:19,8520.0,100.0,3577000.0
1137,2021-10-21 04:14:19,8530.0,200.0,3576900.0
1138,2021-10-21 04:14:19,8530.0,18300.0,3576700.0
1139,2021-10-21 04:14:19,8530.0,1700.0,3558400.0
1140,2021-10-21 04:14:19,8530.0,300.0,3556700.0
1141,2021-10-21 04:14:17,8530.0,5000.0,3556400.0
1142,2021-10-21 04:14:15,8530.0,400.0,3551400.0
1143,2021-10-21 04:14:15,8530.0,1600.0,3551000.0
1144,2021-10-21 04:13:50,8530.0,1300.0,3549400.0
1145,2021-10-21 04:13:45,8530.0,100.0,3548100.0
1146,2021-10-21 04:13:36,8530.0,100.0,3548000.0
1147,2021-10-21 04:13:29,8540.0,600.0,3547900.0
1148,2021-10-21 04:13:24,8540.0,300.0,3547300.0
1149,2021-10-21 04:13:18,8540.0,800.0,3547000.0
1150,2021-10-21 04:13:16,8540.0,100.0,3546200.0
1151,2021-10-21 04:13:12,8540.0,16000.0,3546100.0
1152,2021-10-21 04:12:52,8540.0,3800.0,3530100.0
1153,2021-10-21 04:12:52,8540.0,500.0,3526300.0
1154,2021-10-21 04:12:52,8540.0,2000.0,3525800.0
1155,2021-10-21 04:12:52,8540.0,10000.0,3523800.0
1156,2021-10-21 04:12:52,8540.0,1900.0,3513800.0
1157,2021-10-21 04:12:52,8530.0,500.0,3511900.0
1158,2021-10-21 04:12:52,8530.0,600.0,3511400.0
1159,2021-10-21 04:12:52,8530.0,700.0,3510800.0
1160,2021-10-21 04:12:50,8530.0,9300.0,3510100.0
1161,2021-10-21 04:12:50,8530.0,700.0,3500800.0
1162,2021-10-21 04:12:44,8520.0,100.0,3500100.0
1163,2021-10-21 04:12:32,8520.0,400.0,3500000.0
1164,2021-10-21 04:12:32,8520.0,500.0,3499600.0
1165,2021-10-21 04:12:24,8520.0,3100.0,3499100.0
1166,2021-10-21 04:12:08,8510.0,100.0,3496000.0
1167,2021-10-21 04:11:35,8510.0,500.0,3495900.0
1168,2021-10-21 04:11:25,8530.0,1000.0,3495400.0
1169,2021-10-21 04:11:22,8530.0,900.0,3494400.0
1170,2021-10-21 04:11:19,8530.0,2200.0,3493500.0
1171,2021-10-21 04:11:07,8530.0,60400.0,3491300.0
1172,2021-10-21 04:10:42,8530.0,800.0,3430900.0
1173,2021-10-21 04:10:27,8530.0,2000.0,3430100.0
1174,2021-10-21 04:10:24,8530.0,700.0,3428100.0
1175,2021-10-21 04:10:21,8530.0,300.0,3427400.0
1176,2021-10-21 04:10:20,8530.0,3900.0,3427100.0
1177,2021-10-21 04:10:19,8530.0,200.0,3423200.0
1178,2021-10-21 04:10:16,8530.0,600.0,3423000.0
1179,2021-10-21 04:09:57,8520.0,1100.0,3422400.0
1180,2021-10-21 04:09:57,8520.0,1000.0,3421300.0
1181,2021-10-21 04:09:18,8500.0,6200.0,3420300.0
1182,2021-10-21 04:09:18,8510.0,2000.0,3414100.0
1183,2021-10-21 04:09:18,8510.0,4000.0,3412100.0
1184,2021-10-21 04:09:18,8520.0,800.0,3408100.0
1185,2021-10-21 04:09:15,8520.0,300.0,3407300.0
1186,2021-10-21 04:09:10,8520.0,100.0,3407000.0
1187,2021-10-21 04:08:50,8520.0,900.0,3406900.0
1188,2021-10-21 04:08:42,8520.0,100.0,3406000.0
1189,2021-10-21 04:08:33,8520.0,100.0,3405900.0
1190,2021-10-21 04:08:25,8520.0,2900.0,3405800.0
1191,2021-10-21 04:08:25,8520.0,2100.0,3402900.0
1192,2021-10-21 04:08:18,8520.0,300.0,3400800.0
1193,2021-10-21 04:08:16,8520.0,700.0,3400500.0
1194,2021-10-21 04:08:13,8500.0,500.0,3399800.0
1195,2021-10-21 04:08:13,8500.0,13600.0,3399300.0
1196,2021-10-21 04:08:13,8500.0,1000.0,3385700.0
1197,2021-10-21 04:08:13,8500.0,300.0,3384700.0
1198,2021-10-21 04:08:13,8500.0,200.0,3384400.0
1199,2021-10-21 04:08:13,8500.0,1100.0,3384200.0
1200,2021-10-21 04:08:13,8500.0,200.0,3383100.0
1201,2021-10-21 04:08:13,8500.0,300.0,3382900.0
1202,2021-10-21 04:08:13,8500.0,10000.0,3382600.0
1203,2021-10-21 04:08:13,8500.0,5000.0,3372600.0
1204,2021-10-21 04:08:13,8500.0,3000.0,3367600.0
1205,2021-10-21 04:08:13,8500.0,1000.0,3364600.0
1206,2021-10-21 04:08:13,8500.0,100.0,3363600.0
1207,2021-10-21 04:08:13,8500.0,100.0,3363500.0
1208,2021-10-21 04:08:13,8500.0,200.0,3363400.0
1209,2021-10-21 04:08:13,8500.0,100.0,3363200.0
1210,2021-10-21 04:08:13,8500.0,200.0,3363100.0
1211,2021-10-21 04:08:13,8500.0,300.0,3362900.0
1212,2021-10-21 04:08:13,8500.0,5000.0,3362600.0
1213,2021-10-21 04:08:13,8500.0,100.0,3357600.0
1214,2021-10-21 04:08:13,8500.0,500.0,3357500.0
1215,2021-10-21 04:08:13,8500.0,3000.0,3357000.0
1216,2021-10-21 04:08:13,8500.0,4000.0,3354000.0
1217,2021-10-21 04:08:13,8500.0,1000.0,3350000.0
1218,2021-10-21 04:08:13,8500.0,2000.0,3349000.0
1219,2021-10-21 04:08:13,8500.0,2000.0,3347000.0
1220,2021-10-21 04:08:13,8500.0,100.0,3345000.0
1221,2021-10-21 04:08:13,8510.0,500.0,3344900.0
1222,2021-10-21 04:08:13,8510.0,100.0,3344400.0
1223,2021-10-21 04:08:13,8510.0,3000.0,3344300.0
1224,2021-10-21 04:08:13,8510.0,100.0,3341300.0
1225,2021-10-21 04:08:13,8510.0,4000.0,3341200.0
1226,2021-10-21 04:08:13,8510.0,500.0,3337200.0
1227,2021-10-21 04:08:13,8510.0,2500.0,3336700.0
1228,2021-10-21 04:08:13,8510.0,4100.0,3334200.0
1229,2021-10-21 04:08:13,8510.0,3000.0,3330100.0
1230,2021-10-21 04:08:13,8510.0,100.0,3327100.0
1231,2021-10-21 04:08:13,8510.0,300.0,3327000.0
1232,2021-10-21 04:08:08,8520.0,5000.0,3326700.0
1233,2021-10-21 04:08:08,8520.0,1000.0,3321700.0
1234,2021-10-21 04:08:08,8520.0,200.0,3320700.0
1235,2021-10-21 04:08:08,8520.0,1800.0,3320500.0
1236,2021-10-21 04:08:08,8520.0,100.0,3318700.0
1237,2021-10-21 04:08:08,8520.0,100.0,3318600.0
1238,2021-10-21 04:08:08,8520.0,1000.0,3318500.0
1239,2021-10-21 04:08:08,8520.0,1700.0,3317500.0
1240,2021-10-21 04:08:07,8520.0,6600.0,3315800.0
1241,2021-10-21 04:08:07,8530.0,3400.0,3309200.0
1242,2021-10-21 04:08:02,8530.0,500.0,3305800.0
1243,2021-10-21 04:07:50,8520.0,900.0,3305300.0
1244,2021-10-21 04:07:50,8520.0,200.0,3304400.0
1245,2021-10-21 04:07:50,8520.0,1000.0,3304200.0
1246,2021-10-21 04:07:50,8520.0,200.0,3303200.0
1247,2021-10-21 04:07:50,8520.0,600.0,3303000.0
1248,2021-10-21 04:07:50,8520.0,100.0,3302400.0
1249,2021-10-21 04:07:50,8520.0,11300.0,3302300.0
1250,2021-10-21 04:07:50,8530.0,900.0,3291000.0
1251,2021-10-21 04:07:48,8530.0,3000.0,3290100.0
1252,2021-10-21 04:07:38,8530.0,2000.0,3287100.0
1253,2021-10-21 04:07:09,8530.0,1900.0,3285100.0
1254,2021-10-21 04:07:07,8520.0,100.0,3283200.0
1255,2021-10-21 04:07:03,8530.0,4000.0,3283100.0
1256,2021-10-21 04:06:59,8530.0,10000.0,3279100.0
1257,2021-10-21 04:06:59,8530.0,500.0,3269100.0
1258,2021-10-21 04:06:59,8530.0,400.0,3268600.0
1259,2021-10-21 04:06:59,8530.0,100.0,3268200.0
1260,2021-10-21 04:06:59,8530.0,200.0,3268100.0
1261,2021-10-21 04:06:59,8530.0,100.0,3267900.0
1262,2021-10-21 04:06:59,8530.0,2800.0,3267800.0
1263,2021-10-21 04:06:50,8530.0,100.0,3265000.0
1264,2021-10-21 04:06:39,8530.0,600.0,3264900.0
1265,2021-10-21 04:06:39,8540.0,400.0,3264300.0
1266,2021-10-21 04:06:25,8530.0,400.0,3263900.0
1267,2021-10-21 04:06:25,8530.0,1000.0,3263500.0
1268,2021-10-21 04:06:25,8530.0,1000.0,3262500.0
1269,2021-10-21 04:06:24,8530.0,700.0,3261500.0
1270,2021-10-21 04:06:10,8530.0,2200.0,3260800.0
1271,2021-10-21 04:06:09,8530.0,3900.0,3258600.0
1272,2021-10-21 04:06:09,8530.0,300.0,3254700.0
1273,2021-10-21 04:06:05,8530.0,500.0,3254400.0
1274,2021-10-21 04:06:04,8530.0,1000.0,3253900.0
1275,2021-10-21 04:06:04,8530.0,500.0,3252900.0
1276,2021-10-21 04:06:04,8530.0,300.0,3252400.0
1277,2021-10-21 04:06:04,8530.0,1000.0,3252100.0
1278,2021-10-21 04:06:04,8530.0,300.0,3251100.0
1279,2021-10-21 04:05:48,8540.0,2300.0,3250800.0
1280,2021-10-21 04:05:48,8540.0,200.0,3248500.0
1281,2021-10-21 04:05:48,8540.0,1000.0,3248300.0
1282,2021-10-21 04:05:48,8540.0,500.0,3247300.0
1283,2021-10-21 04:05:38,8530.0,200.0,3246800.0
1284,2021-10-21 04:05:04,8540.0,1500.0,3246600.0
1285,2021-10-21 04:04:51,8550.0,900.0,3245100.0
1286,2021-10-21 04:04:50,8550.0,600.0,3244200.0
1287,2021-10-21 04:04:48,8530.0,1000.0,3243600.0
1288,2021-10-21 04:04:43,8530.0,100.0,3242600.0
1289,2021-10-21 04:03:48,8520.0,1000.0,3242500.0
1290,2021-10-21 04:03:37,8520.0,100.0,3241500.0
1291,2021-10-21 04:03:30,8550.0,1900.0,3241400.0
1292,2021-10-21 04:03:30,8550.0,400.0,3239500.0
1293,2021-10-21 04:03:30,8550.0,700.0,3239100.0
1294,2021-10-21 04:03:27,8520.0,300.0,3238400.0
1295,2021-10-21 04:03:27,8520.0,10000.0,3238100.0
1296,2021-10-21 04:03:20,8500.0,900.0,3228100.0
1297,2021-10-21 04:03:20,8500.0,1000.0,3227200.0
1298,2021-10-21 04:03:20,8500.0,3000.0,3226200.0
1299,2021-10-21 04:03:20,8520.0,200.0,3223200.0
1300,2021-10-21 04:03:03,8500.0,2000.0,3223000.0
1301,2021-10-21 04:03:03,8500.0,200.0,3221000.0
1302,2021-10-21 04:03:03,8500.0,200.0,3220800.0
1303,2021-10-21 04:03:03,8500.0,3100.0,3220600.0
1304,2021-10-21 04:03:03,8500.0,100.0,3217500.0
1305,2021-10-21 04:03:03,8500.0,100.0,3217400.0
1306,2021-10-21 04:03:03,8500.0,100.0,3217300.0
1307,2021-10-21 04:03:03,8500.0,100.0,3217200.0
1308,2021-10-21 04:03:03,8500.0,300.0,3217100.0
1309,2021-10-21 04:03:03,8500.0,500.0,3216800.0
1310,2021-10-21 04:03:03,8500.0,1000.0,3216300.0
1311,2021-10-21 04:03:03,8500.0,2000.0,3215300.0
1312,2021-10-21 04:03:03,8500.0,500.0,3213300.0
1313,2021-10-21 04:03:03,8500.0,2000.0,3212800.0
1314,2021-10-21 04:03:03,8500.0,100.0,3210800.0
1315,2021-10-21 04:03:03,8500.0,500.0,3210700.0
1316,2021-10-21 04:03:03,8500.0,500.0,3210200.0
1317,2021-10-21 04:03:03,8500.0,200.0,3209700.0
1318,2021-10-21 04:03:03,8500.0,1500.0,3209500.0
1319,2021-10-21 04:03:03,8500.0,5000.0,3208000.0
1320,2021-10-21 04:03:03,8500.0,1000.0,3203000.0
1321,2021-10-21 04:03:03,8500.0,3000.0,3202000.0
1322,2021-10-21 04:03:03,8510.0,600.0,3199000.0
1323,2021-10-21 04:03:03,8510.0,500.0,3198400.0
1324,2021-10-21 04:03:03,8510.0,100.0,3197900.0
1325,2021-10-21 04:03:03,8510.0,10000.0,3197800.0
1326,2021-10-21 04:03:03,8510.0,1400.0,3187800.0
1327,2021-10-21 04:03:03,8510.0,100.0,3186400.0
1328,2021-10-21 04:03:03,8510.0,1000.0,3186300.0
1329,2021-10-21 04:03:03,8510.0,5000.0,3185300.0
1330,2021-10-21 04:03:03,8520.0,800.0,3180300.0
1331,2021-10-21 04:03:03,8520.0,800.0,3179500.0
1332,2021-10-21 04:03:03,8520.0,200.0,3178700.0
1333,2021-10-21 04:03:03,8520.0,2500.0,3178500.0
1334,2021-10-21 04:03:03,8520.0,1000.0,3176000.0
1335,2021-10-21 04:03:03,8520.0,1000.0,3175000.0
1336,2021-10-21 04:03:03,8520.0,100.0,3174000.0
1337,2021-10-21 04:03:03,8520.0,100.0,3173900.0
1338,2021-10-21 04:03:03,8520.0,100.0,3173800.0
1339,2021-10-21 04:03:03,8520.0,100.0,3173700.0
1340,2021-10-21 04:03:03,8520.0,200.0,3173600.0
1341,2021-10-21 04:03:03,8520.0,100.0,3173400.0
1342,2021-10-21 04:03:03,8520.0,4000.0,3173300.0
1343,2021-10-21 04:03:03,8530.0,300.0,3169300.0
1344,2021-10-21 04:03:03,8530.0,1000.0,3169000.0
1345,2021-10-21 04:02:44,8550.0,200.0,3168000.0
1346,2021-10-21 04:02:32,8550.0,100.0,3167800.0
1347,2021-10-21 04:02:12,8550.0,200.0,3167700.0
1348,2021-10-21 04:02:03,8550.0,100.0,3167500.0
1349,2021-10-21 04:02:03,8550.0,1000.0,3167400.0
1350,2021-10-21 04:02:03,8550.0,20800.0,3166400.0
1351,2021-10-21 04:01:56,8550.0,500.0,3145600.0
1352,2021-10-21 04:01:48,8560.0,300.0,3145100.0
1353,2021-10-21 04:01:48,8560.0,1000.0,3144800.0
1354,2021-10-21 04:01:48,8560.0,1000.0,3143800.0
1355,2021-10-21 04:01:48,8560.0,1700.0,3142800.0
1356,2021-10-21 04:01:42,8560.0,300.0,3141100.0
1357,2021-10-21 04:01:42,8560.0,700.0,3140800.0
1358,2021-10-21 04:01:33,8550.0,8700.0,3140100.0
1359,2021-10-21 04:01:09,8560.0,100.0,3131400.0
1360,2021-10-21 04:01:03,8560.0,100.0,3131300.0
1361,2021-10-21 04:00:54,8520.0,1800.0,3131200.0
1362,2021-10-21 04:00:54,8540.0,700.0,3129400.0
1363,2021-10-21 04:00:54,8540.0,1000.0,3128700.0
1364,2021-10-21 04:00:54,8540.0,200.0,3127700.0
1365,2021-10-21 04:00:54,8540.0,200.0,3127500.0
1366,2021-10-21 04:00:54,8550.0,200.0,3127300.0
1367,2021-10-21 04:00:54,8550.0,5000.0,3127100.0
1368,2021-10-21 04:00:54,8550.0,200.0,3122100.0
1369,2021-10-21 04:00:54,8550.0,100.0,3121900.0
1370,2021-10-21 04:00:54,8550.0,2000.0,3121800.0
1371,2021-10-21 04:00:54,8550.0,500.0,3119800.0
1372,2021-10-21 04:00:54,8550.0,100.0,3119300.0
1373,2021-10-21 04:00:54,8550.0,1000.0,3119200.0
1374,2021-10-21 04:00:54,8550.0,2000.0,3118200.0
1375,2021-10-21 04:00:54,8550.0,1000.0,3116200.0
1376,2021-10-21 04:00:54,8550.0,1000.0,3115200.0
1377,2021-10-21 04:00:54,8550.0,700.0,3114200.0
1378,2021-10-21 04:00:53,8560.0,500.0,3113500.0
1379,2021-10-21 04:00:52,8560.0,1000.0,3113000.0
1380,2021-10-21 04:00:52,8560.0,600.0,3112000.0
1381,2021-10-21 04:00:52,8560.0,100.0,3111400.0
1382,2021-10-21 04:00:52,8560.0,4300.0,3111300.0
1383,2021-10-21 04:00:37,8560.0,1000.0,3107000.0
1384,2021-10-21 04:00:34,8550.0,300.0,3106000.0
1385,2021-10-21 04:00:34,8550.0,200.0,3105700.0
1386,2021-10-21 04:00:28,8560.0,6000.0,3105500.0
1387,2021-10-21 04:00:26,8560.0,100.0,3099500.0
1388,2021-10-21 04:00:23,8560.0,1000.0,3099400.0
1389,2021-10-21 04:00:13,8560.0,25000.0,3098400.0
1390,2021-10-21 04:00:10,8560.0,1000.0,3073400.0
1391,2021-10-21 04:00:07,8560.0,1000.0,3072400.0
1392,2021-10-21 03:59:59,8560.0,10000.0,3071400.0
1393,2021-10-21 03:59:46,8550.0,500.0,3061400.0
1394,2021-10-21 03:59:33,8550.0,300.0,3060900.0
1395,2021-10-21 03:59:33,8550.0,200.0,3060600.0
1396,2021-10-21 03:59:30,8560.0,7400.0,3060400.0
1397,2021-10-21 03:59:29,8550.0,200.0,3053000.0
1398,2021-10-21 03:59:26,8550.0,100.0,3052800.0
1399,2021-10-21 03:59:26,8550.0,100.0,3052700.0
1400,2021-10-21 03:59:26,8550.0,2500.0,3052600.0
1401,2021-10-21 03:59:26,8550.0,300.0,3050100.0
1402,2021-10-21 03:59:20,8550.0,200.0,3049800.0
1403,2021-10-21 03:59:09,8550.0,2000.0,3049600.0
1404,2021-10-21 03:59:07,8550.0,300.0,3047600.0
1405,2021-10-21 03:59:07,8550.0,500.0,3047300.0
1406,2021-10-21 03:59:05,8550.0,1700.0,3046800.0
1407,2021-10-21 03:59:05,8550.0,200.0,3045100.0
1408,2021-10-21 03:59:05,8550.0,1800.0,3044900.0
1409,2021-10-21 03:59:05,8550.0,200.0,3043100.0
1410,2021-10-21 03:59:05,8550.0,100.0,3042900.0
1411,2021-10-21 03:59:05,8550.0,1000.0,3042800.0
1412,2021-10-21 03:58:53,8550.0,1000.0,3041800.0
1413,2021-10-21 03:58:41,8560.0,300.0,3040800.0
1414,2021-10-21 03:58:41,8560.0,1400.0,3040500.0
1415,2021-10-21 03:58:41,8560.0,200.0,3039100.0
1416,2021-10-21 03:58:41,8560.0,1000.0,3038900.0
1417,2021-10-21 03:58:41,8560.0,200.0,3037900.0
1418,2021-10-21 03:58:41,8560.0,500.0,3037700.0
1419,2021-10-21 03:58:35,8570.0,300.0,3037200.0
1420,2021-10-21 03:58:28,8570.0,1000.0,3036900.0
1421,2021-10-21 03:58:18,8570.0,100.0,3035900.0
1422,2021-10-21 03:58:18,8570.0,100.0,3035800.0
1423,2021-10-21 03:58:18,8570.0,1000.0,3035700.0
1424,2021-10-21 03:58:18,8570.0,100.0,3034700.0
1425,2021-10-21 03:58:18,8570.0,200.0,3034600.0
1426,2021-10-21 03:58:15,8580.0,1700.0,3034400.0
1427,2021-10-21 03:57:59,8580.0,32200.0,3032700.0
1428,2021-10-21 03:57:58,8580.0,100.0,3000500.0
1429,2021-10-21 03:57:58,8580.0,100.0,3000400.0
1430,2021-10-21 03:57:58,8580.0,2000.0,3000300.0
1431,2021-10-21 03:57:58,8580.0,100.0,2998300.0
1432,2021-10-21 03:57:58,8580.0,300.0,2998200.0
1433,2021-10-21 03:57:58,8580.0,100.0,2997900.0
1434,2021-10-21 03:57:58,8580.0,100.0,2997800.0
1435,2021-10-21 03:57:21,8590.0,1000.0,2997700.0
1436,2021-10-21 03:57:21,8590.0,100.0,2996700.0
1437,2021-10-21 03:57:21,8590.0,10000.0,2996600.0
1438,2021-10-21 03:57:21,8590.0,4200.0,2986600.0
1439,2021-10-21 03:57:19,8590.0,1000.0,2982400.0
1440,2021-10-21 03:56:52,8600.0,32600.0,2981400.0
1441,2021-10-21 03:56:49,8600.0,1000.0,2948800.0
1442,2021-10-21 03:56:16,8600.0,2000.0,2947800.0
1443,2021-10-21 03:56:16,8600.0,4000.0,2945800.0
1444,2021-10-21 03:56:16,8600.0,400.0,2941800.0
1445,2021-10-21 03:56:06,8590.0,400.0,2941400.0
1446,2021-10-21 03:55:44,8590.0,1000.0,2941000.0
1447,2021-10-21 03:55:19,8580.0,500.0,2940000.0
1448,2021-10-21 03:55:19,8580.0,700.0,2939500.0
1449,2021-10-21 03:55:19,8580.0,100.0,2938800.0
1450,2021-10-21 03:55:19,8590.0,100.0,2938700.0
1451,2021-10-21 03:55:19,8590.0,500.0,2938600.0
1452,2021-10-21 03:55:19,8590.0,100.0,2938100.0
1453,2021-10-21 03:55:16,8600.0,100.0,2938000.0
1454,2021-10-21 03:55:00,8600.0,100.0,2937900.0
1455,2021-10-21 03:54:53,8600.0,3100.0,2937800.0
1456,2021-10-21 03:54:45,8600.0,2000.0,2934700.0
1457,2021-10-21 03:54:37,8600.0,300.0,2932700.0
1458,2021-10-21 03:54:24,8600.0,300.0,2932400.0
1459,2021-10-21 03:54:24,8600.0,3500.0,2932100.0
1460,2021-10-21 03:54:24,8600.0,200.0,2928600.0
1461,2021-10-21 03:54:24,8600.0,800.0,2928400.0
1462,2021-10-21 03:54:24,8600.0,500.0,2927600.0
1463,2021-10-21 03:54:24,8600.0,1000.0,2927100.0
1464,2021-10-21 03:54:24,8600.0,1000.0,2926100.0
1465,2021-10-21 03:54:24,8600.0,2000.0,2925100.0
1466,2021-10-21 03:54:24,8600.0,100.0,2923100.0
1467,2021-10-21 03:54:24,8600.0,4200.0,2923000.0
1468,2021-10-21 03:54:18,8610.0,200.0,2918800.0
1469,2021-10-21 03:54:06,8600.0,15800.0,2918600.0
1470,2021-10-21 03:54:06,8600.0,4200.0,2902800.0
1471,2021-10-21 03:53:49,8600.0,100.0,2898600.0
1472,2021-10-21 03:53:38,8610.0,200.0,2898500.0
1473,2021-10-21 03:53:35,8600.0,500.0,2898300.0
1474,2021-10-21 03:53:35,8610.0,1500.0,2897800.0
1475,2021-10-21 03:53:21,8610.0,2000.0,2896300.0
1476,2021-10-21 03:53:21,8610.0,7400.0,2894300.0
1477,2021-10-21 03:52:57,8610.0,100.0,2886900.0
1478,2021-10-21 03:52:53,8600.0,200.0,2886800.0
1479,2021-10-21 03:52:47,8600.0,300.0,2886600.0
1480,2021-10-21 03:52:47,8600.0,700.0,2886300.0
1481,2021-10-21 03:52:45,8600.0,2000.0,2885600.0
1482,2021-10-21 03:52:10,8600.0,7300.0,2883600.0
1483,2021-10-21 03:52:03,8600.0,500.0,2876300.0
1484,2021-10-21 03:52:00,8600.0,1700.0,2875800.0
1485,2021-10-21 03:52:00,8600.0,300.0,2874100.0
1486,2021-10-21 03:52:00,8600.0,100.0,2873800.0
1487,2021-10-21 03:52:00,8600.0,1000.0,2873700.0
1488,2021-10-21 03:52:00,8600.0,300.0,2872700.0
1489,2021-10-21 03:52:00,8600.0,200.0,2872400.0
1490,2021-10-21 03:52:00,8600.0,8900.0,2872200.0
1491,2021-10-21 03:51:46,8600.0,800.0,2863300.0
1492,2021-10-21 03:51:46,8610.0,4200.0,2862500.0
1493,2021-10-21 03:51:44,8610.0,800.0,2858300.0
1494,2021-10-21 03:51:44,8610.0,200.0,2857500.0
1495,2021-10-21 03:51:24,8600.0,100.0,2857300.0
1496,2021-10-21 03:51:16,8600.0,10000.0,2857200.0
1497,2021-10-21 03:51:13,8600.0,500.0,2847200.0
1498,2021-10-21 03:50:53,8600.0,500.0,2846700.0
1499,2021-10-21 03:50:31,8600.0,1300.0,2846200.0
1500,2021-10-21 03:50:24,8600.0,3000.0,2844900.0
1501,2021-10-21 03:50:23,8600.0,800.0,2841900.0
1502,2021-10-21 03:50:23,8600.0,3000.0,2841100.0
1503,2021-10-21 03:50:23,8600.0,5000.0,2838100.0
1504,2021-10-21 03:50:23,8600.0,5000.0,2833100.0
1505,2021-10-21 03:50:23,8600.0,100.0,2828100.0
1506,2021-10-21 03:50:23,8600.0,200.0,2828000.0
1507,2021-10-21 03:50:23,8600.0,400.0,2827800.0
1508,2021-10-21 03:50:23,8600.0,8400.0,2827400.0
1509,2021-10-21 03:50:16,8600.0,1600.0,2819000.0
1510,2021-10-21 03:50:16,8600.0,400.0,2817400.0
1511,2021-10-21 03:50:12,8600.0,100.0,2817000.0
1512,2021-10-21 03:50:12,8600.0,1000.0,2816900.0
1513,2021-10-21 03:49:45,8600.0,4500.0,2815900.0
1514,2021-10-21 03:49:45,8600.0,100.0,2811400.0
1515,2021-10-21 03:49:45,8600.0,2000.0,2811300.0
1516,2021-10-21 03:49:45,8600.0,3400.0,2809300.0
1517,2021-10-21 03:49:32,8600.0,2000.0,2805900.0
1518,2021-10-21 03:49:27,8600.0,2000.0,2803900.0
1519,2021-10-21 03:49:21,8600.0,1000.0,2801900.0
1520,2021-10-21 03:49:15,8600.0,7500.0,2800900.0
1521,2021-10-21 03:49:13,8600.0,2300.0,2793400.0
1522,2021-10-21 03:48:45,8600.0,300.0,2791100.0
1523,2021-10-21 03:48:45,8600.0,500.0,2790800.0
1524,2021-10-21 03:48:45,8600.0,500.0,2790300.0
1525,2021-10-21 03:48:45,8600.0,10000.0,2789800.0
1526,2021-10-21 03:48:45,8600.0,2000.0,2779800.0
1527,2021-10-21 03:48:45,8600.0,10000.0,2777800.0
1528,2021-10-21 03:48:45,8600.0,13000.0,2767800.0
1529,2021-10-21 03:48:45,8600.0,2000.0,2754800.0
1530,2021-10-21 03:48:45,8600.0,100.0,2752800.0
1531,2021-10-21 03:48:45,8600.0,4700.0,2752700.0
1532,2021-10-21 03:48:45,8600.0,200.0,2748000.0
1533,2021-10-21 03:48:45,8600.0,200.0,2747800.0
1534,2021-10-21 03:48:45,8600.0,800.0,2747600.0
1535,2021-10-21 03:48:45,8600.0,100.0,2746800.0
1536,2021-10-21 03:48:45,8600.0,100.0,2746700.0
1537,2021-10-21 03:48:45,8600.0,200.0,2746600.0
1538,2021-10-21 03:48:45,8600.0,300.0,2746400.0
1539,2021-10-21 03:48:45,8600.0,23600.0,2746100.0
1540,2021-10-21 03:48:45,8620.0,200.0,2722500.0
1541,2021-10-21 03:48:36,8620.0,800.0,2722300.0
1542,2021-10-21 03:48:36,8600.0,11400.0,2721500.0
1543,2021-10-21 03:48:36,8600.0,200.0,2710100.0
1544,2021-10-21 03:48:36,8600.0,500.0,2709900.0
1545,2021-10-21 03:48:36,8600.0,10000.0,2709400.0
1546,2021-10-21 03:48:36,8600.0,100.0,2699400.0
1547,2021-10-21 03:48:36,8600.0,600.0,2699300.0
1548,2021-10-21 03:48:36,8600.0,5000.0,2698700.0
1549,2021-10-21 03:48:36,8600.0,1000.0,2693700.0
1550,2021-10-21 03:48:36,8600.0,2000.0,2692700.0
1551,2021-10-21 03:48:36,8600.0,100.0,2690700.0
1552,2021-10-21 03:48:36,8600.0,500.0,2690600.0
1553,2021-10-21 03:48:36,8600.0,200.0,2690100.0
1554,2021-10-21 03:48:36,8600.0,500.0,2689900.0
1555,2021-10-21 03:48:36,8600.0,1000.0,2689400.0
1556,2021-10-21 03:48:36,8600.0,2000.0,2688400.0
1557,2021-10-21 03:48:36,8600.0,400.0,2686400.0
1558,2021-10-21 03:48:36,8600.0,5000.0,2686000.0
1559,2021-10-21 03:48:36,8600.0,300.0,2681000.0
1560,2021-10-21 03:48:36,8600.0,5000.0,2680700.0
1561,2021-10-21 03:48:36,8600.0,1000.0,2675700.0
1562,2021-10-21 03:48:36,8600.0,200.0,2674700.0
1563,2021-10-21 03:48:36,8600.0,1000.0,2674500.0
1564,2021-10-21 03:48:36,8600.0,200.0,2673500.0
1565,2021-10-21 03:48:36,8600.0,200.0,2673300.0
1566,2021-10-21 03:48:36,8600.0,100.0,2673100.0
1567,2021-10-21 03:48:36,8600.0,100.0,2673000.0
1568,2021-10-21 03:48:36,8600.0,1000.0,2672900.0
1569,2021-10-21 03:48:36,8600.0,1000.0,2671900.0
1570,2021-10-21 03:48:36,8600.0,600.0,2670900.0
1571,2021-10-21 03:48:36,8600.0,100.0,2670300.0
1572,2021-10-21 03:48:36,8600.0,1500.0,2670200.0
1573,2021-10-21 03:48:36,8600.0,5400.0,2668700.0
1574,2021-10-21 03:48:36,8600.0,1900.0,2663300.0
1575,2021-10-21 03:48:36,8600.0,29400.0,2661400.0
1576,2021-10-21 03:48:36,8600.0,1400.0,2632000.0
1577,2021-10-21 03:48:36,8600.0,2000.0,2630600.0
1578,2021-10-21 03:48:36,8600.0,4000.0,2628600.0
1579,2021-10-21 03:48:36,8600.0,2000.0,2624600.0
1580,2021-10-21 03:48:36,8600.0,100.0,2622600.0
1581,2021-10-21 03:48:36,8600.0,500.0,2622500.0
1582,2021-10-21 03:48:36,8600.0,500.0,2622000.0
1583,2021-10-21 03:48:26,8600.0,800.0,2621500.0
1584,2021-10-21 03:48:26,8600.0,100.0,2620700.0
1585,2021-10-21 03:48:26,8600.0,3000.0,2620600.0
1586,2021-10-21 03:48:26,8600.0,1000.0,2617600.0
1587,2021-10-21 03:48:26,8600.0,800.0,2616600.0
1588,2021-10-21 03:48:26,8600.0,700.0,2615800.0
1589,2021-10-21 03:48:26,8600.0,100.0,2615100.0
1590,2021-10-21 03:48:26,8600.0,1000.0,2615000.0
1591,2021-10-21 03:48:26,8600.0,3000.0,2614000.0
1592,2021-10-21 03:48:26,8600.0,4000.0,2611000.0
1593,2021-10-21 03:48:26,8600.0,2000.0,2607000.0
1594,2021-10-21 03:48:26,8600.0,5000.0,2605000.0
1595,2021-10-21 03:48:26,8600.0,2000.0,2600000.0
1596,2021-10-21 03:48:26,8600.0,17800.0,2598000.0
1597,2021-10-21 03:48:26,8600.0,2000.0,2580200.0
1598,2021-10-21 03:48:26,8600.0,3000.0,2578200.0
1599,2021-10-21 03:48:26,8600.0,1000.0,2575200.0
1600,2021-10-21 03:48:26,8600.0,10000.0,2574200.0
1601,2021-10-21 03:48:26,8600.0,300.0,2564200.0
1602,2021-10-21 03:48:26,8600.0,20000.0,2563900.0
1603,2021-10-21 03:48:26,8600.0,10000.0,2543900.0
1604,2021-10-21 03:48:26,8600.0,10000.0,2533900.0
1605,2021-10-21 03:48:26,8600.0,15000.0,2523900.0
1606,2021-10-21 03:48:26,8600.0,100.0,2508900.0
1607,2021-10-21 03:48:26,8600.0,2000.0,2508800.0
1608,2021-10-21 03:48:26,8600.0,3000.0,2506800.0
1609,2021-10-21 03:48:26,8600.0,100.0,2503800.0
1610,2021-10-21 03:48:26,8600.0,400.0,2503700.0
1611,2021-10-21 03:48:26,8610.0,5000.0,2503300.0
1612,2021-10-21 03:48:26,8610.0,3000.0,2498300.0
1613,2021-10-21 03:48:26,8610.0,800.0,2495300.0
1614,2021-10-21 03:48:26,8610.0,2000.0,2494500.0
1615,2021-10-21 03:48:26,8610.0,2000.0,2492500.0
1616,2021-10-21 03:48:26,8610.0,1000.0,2490500.0
1617,2021-10-21 03:48:26,8610.0,10000.0,2489500.0
1618,2021-10-21 03:48:26,8610.0,100.0,2479500.0
1619,2021-10-21 03:48:26,8610.0,5000.0,2479400.0
1620,2021-10-21 03:48:26,8610.0,300.0,2474400.0
1621,2021-10-21 03:48:26,8610.0,100.0,2474100.0
1622,2021-10-21 03:48:26,8610.0,500.0,2474000.0
1623,2021-10-21 03:48:26,8610.0,2000.0,2473500.0
1624,2021-10-21 03:48:18,8620.0,300.0,2471500.0
1625,2021-10-21 03:48:18,8620.0,500.0,2471200.0
1626,2021-10-21 03:48:18,8620.0,3000.0,2470700.0
1627,2021-10-21 03:48:18,8620.0,1000.0,2467700.0
1628,2021-10-21 03:48:18,8620.0,100.0,2466700.0
1629,2021-10-21 03:48:18,8620.0,200.0,2466600.0
1630,2021-10-21 03:48:18,8620.0,500.0,2466400.0
1631,2021-10-21 03:48:18,8620.0,600.0,2465900.0
1632,2021-10-21 03:48:18,8620.0,5000.0,2465300.0
1633,2021-10-21 03:48:18,8620.0,300.0,2460300.0
1634,2021-10-21 03:48:18,8620.0,1000.0,2460000.0
1635,2021-10-21 03:48:18,8620.0,3700.0,2459000.0
1636,2021-10-21 03:48:00,8620.0,6300.0,2455300.0
1637,2021-10-21 03:48:00,8620.0,100.0,2449000.0
1638,2021-10-21 03:48:00,8620.0,1000.0,2448900.0
1639,2021-10-21 03:48:00,8620.0,100.0,2447900.0
1640,2021-10-21 03:48:00,8620.0,100.0,2447800.0
1641,2021-10-21 03:48:00,8620.0,400.0,2447700.0
1642,2021-10-21 03:48:00,8620.0,5000.0,2447300.0
1643,2021-10-21 03:48:00,8620.0,1000.0,2442300.0
1644,2021-10-21 03:48:00,8620.0,1000.0,2441300.0
1645,2021-10-21 03:48:00,8620.0,200.0,2440300.0
1646,2021-10-21 03:48:00,8620.0,100.0,2440100.0
1647,2021-10-21 03:48:00,8620.0,300.0,2440000.0
1648,2021-10-21 03:48:00,8620.0,6000.0,2439700.0
1649,2021-10-21 03:47:44,8630.0,500.0,2433700.0
1650,2021-10-21 03:47:33,8630.0,100.0,2433200.0
1651,2021-10-21 03:47:25,8630.0,1000.0,2433100.0
1652,2021-10-21 03:47:21,8630.0,100.0,2432100.0
1653,2021-10-21 03:46:58,8630.0,500.0,2432000.0
1654,2021-10-21 03:46:58,8630.0,600.0,2431500.0
1655,2021-10-21 03:46:58,8630.0,100.0,2430900.0
1656,2021-10-21 03:46:58,8630.0,15000.0,2430800.0
1657,2021-10-21 03:46:58,8630.0,1000.0,2415800.0
1658,2021-10-21 03:46:58,8630.0,200.0,2414800.0
1659,2021-10-21 03:46:58,8630.0,700.0,2414600.0
1660,2021-10-21 03:46:52,8640.0,100.0,2413900.0
1661,2021-10-21 03:46:51,8630.0,200.0,2413800.0
1662,2021-10-21 03:46:22,8640.0,100.0,2413600.0
1663,2021-10-21 03:46:22,8640.0,200.0,2413500.0
1664,2021-10-21 03:46:22,8640.0,9600.0,2413300.0
1665,2021-10-21 03:46:16,8640.0,1000.0,2403700.0
1666,2021-10-21 03:45:27,8640.0,20000.0,2402700.0
1667,2021-10-21 03:45:24,8650.0,200.0,2382700.0
1668,2021-10-21 03:45:04,8640.0,4000.0,2382500.0
1669,2021-10-21 03:44:45,8640.0,1000.0,2378500.0
1670,2021-10-21 03:44:44,8650.0,2900.0,2377500.0
1671,2021-10-21 03:44:03,8640.0,1000.0,2374600.0
1672,2021-10-21 03:43:55,8640.0,2000.0,2373600.0
1673,2021-10-21 03:43:55,8640.0,200.0,2371600.0
1674,2021-10-21 03:43:55,8640.0,5000.0,2371400.0
1675,2021-10-21 03:43:55,8640.0,1000.0,2366400.0
1676,2021-10-21 03:43:55,8640.0,1000.0,2365400.0
1677,2021-10-21 03:43:55,8640.0,100.0,2364400.0
1678,2021-10-21 03:43:55,8640.0,4100.0,2364300.0
1679,2021-10-21 03:43:04,8630.0,2800.0,2360200.0
1680,2021-10-21 03:43:04,8630.0,200.0,2357400.0
1681,2021-10-21 03:42:52,8640.0,3000.0,2357200.0
1682,2021-10-21 03:42:43,8640.0,300.0,2354200.0
1683,2021-10-21 03:42:32,8640.0,200.0,2353900.0
1684,2021-10-21 03:42:19,8640.0,900.0,2353700.0
1685,2021-10-21 03:42:19,8640.0,5500.0,2352800.0
1686,2021-10-21 03:41:09,8640.0,100.0,2347300.0
1687,2021-10-21 03:41:04,8640.0,100.0,2347200.0
1688,2021-10-21 03:41:04,8640.0,500.0,2347100.0
1689,2021-10-21 03:41:04,8640.0,200.0,2346600.0
1690,2021-10-21 03:41:04,8640.0,300.0,2346400.0
1691,2021-10-21 03:41:04,8640.0,14500.0,2346100.0
1692,2021-10-21 03:40:47,8650.0,100.0,2331600.0
1693,2021-10-21 03:40:18,8650.0,400.0,2331500.0
1694,2021-10-21 03:40:18,8650.0,2400.0,2331100.0
1695,2021-10-21 03:39:50,8650.0,400.0,2328700.0
1696,2021-10-21 03:39:24,8650.0,2200.0,2328300.0
1697,2021-10-21 03:39:24,8650.0,700.0,2326100.0
1698,2021-10-21 03:39:24,8650.0,3000.0,2325400.0
1699,2021-10-21 03:39:24,8650.0,1100.0,2322400.0
1700,2021-10-21 03:39:16,8640.0,2400.0,2321300.0
1701,2021-10-21 03:39:11,8640.0,3100.0,2318900.0
1702,2021-10-21 03:39:11,8640.0,4300.0,2315800.0
1703,2021-10-21 03:38:37,8640.0,5700.0,2311500.0
1704,2021-10-21 03:38:35,8640.0,600.0,2305800.0
1705,2021-10-21 03:38:35,8640.0,1000.0,2305200.0
1706,2021-10-21 03:38:35,8640.0,500.0,2304200.0
1707,2021-10-21 03:38:35,8640.0,3000.0,2303700.0
1708,2021-10-21 03:38:24,8640.0,300.0,2300700.0
1709,2021-10-21 03:38:22,8640.0,100.0,2300400.0
1710,2021-10-21 03:38:01,8640.0,300.0,2300300.0
1711,2021-10-21 03:37:58,8640.0,100.0,2300000.0
1712,2021-10-21 03:37:49,8640.0,6200.0,2299900.0
1713,2021-10-21 03:37:36,8640.0,400.0,2293700.0
1714,2021-10-21 03:37:17,8640.0,200.0,2293300.0
1715,2021-10-21 03:37:16,8650.0,1400.0,2293100.0
1716,2021-10-21 03:37:16,8650.0,1000.0,2291700.0
1717,2021-10-21 03:37:16,8650.0,300.0,2290700.0
1718,2021-10-21 03:37:16,8650.0,300.0,2290400.0
1719,2021-10-21 03:36:57,8640.0,5000.0,2290100.0
1720,2021-10-21 03:36:57,8640.0,5000.0,2285100.0
1721,2021-10-21 03:36:57,8640.0,1200.0,2280100.0
1722,2021-10-21 03:36:57,8640.0,100.0,2278900.0
1723,2021-10-21 03:36:57,8640.0,500.0,2278800.0
1724,2021-10-21 03:36:57,8640.0,2500.0,2278300.0
1725,2021-10-21 03:36:57,8640.0,100.0,2275800.0
1726,2021-10-21 03:36:57,8640.0,5000.0,2275700.0
1727,2021-10-21 03:36:57,8630.0,100.0,2270700.0
1728,2021-10-21 03:36:57,8630.0,100.0,2270600.0
1729,2021-10-21 03:36:57,8630.0,300.0,2270500.0
1730,2021-10-21 03:36:57,8630.0,1400.0,2270200.0
1731,2021-10-21 03:36:57,8630.0,1000.0,2268800.0
1732,2021-10-21 03:36:57,8630.0,6600.0,2267800.0
1733,2021-10-21 03:36:57,8630.0,11000.0,2261200.0
1734,2021-10-21 03:36:57,8630.0,3300.0,2250200.0
1735,2021-10-21 03:36:51,8620.0,2500.0,2246900.0
1736,2021-10-21 03:36:39,8630.0,500.0,2244400.0
1737,2021-10-21 03:36:19,8630.0,200.0,2243900.0
1738,2021-10-21 03:36:19,8630.0,500.0,2243700.0
1739,2021-10-21 03:36:19,8630.0,300.0,2243200.0
1740,2021-10-21 03:36:19,8630.0,700.0,2242900.0
1741,2021-10-21 03:35:49,8630.0,1000.0,2242200.0
1742,2021-10-21 03:35:41,8630.0,2300.0,2241200.0
1743,2021-10-21 03:35:32,8620.0,2300.0,2238900.0
1744,2021-10-21 03:35:23,8620.0,1200.0,2236600.0
1745,2021-10-21 03:35:00,8630.0,400.0,2235400.0
1746,2021-10-21 03:34:16,8630.0,100.0,2235000.0
1747,2021-10-21 03:34:16,8630.0,500.0,2234900.0
1748,2021-10-21 03:34:16,8630.0,200.0,2234400.0
1749,2021-10-21 03:34:16,8630.0,1500.0,2234200.0
1750,2021-10-21 03:34:15,8630.0,5000.0,2232700.0
1751,2021-10-21 03:34:14,8630.0,100.0,2227700.0
1752,2021-10-21 03:34:12,8630.0,4500.0,2227600.0
1753,2021-10-21 03:33:54,8630.0,400.0,2223100.0
1754,2021-10-21 03:33:54,8630.0,800.0,2222700.0
1755,2021-10-21 03:33:42,8630.0,200.0,2221900.0
1756,2021-10-21 03:33:38,8630.0,1000.0,2221700.0
1757,2021-10-21 03:33:38,8630.0,4000.0,2220700.0
1758,2021-10-21 03:33:34,8630.0,200.0,2216700.0
1759,2021-10-21 03:33:12,8630.0,100.0,2216500.0
1760,2021-10-21 03:33:08,8640.0,100.0,2216400.0
1761,2021-10-21 03:33:01,8630.0,700.0,2216300.0
1762,2021-10-21 03:33:01,8630.0,300.0,2215600.0
1763,2021-10-21 03:32:41,8630.0,1000.0,2215300.0
1764,2021-10-21 03:32:24,8630.0,700.0,2214300.0
1765,2021-10-21 03:32:20,8630.0,1200.0,2213600.0
1766,2021-10-21 03:32:20,8630.0,800.0,2212400.0
1767,2021-10-21 03:32:08,8630.0,200.0,2211600.0
1768,2021-10-21 03:32:08,8630.0,500.0,2211400.0
1769,2021-10-21 03:32:08,8630.0,100.0,2210900.0
1770,2021-10-21 03:32:08,8630.0,100.0,2210800.0
1771,2021-10-21 03:32:08,8630.0,100.0,2210700.0
1772,2021-10-21 03:32:06,8630.0,200.0,2210600.0
1773,2021-10-21 03:31:26,8640.0,100.0,2210400.0
1774,2021-10-21 03:31:01,8640.0,8800.0,2210300.0
1775,2021-10-21 03:31:01,8640.0,1200.0,2201500.0
1776,2021-10-21 03:30:55,8630.0,700.0,2200300.0
1777,2021-10-21 03:30:55,8630.0,200.0,2199600.0
1778,2021-10-21 03:30:48,8630.0,100.0,2199400.0
1779,2021-10-21 03:30:48,8630.0,300.0,2199300.0
1780,2021-10-21 03:30:02,8640.0,800.0,2199000.0
1781,2021-10-21 03:29:19,8640.0,1000.0,2198200.0
1782,2021-10-21 03:29:14,8630.0,1000.0,2197200.0
1783,2021-10-21 03:29:14,8630.0,300.0,2196200.0
1784,2021-10-21 03:29:14,8630.0,200.0,2195900.0
1785,2021-10-21 03:29:14,8630.0,300.0,2195700.0
1786,2021-10-21 03:29:14,8630.0,200.0,2195400.0
1787,2021-10-21 03:29:09,8630.0,900.0,2195200.0
1788,2021-10-21 03:29:09,8630.0,100.0,2194300.0
1789,2021-10-21 03:29:03,8630.0,100.0,2194200.0
1790,2021-10-21 03:28:58,8640.0,200.0,2194100.0
1791,2021-10-21 03:28:55,8630.0,200.0,2193900.0
1792,2021-10-21 03:28:51,8630.0,200.0,2193700.0
1793,2021-10-21 03:28:51,8630.0,400.0,2193500.0
1794,2021-10-21 03:28:51,8630.0,2400.0,2193100.0
1795,2021-10-21 03:27:53,8640.0,1800.0,2190700.0
1796,2021-10-21 03:27:53,8640.0,1100.0,2188900.0
1797,2021-10-21 03:27:51,8630.0,2600.0,2187800.0
1798,2021-10-21 03:27:51,8630.0,3000.0,2185200.0
1799,2021-10-21 03:27:51,8630.0,1000.0,2182200.0
1800,2021-10-21 03:27:51,8630.0,1000.0,2181200.0
1801,2021-10-21 03:27:51,8630.0,100.0,2180200.0
1802,2021-10-21 03:27:51,8630.0,200.0,2180100.0
1803,2021-10-21 03:27:51,8630.0,100.0,2179900.0
1804,2021-10-21 03:27:51,8630.0,22000.0,2179800.0
1805,2021-10-21 03:27:42,8630.0,3000.0,2157800.0
1806,2021-10-21 03:27:42,8630.0,200.0,2154800.0
1807,2021-10-21 03:27:42,8630.0,20000.0,2154600.0
1808,2021-10-21 03:27:42,8630.0,1000.0,2134600.0
1809,2021-10-21 03:27:42,8630.0,6400.0,2133600.0
1810,2021-10-21 03:27:35,8640.0,1700.0,2127200.0
1811,2021-10-21 03:27:35,8640.0,500.0,2125500.0
1812,2021-10-21 03:27:35,8640.0,200.0,2125000.0
1813,2021-10-21 03:27:35,8640.0,1000.0,2124800.0
1814,2021-10-21 03:27:35,8640.0,3000.0,2123800.0
1815,2021-10-21 03:27:35,8640.0,500.0,2120800.0
1816,2021-10-21 03:27:34,8640.0,1800.0,2120300.0
1817,2021-10-21 03:27:34,8640.0,100.0,2118500.0
1818,2021-10-21 03:27:34,8640.0,100.0,2118400.0
1819,2021-10-21 03:27:23,8640.0,300.0,2118300.0
1820,2021-10-21 03:27:23,8640.0,200.0,2118000.0
1821,2021-10-21 03:27:23,8640.0,200.0,2117800.0
1822,2021-10-21 03:27:23,8640.0,200.0,2117600.0
1823,2021-10-21 03:27:23,8640.0,100.0,2117400.0
1824,2021-10-21 03:27:22,8650.0,100.0,2117300.0
1825,2021-10-21 03:27:09,8650.0,400.0,2117200.0
1826,2021-10-21 03:27:09,8650.0,200.0,2116800.0
1827,2021-10-21 03:27:09,8650.0,400.0,2116600.0
1828,2021-10-21 03:27:02,8650.0,300.0,2116200.0
1829,2021-10-21 03:26:55,8650.0,100.0,2115900.0
1830,2021-10-21 03:26:40,8650.0,200.0,2115800.0
1831,2021-10-21 03:26:36,8650.0,2000.0,2115600.0
1832,2021-10-21 03:26:35,8650.0,100.0,2113600.0
1833,2021-10-21 03:26:28,8650.0,200.0,2113500.0
1834,2021-10-21 03:26:28,8650.0,100.0,2113300.0
1835,2021-10-21 03:26:28,8650.0,100.0,2113200.0
1836,2021-10-21 03:26:28,8650.0,1500.0,2113100.0
1837,2021-10-21 03:26:15,8650.0,600.0,2111600.0
1838,2021-10-21 03:26:07,8650.0,1000.0,2111000.0
1839,2021-10-21 03:26:05,8660.0,300.0,2110000.0
1840,2021-10-21 03:26:04,8660.0,1000.0,2109700.0
1841,2021-10-21 03:25:59,8650.0,200.0,2108700.0
1842,2021-10-21 03:25:55,8650.0,200.0,2108500.0
1843,2021-10-21 03:25:48,8650.0,700.0,2108300.0
1844,2021-10-21 03:25:47,8650.0,800.0,2107600.0
1845,2021-10-21 03:25:47,8650.0,4200.0,2106800.0
1846,2021-10-21 03:25:35,8650.0,5800.0,2102600.0
1847,2021-10-21 03:25:25,8650.0,100.0,2096800.0
1848,2021-10-21 03:25:25,8650.0,4000.0,2096700.0
1849,2021-10-21 03:25:25,8650.0,100.0,2092700.0
1850,2021-10-21 03:25:22,8650.0,1100.0,2092600.0
1851,2021-10-21 03:25:22,8650.0,1000.0,2091500.0
1852,2021-10-21 03:25:22,8650.0,1000.0,2090500.0
1853,2021-10-21 03:25:22,8650.0,1100.0,2089500.0
1854,2021-10-21 03:25:22,8650.0,100.0,2088400.0
1855,2021-10-21 03:25:22,8650.0,5700.0,2088300.0
1856,2021-10-21 03:25:13,8650.0,200.0,2082600.0
1857,2021-10-21 03:25:10,8660.0,1000.0,2082400.0
1858,2021-10-21 03:24:50,8650.0,4800.0,2081400.0
1859,2021-10-21 03:24:44,8660.0,2000.0,2076600.0
1860,2021-10-21 03:24:31,8660.0,4800.0,2074600.0
1861,2021-10-21 03:24:17,8660.0,100.0,2069800.0
1862,2021-10-21 03:24:17,8660.0,1000.0,2069700.0
1863,2021-10-21 03:24:17,8660.0,200.0,2068700.0
1864,2021-10-21 03:24:17,8660.0,100.0,2068500.0
1865,2021-10-21 03:24:17,8660.0,100.0,2068400.0
1866,2021-10-21 03:24:17,8660.0,1700.0,2068300.0
1867,2021-10-21 03:24:02,8660.0,500.0,2066600.0
1868,2021-10-21 03:24:02,8660.0,1000.0,2066100.0
1869,2021-10-21 03:23:46,8650.0,300.0,2065100.0
1870,2021-10-21 03:23:46,8650.0,9000.0,2064800.0
1871,2021-10-21 03:23:36,8650.0,3000.0,2055800.0
1872,2021-10-21 03:23:33,8650.0,300.0,2052800.0
1873,2021-10-21 03:23:31,8650.0,100.0,2052500.0
1874,2021-10-21 03:23:29,8650.0,2000.0,2052400.0
1875,2021-10-21 03:23:24,8650.0,1000.0,2050400.0
1876,2021-10-21 03:23:20,8650.0,5000.0,2049400.0
1877,2021-10-21 03:23:19,8650.0,200.0,2044400.0
1878,2021-10-21 03:23:19,8650.0,200.0,2044200.0
1879,2021-10-21 03:23:19,8650.0,7700.0,2044000.0
1880,2021-10-21 03:23:19,8650.0,10500.0,2036300.0
1881,2021-10-21 03:23:17,8650.0,1500.0,2025800.0
1882,2021-10-21 03:23:17,8650.0,500.0,2024300.0
1883,2021-10-21 03:22:43,8650.0,6100.0,2023800.0
1884,2021-10-21 03:22:43,8640.0,1000.0,2017700.0
1885,2021-10-21 03:22:43,8640.0,2200.0,2016700.0
1886,2021-10-21 03:22:43,8640.0,200.0,2014500.0
1887,2021-10-21 03:22:43,8640.0,500.0,2014300.0
1888,2021-10-21 03:22:18,8640.0,500.0,2013800.0
1889,2021-10-21 03:22:08,8640.0,300.0,2013300.0
1890,2021-10-21 03:22:04,8640.0,200.0,2013000.0
1891,2021-10-21 03:22:04,8640.0,5000.0,2012800.0
1892,2021-10-21 03:22:04,8640.0,300.0,2007800.0
1893,2021-10-21 03:22:04,8640.0,200.0,2007500.0
1894,2021-10-21 03:22:04,8640.0,200.0,2007300.0
1895,2021-10-21 03:22:04,8640.0,200.0,2007100.0
1896,2021-10-21 03:22:04,8640.0,100.0,2006900.0
1897,2021-10-21 03:22:04,8640.0,200.0,2006800.0
1898,2021-10-21 03:22:04,8640.0,7000.0,2006600.0
1899,2021-10-21 03:22:04,8640.0,1300.0,1999600.0
1900,2021-10-21 03:22:04,8640.0,25200.0,1998300.0
1901,2021-10-21 03:21:57,8640.0,1600.0,1973100.0
1902,2021-10-21 03:21:55,8650.0,1400.0,1971500.0
1903,2021-10-21 03:21:55,8650.0,100.0,1970100.0
1904,2021-10-21 03:21:55,8650.0,400.0,1970000.0
1905,2021-10-21 03:21:55,8650.0,200.0,1969600.0
1906,2021-10-21 03:21:55,8650.0,1500.0,1969400.0
1907,2021-10-21 03:21:55,8650.0,500.0,1967900.0
1908,2021-10-21 03:21:55,8650.0,100.0,1967400.0
1909,2021-10-21 03:21:55,8650.0,25800.0,1967300.0
1910,2021-10-21 03:21:32,8640.0,2000.0,1941500.0
1911,2021-10-21 03:21:13,8650.0,5000.0,1939500.0
1912,2021-10-21 03:20:54,8650.0,100.0,1934500.0
1913,2021-10-21 03:20:53,8650.0,900.0,1934400.0
1914,2021-10-21 03:20:29,8650.0,10000.0,1933500.0
1915,2021-10-21 03:20:23,8650.0,200.0,1923500.0
1916,2021-10-21 03:20:23,8650.0,3000.0,1923300.0
1917,2021-10-21 03:20:23,8650.0,2000.0,1920300.0
1918,2021-10-21 03:20:23,8650.0,1000.0,1918300.0
1919,2021-10-21 03:20:23,8650.0,1000.0,1917300.0
1920,2021-10-21 03:20:23,8650.0,100.0,1916300.0
1921,2021-10-21 03:20:23,8650.0,600.0,1916200.0
1922,2021-10-21 03:20:23,8650.0,200.0,1915600.0
1923,2021-10-21 03:20:23,8650.0,100.0,1915400.0
1924,2021-10-21 03:18:59,8650.0,100.0,1915300.0
1925,2021-10-21 03:18:58,8650.0,800.0,1915200.0
1926,2021-10-21 03:18:38,8650.0,100.0,1914400.0
1927,2021-10-21 03:18:38,8650.0,1400.0,1914300.0
1928,2021-10-21 03:18:25,8650.0,1000.0,1912900.0
1929,2021-10-21 03:17:59,8650.0,100.0,1911900.0
1930,2021-10-21 03:17:58,8650.0,3200.0,1911800.0
1931,2021-10-21 03:17:58,8650.0,1000.0,1908600.0
1932,2021-10-21 03:17:58,8650.0,800.0,1907600.0
1933,2021-10-21 03:17:57,8670.0,17000.0,1906800.0
1934,2021-10-21 03:17:57,8670.0,100.0,1889800.0
1935,2021-10-21 03:17:57,8670.0,200.0,1889700.0
1936,2021-10-21 03:17:57,8670.0,300.0,1889500.0
1937,2021-10-21 03:17:57,8660.0,5000.0,1889200.0
1938,2021-10-21 03:17:57,8660.0,1000.0,1884200.0
1939,2021-10-21 03:17:57,8660.0,100.0,1883200.0
1940,2021-10-21 03:17:57,8660.0,1300.0,1883100.0
1941,2021-10-21 03:17:55,8650.0,100.0,1881800.0
1942,2021-10-21 03:17:53,8660.0,700.0,1881700.0
1943,2021-10-21 03:17:53,8660.0,300.0,1881000.0
1944,2021-10-21 03:17:44,8650.0,200.0,1880700.0
1945,2021-10-21 03:17:41,8650.0,100.0,1880500.0
1946,2021-10-21 03:17:05,8650.0,1800.0,1880400.0
1947,2021-10-21 03:17:05,8650.0,200.0,1878600.0
1948,2021-10-21 03:16:40,8660.0,500.0,1878400.0
1949,2021-10-21 03:16:13,8660.0,500.0,1877900.0
1950,2021-10-21 03:16:13,8660.0,500.0,1877400.0
1951,2021-10-21 03:16:06,8660.0,4200.0,1876900.0
1952,2021-10-21 03:16:06,8660.0,5800.0,1872700.0
1953,2021-10-21 03:15:59,8660.0,10000.0,1866900.0
1954,2021-10-21 03:15:54,8660.0,5500.0,1856900.0
1955,2021-10-21 03:15:17,8670.0,200.0,1851400.0
1956,2021-10-21 03:15:11,8670.0,200.0,1851200.0
1957,2021-10-21 03:15:03,8670.0,3000.0,1851000.0
1958,2021-10-21 03:15:01,8660.0,1000.0,1848000.0
1959,2021-10-21 03:14:51,8660.0,2000.0,1847000.0
1960,2021-10-21 03:14:35,8660.0,500.0,1845000.0
1961,2021-10-21 03:14:25,8660.0,500.0,1844500.0
1962,2021-10-21 03:14:25,8660.0,2000.0,1844000.0
1963,2021-10-21 03:14:25,8660.0,1000.0,1842000.0
1964,2021-10-21 03:14:25,8660.0,5300.0,1841000.0
1965,2021-10-21 03:14:25,8650.0,1400.0,1835700.0
1966,2021-10-21 03:14:25,8650.0,600.0,1834300.0
1967,2021-10-21 03:14:25,8650.0,600.0,1833700.0
1968,2021-10-21 03:14:06,8650.0,100.0,1833100.0
1969,2021-10-21 03:14:03,8640.0,1000.0,1833000.0
1970,2021-10-21 03:14:01,8650.0,300.0,1832000.0
1971,2021-10-21 03:14:01,8650.0,200.0,1831700.0
1972,2021-10-21 03:13:50,8650.0,800.0,1831500.0
1973,2021-10-21 03:13:50,8650.0,2000.0,1830700.0
1974,2021-10-21 03:13:50,8650.0,400.0,1828700.0
1975,2021-10-21 03:13:50,8650.0,1000.0,1828300.0
1976,2021-10-21 03:13:50,8650.0,100.0,1827300.0
1977,2021-10-21 03:13:50,8650.0,5700.0,1827200.0
1978,2021-10-21 03:13:48,8650.0,300.0,1821500.0
1979,2021-10-21 03:13:47,8640.0,100.0,1821200.0
1980,2021-10-21 03:13:34,8650.0,100.0,1821100.0
1981,2021-10-21 03:13:31,8640.0,1000.0,1821000.0
1982,2021-10-21 03:13:13,8640.0,200.0,1820000.0
1983,2021-10-21 03:13:10,8640.0,1000.0,1819800.0
1984,2021-10-21 03:12:51,8640.0,4100.0,1818800.0
1985,2021-10-21 03:12:51,8640.0,2000.0,1814700.0
1986,2021-10-21 03:12:47,8640.0,13900.0,1812700.0
1987,2021-10-21 03:12:20,8640.0,900.0,1798800.0
1988,2021-10-21 03:12:18,8640.0,2100.0,1797900.0
1989,2021-10-21 03:12:18,8640.0,3900.0,1795800.0
1990,2021-10-21 03:11:54,8640.0,100.0,1791900.0
1991,2021-10-21 03:11:54,8640.0,400.0,1791800.0
1992,2021-10-21 03:11:49,8640.0,200.0,1791400.0
1993,2021-10-21 03:11:47,8640.0,100.0,1791200.0
1994,2021-10-21 03:11:44,8640.0,300.0,1791100.0
1995,2021-10-21 03:11:41,8640.0,700.0,1790800.0
1996,2021-10-21 03:11:41,8640.0,800.0,1790100.0
1997,2021-10-21 03:11:38,8640.0,1100.0,1789300.0
1998,2021-10-21 03:11:29,8640.0,100.0,1788200.0
1999,2021-10-21 03:11:19,8640.0,3000.0,1788100.0
2000,2021-10-21 03:11:08,8630.0,1300.0,1785100.0
2001,2021-10-21 03:11:08,8640.0,100.0,1783800.0
2002,2021-10-21 03:11:08,8640.0,1000.0,1783700.0
2003,2021-10-21 03:11:04,8650.0,500.0,1782700.0
2004,2021-10-21 03:10:47,8650.0,3400.0,1782200.0
2005,2021-10-21 03:10:36,8650.0,7700.0,1778800.0
2006,2021-10-21 03:10:25,8650.0,6000.0,1771100.0
2007,2021-10-21 03:10:23,8650.0,5000.0,1765100.0
2008,2021-10-21 03:10:23,8650.0,1000.0,1760100.0
2009,2021-10-21 03:10:21,8650.0,1500.0,1759100.0
2010,2021-10-21 03:10:11,8650.0,2000.0,1757600.0
2011,2021-10-21 03:10:11,8650.0,19100.0,1755600.0
2012,2021-10-21 03:10:11,8640.0,500.0,1736500.0
2013,2021-10-21 03:10:11,8640.0,3800.0,1736000.0
2014,2021-10-21 03:10:06,8640.0,200.0,1732200.0
2015,2021-10-21 03:10:06,8640.0,300.0,1732000.0
2016,2021-10-21 03:10:06,8640.0,600.0,1731700.0
2017,2021-10-21 03:10:06,8640.0,100.0,1731100.0
2018,2021-10-21 03:10:00,8650.0,500.0,1731000.0
2019,2021-10-21 03:09:40,8650.0,1200.0,1730500.0
2020,2021-10-21 03:09:36,8650.0,1000.0,1729300.0
2021,2021-10-21 03:09:19,8650.0,500.0,1728300.0
2022,2021-10-21 03:09:19,8650.0,600.0,1727800.0
2023,2021-10-21 03:09:19,8650.0,300.0,1727200.0
2024,2021-10-21 03:09:19,8650.0,200.0,1726900.0
2025,2021-10-21 03:09:19,8650.0,5000.0,1726700.0
2026,2021-10-21 03:09:19,8650.0,4900.0,1721700.0
2027,2021-10-21 03:09:19,8650.0,1000.0,1716800.0
2028,2021-10-21 03:09:19,8650.0,500.0,1715800.0
2029,2021-10-21 03:09:19,8650.0,7000.0,1715300.0
2030,2021-10-21 03:09:19,8650.0,400.0,1708300.0
2031,2021-10-21 03:09:19,8650.0,1800.0,1707900.0
2032,2021-10-21 03:09:19,8650.0,200.0,1706100.0
2033,2021-10-21 03:09:19,8650.0,1800.0,1705900.0
2034,2021-10-21 03:09:19,8650.0,100.0,1704100.0
2035,2021-10-21 03:09:10,8660.0,200.0,1704000.0
2036,2021-10-21 03:09:10,8660.0,2000.0,1703800.0
2037,2021-10-21 03:09:10,8660.0,100.0,1701800.0
2038,2021-10-21 03:09:08,8660.0,5000.0,1701700.0
2039,2021-10-21 03:09:01,8660.0,1000.0,1696700.0
2040,2021-10-21 03:08:59,8670.0,1300.0,1695700.0
2041,2021-10-21 03:08:59,8670.0,3000.0,1694400.0
2042,2021-10-21 03:08:54,8660.0,100.0,1691400.0
2043,2021-10-21 03:08:50,8660.0,1000.0,1691300.0
2044,2021-10-21 03:08:44,8660.0,1000.0,1690300.0
2045,2021-10-21 03:08:41,8660.0,41800.0,1689300.0
2046,2021-10-21 03:08:41,8660.0,500.0,1647500.0
2047,2021-10-21 03:08:41,8660.0,100.0,1647000.0
2048,2021-10-21 03:08:41,8660.0,100.0,1646900.0
2049,2021-10-21 03:08:41,8660.0,4000.0,1646800.0
2050,2021-10-21 03:08:41,8660.0,1000.0,1642800.0
2051,2021-10-21 03:08:41,8660.0,1500.0,1641800.0
2052,2021-10-21 03:08:41,8660.0,100.0,1640300.0
2053,2021-10-21 03:08:41,8660.0,5200.0,1640200.0
2054,2021-10-21 03:08:27,8660.0,500.0,1635000.0
2055,2021-10-21 03:08:13,8660.0,10000.0,1634500.0
2056,2021-10-21 03:07:54,8670.0,2000.0,1624500.0
2057,2021-10-21 03:07:48,8670.0,200.0,1622500.0
2058,2021-10-21 03:07:45,8670.0,1000.0,1622300.0
2059,2021-10-21 03:07:43,8670.0,100.0,1621300.0
2060,2021-10-21 03:07:43,8670.0,1000.0,1621200.0
2061,2021-10-21 03:07:43,8670.0,700.0,1620200.0
2062,2021-10-21 03:07:43,8670.0,500.0,1619500.0
2063,2021-10-21 03:07:43,8670.0,200.0,1619000.0
2064,2021-10-21 03:07:43,8670.0,4000.0,1618800.0
2065,2021-10-21 03:07:43,8670.0,2000.0,1614800.0
2066,2021-10-21 03:07:43,8670.0,100.0,1612800.0
2067,2021-10-21 03:07:43,8670.0,15000.0,1612700.0
2068,2021-10-21 03:07:43,8670.0,200.0,1597700.0
2069,2021-10-21 03:07:43,8670.0,200.0,1597500.0
2070,2021-10-21 03:07:43,8670.0,3300.0,1597300.0
2071,2021-10-21 03:07:43,8670.0,800.0,1594000.0
2072,2021-10-21 03:07:43,8670.0,200.0,1593200.0
2073,2021-10-21 03:07:43,8670.0,5500.0,1593000.0
2074,2021-10-21 03:07:34,8680.0,200.0,1587500.0
2075,2021-10-21 03:07:29,8680.0,1600.0,1587300.0
2076,2021-10-21 03:07:15,8680.0,5000.0,1585700.0
2077,2021-10-21 03:07:14,8680.0,1000.0,1580700.0
2078,2021-10-21 03:07:14,8680.0,300.0,1579700.0
2079,2021-10-21 03:07:14,8680.0,100.0,1579400.0
2080,2021-10-21 03:07:06,8670.0,2000.0,1579300.0
2081,2021-10-21 03:06:59,8680.0,1500.0,1577300.0
2082,2021-10-21 03:06:59,8680.0,400.0,1575800.0
2083,2021-10-21 03:06:51,8680.0,600.0,1575400.0
