,Time,Price,Volume_per_trade,Volume
0,2021-10-12 07:45:01,61000.0,1200.0,475200.0
1,2021-10-12 07:45:01,61000.0,500.0,474000.0
2,2021-10-12 07:45:01,61000.0,100.0,473500.0
3,2021-10-12 07:45:01,61000.0,1200.0,473400.0
4,2021-10-12 07:45:01,61000.0,300.0,472200.0
5,2021-10-12 07:45:01,61000.0,100.0,471900.0
6,2021-10-12 07:45:01,61000.0,500.0,471800.0
7,2021-10-12 07:45:01,61000.0,3000.0,471300.0
8,2021-10-12 07:45:01,61000.0,600.0,468300.0
9,2021-10-12 07:45:01,61000.0,300.0,467700.0
10,2021-10-12 07:45:01,61000.0,500.0,467400.0
11,2021-10-12 07:26:54,60900.0,300.0,466900.0
12,2021-10-12 07:26:54,60900.0,2700.0,466600.0
13,2021-10-12 07:26:30,61000.0,2000.0,463900.0
14,2021-10-12 07:26:02,60900.0,300.0,461900.0
15,2021-10-12 07:25:54,60900.0,1000.0,461600.0
16,2021-10-12 07:25:41,60900.0,1000.0,460600.0
17,2021-10-12 07:25:36,60900.0,2000.0,459600.0
18,2021-10-12 07:25:33,60900.0,100.0,457600.0
19,2021-10-12 07:25:31,60900.0,100.0,457500.0
20,2021-10-12 07:25:11,60900.0,100.0,457400.0
21,2021-10-12 07:24:46,60900.0,2000.0,457300.0
22,2021-10-12 07:24:46,60900.0,100.0,455300.0
23,2021-10-12 07:24:46,60900.0,300.0,455200.0
24,2021-10-12 07:24:46,60900.0,100.0,454900.0
25,2021-10-12 07:24:46,60900.0,100.0,454800.0
26,2021-10-12 07:24:46,60900.0,300.0,454700.0
27,2021-10-12 07:24:46,60900.0,1000.0,454400.0
28,2021-10-12 07:24:46,60900.0,1000.0,453400.0
29,2021-10-12 07:24:46,60900.0,300.0,452400.0
30,2021-10-12 07:24:46,60900.0,100.0,452100.0
31,2021-10-12 07:24:46,60900.0,100.0,452000.0
32,2021-10-12 07:24:45,61000.0,5000.0,451900.0
33,2021-10-12 07:22:32,61000.0,5000.0,446900.0
34,2021-10-12 07:22:28,61100.0,1100.0,441900.0
35,2021-10-12 07:19:39,60900.0,1900.0,440800.0
36,2021-10-12 07:19:10,60900.0,100.0,438900.0
37,2021-10-12 07:18:59,60900.0,1000.0,438800.0
38,2021-10-12 07:18:59,60900.0,100.0,437800.0
39,2021-10-12 07:18:59,60900.0,100.0,437700.0
40,2021-10-12 07:18:59,60900.0,100.0,437600.0
41,2021-10-12 07:18:59,60900.0,300.0,437500.0
42,2021-10-12 07:18:59,60900.0,100.0,437200.0
43,2021-10-12 07:18:59,60900.0,200.0,437100.0
44,2021-10-12 07:18:59,60900.0,100.0,436900.0
45,2021-10-12 07:18:59,60900.0,15000.0,436800.0
46,2021-10-12 07:18:59,60900.0,5000.0,421800.0
47,2021-10-12 07:18:59,60900.0,100.0,416800.0
48,2021-10-12 07:18:59,60900.0,1000.0,416700.0
49,2021-10-12 07:18:59,60900.0,600.0,415700.0
50,2021-10-12 07:18:59,60900.0,300.0,415100.0
51,2021-10-12 07:18:59,61000.0,400.0,414800.0
52,2021-10-12 07:18:59,61000.0,1100.0,414400.0
53,2021-10-12 07:18:59,61000.0,1000.0,413300.0
54,2021-10-12 07:18:59,61000.0,200.0,412300.0
55,2021-10-12 07:18:59,61000.0,100.0,412100.0
56,2021-10-12 07:18:59,61000.0,400.0,412000.0
57,2021-10-12 07:18:59,61000.0,100.0,411600.0
58,2021-10-12 07:18:59,61000.0,400.0,411500.0
59,2021-10-12 07:18:59,61000.0,100.0,411100.0
60,2021-10-12 07:18:59,61000.0,200.0,411000.0
61,2021-10-12 07:18:42,61100.0,300.0,410800.0
62,2021-10-12 07:18:42,61100.0,100.0,410500.0
63,2021-10-12 07:17:30,61100.0,200.0,410400.0
64,2021-10-12 07:17:14,61100.0,100.0,410200.0
65,2021-10-12 07:16:14,61100.0,300.0,410100.0
66,2021-10-12 07:15:26,61000.0,100.0,409800.0
67,2021-10-12 07:15:26,61000.0,100.0,409700.0
68,2021-10-12 07:15:26,61000.0,10000.0,409600.0
69,2021-10-12 07:15:26,61000.0,300.0,399600.0
70,2021-10-12 07:15:26,61000.0,500.0,399300.0
71,2021-10-12 07:15:26,61000.0,500.0,398800.0
72,2021-10-12 07:15:26,61000.0,300.0,398300.0
73,2021-10-12 07:15:26,61000.0,100.0,398000.0
74,2021-10-12 07:15:26,61000.0,100.0,397900.0
75,2021-10-12 07:15:26,61000.0,2000.0,397800.0
76,2021-10-12 07:15:26,61000.0,5000.0,395800.0
77,2021-10-12 07:15:26,61000.0,1000.0,390800.0
78,2021-10-12 07:14:33,61100.0,100.0,389800.0
79,2021-10-12 07:14:15,61100.0,400.0,389700.0
80,2021-10-12 07:14:14,61100.0,500.0,389300.0
81,2021-10-12 07:14:05,61100.0,100.0,388800.0
82,2021-10-12 07:14:01,61100.0,100.0,388700.0
83,2021-10-12 07:14:01,61100.0,1200.0,388600.0
84,2021-10-12 07:13:38,61100.0,800.0,387400.0
85,2021-10-12 07:12:07,61100.0,300.0,386600.0
86,2021-10-12 07:12:01,61100.0,500.0,386300.0
87,2021-10-12 07:11:36,61100.0,100.0,385800.0
88,2021-10-12 07:09:30,61100.0,300.0,385700.0
89,2021-10-12 07:08:50,61100.0,200.0,385400.0
90,2021-10-12 07:07:24,61100.0,600.0,385200.0
91,2021-10-12 07:07:17,61100.0,5000.0,384600.0
92,2021-10-12 07:07:17,61100.0,300.0,379600.0
93,2021-10-12 07:07:17,61100.0,200.0,379300.0
94,2021-10-12 07:07:17,61100.0,100.0,379100.0
95,2021-10-12 07:07:17,61100.0,500.0,379000.0
96,2021-10-12 07:07:17,61100.0,3000.0,378500.0
97,2021-10-12 07:07:17,61100.0,900.0,375500.0
98,2021-10-12 07:07:17,61100.0,200.0,374600.0
99,2021-10-12 07:06:23,61200.0,5000.0,374400.0
100,2021-10-12 07:06:23,61200.0,1900.0,369400.0
101,2021-10-12 07:04:04,61300.0,400.0,367500.0
102,2021-10-12 07:03:31,61200.0,100.0,367100.0
103,2021-10-12 07:03:28,61200.0,400.0,367000.0
104,2021-10-12 07:02:41,61300.0,200.0,366600.0
105,2021-10-12 07:00:08,61300.0,900.0,366400.0
106,2021-10-12 06:56:19,61200.0,100.0,365500.0
107,2021-10-12 06:56:19,61200.0,900.0,365400.0
108,2021-10-12 06:56:18,61200.0,500.0,364500.0
109,2021-10-12 06:55:57,61200.0,600.0,364000.0
110,2021-10-12 06:55:57,61200.0,300.0,363400.0
111,2021-10-12 06:55:57,61200.0,100.0,363100.0
112,2021-10-12 06:55:50,61300.0,100.0,363000.0
113,2021-10-12 06:55:50,61300.0,100.0,362900.0
114,2021-10-12 06:55:50,61300.0,100.0,362800.0
115,2021-10-12 06:55:43,61300.0,400.0,362700.0
116,2021-10-12 06:55:02,61300.0,500.0,362300.0
117,2021-10-12 06:55:02,61300.0,300.0,361800.0
118,2021-10-12 06:53:55,61200.0,900.0,361500.0
119,2021-10-12 06:53:55,61200.0,100.0,360600.0
120,2021-10-12 06:50:46,61200.0,100.0,360500.0
121,2021-10-12 06:50:40,61200.0,200.0,360400.0
122,2021-10-12 06:49:34,61200.0,200.0,360200.0
123,2021-10-12 06:49:34,61200.0,800.0,360000.0
124,2021-10-12 06:49:11,61100.0,200.0,359200.0
125,2021-10-12 06:47:05,61200.0,200.0,359000.0
126,2021-10-12 06:47:05,61200.0,2000.0,358800.0
127,2021-10-12 06:46:33,61200.0,400.0,356800.0
128,2021-10-12 06:45:01,61200.0,600.0,356400.0
129,2021-10-12 06:44:20,61200.0,400.0,355800.0
130,2021-10-12 06:43:37,61200.0,2000.0,355400.0
131,2021-10-12 06:42:59,61300.0,2000.0,353400.0
132,2021-10-12 06:42:39,61200.0,1000.0,351400.0
133,2021-10-12 06:42:37,61200.0,100.0,350400.0
134,2021-10-12 06:42:04,61200.0,1000.0,350300.0
135,2021-10-12 06:42:04,61200.0,400.0,349300.0
136,2021-10-12 06:42:04,61200.0,100.0,348900.0
137,2021-10-12 06:42:04,61200.0,200.0,348800.0
138,2021-10-12 06:42:04,61200.0,200.0,348600.0
139,2021-10-12 06:40:51,61200.0,1000.0,348400.0
140,2021-10-12 06:38:59,61200.0,500.0,347400.0
141,2021-10-12 06:36:23,61200.0,300.0,346900.0
142,2021-10-12 06:36:19,61100.0,600.0,346600.0
143,2021-10-12 06:36:14,61200.0,100.0,346000.0
144,2021-10-12 06:36:14,61200.0,200.0,345900.0
145,2021-10-12 06:36:14,61200.0,400.0,345700.0
146,2021-10-12 06:36:14,61200.0,200.0,345300.0
147,2021-10-12 06:36:14,61200.0,900.0,345100.0
148,2021-10-12 06:36:14,61200.0,6400.0,344200.0
149,2021-10-12 06:36:14,61300.0,1500.0,337800.0
150,2021-10-12 06:36:08,61300.0,1500.0,336300.0
151,2021-10-12 06:35:04,61300.0,200.0,334800.0
152,2021-10-12 06:35:01,61300.0,200.0,334600.0
153,2021-10-12 06:35:01,61300.0,100.0,334400.0
154,2021-10-12 06:34:58,61300.0,200.0,334300.0
155,2021-10-12 06:34:09,61300.0,200.0,334100.0
156,2021-10-12 06:34:02,61300.0,200.0,333900.0
157,2021-10-12 06:33:46,61300.0,300.0,333700.0
158,2021-10-12 06:33:46,61200.0,200.0,333400.0
159,2021-10-12 06:33:38,61300.0,200.0,333200.0
160,2021-10-12 06:33:20,61300.0,100.0,333000.0
161,2021-10-12 06:33:05,61200.0,100.0,332900.0
162,2021-10-12 06:32:15,61200.0,200.0,332800.0
163,2021-10-12 06:30:05,61300.0,500.0,332600.0
164,2021-10-12 06:30:03,61200.0,200.0,332100.0
165,2021-10-12 06:28:47,61300.0,100.0,331900.0
166,2021-10-12 06:28:47,61300.0,400.0,331800.0
167,2021-10-12 06:28:28,61300.0,600.0,331400.0
168,2021-10-12 06:28:27,61300.0,100.0,330800.0
169,2021-10-12 06:27:58,61300.0,100.0,330700.0
170,2021-10-12 06:27:50,61200.0,300.0,330600.0
171,2021-10-12 06:26:32,61300.0,1000.0,330300.0
172,2021-10-12 06:26:32,61300.0,200.0,329300.0
173,2021-10-12 06:26:32,61300.0,5000.0,329100.0
174,2021-10-12 06:22:48,61500.0,100.0,324100.0
175,2021-10-12 06:22:48,61500.0,900.0,324000.0
176,2021-10-12 06:22:30,61500.0,100.0,323100.0
177,2021-10-12 06:22:30,61500.0,500.0,323000.0
178,2021-10-12 06:22:17,61600.0,500.0,322500.0
179,2021-10-12 06:22:12,61600.0,500.0,322000.0
180,2021-10-12 06:22:12,61600.0,2000.0,321500.0
181,2021-10-12 06:22:08,61600.0,500.0,319500.0
182,2021-10-12 06:21:38,61700.0,100.0,319000.0
183,2021-10-12 06:21:38,61700.0,600.0,318900.0
184,2021-10-12 06:21:38,61700.0,1000.0,318300.0
185,2021-10-12 06:21:38,61700.0,1400.0,317300.0
186,2021-10-12 06:21:34,61700.0,5000.0,315900.0
187,2021-10-12 06:19:59,61700.0,500.0,310900.0
188,2021-10-12 06:19:40,61700.0,400.0,310400.0
189,2021-10-12 06:19:27,61700.0,1700.0,310000.0
190,2021-10-12 06:19:27,61700.0,500.0,308300.0
191,2021-10-12 06:19:02,61700.0,500.0,307800.0
192,2021-10-12 06:19:02,61700.0,200.0,307300.0
193,2021-10-12 06:19:02,61800.0,100.0,307100.0
194,2021-10-12 06:17:58,61700.0,100.0,307000.0
195,2021-10-12 06:17:58,61800.0,100.0,306900.0
196,2021-10-12 06:15:42,61900.0,1000.0,306800.0
197,2021-10-12 06:15:06,61800.0,200.0,305800.0
198,2021-10-12 06:14:09,61900.0,600.0,305600.0
199,2021-10-12 06:14:09,61900.0,400.0,305000.0
200,2021-10-12 06:13:54,61900.0,100.0,304600.0
201,2021-10-12 06:13:48,61900.0,500.0,304500.0
202,2021-10-12 06:12:27,61900.0,200.0,304000.0
203,2021-10-12 06:12:17,61900.0,300.0,303800.0
204,2021-10-12 06:11:55,61900.0,100.0,303500.0
205,2021-10-12 06:11:44,61900.0,400.0,303400.0
206,2021-10-12 06:11:27,61900.0,300.0,303000.0
207,2021-10-12 06:11:27,61900.0,1300.0,302700.0
208,2021-10-12 06:10:57,61900.0,500.0,301400.0
209,2021-10-12 06:10:42,61900.0,200.0,300900.0
210,2021-10-12 06:10:37,61900.0,100.0,300700.0
211,2021-10-12 06:10:37,62000.0,700.0,300600.0
212,2021-10-12 06:10:37,62000.0,100.0,299900.0
213,2021-10-12 06:10:37,62000.0,400.0,299800.0
214,2021-10-12 06:10:37,62000.0,100.0,299400.0
215,2021-10-12 06:10:37,62000.0,100.0,299300.0
216,2021-10-12 06:10:37,62000.0,1000.0,299200.0
217,2021-10-12 06:10:37,62000.0,2000.0,298200.0
218,2021-10-12 06:10:37,62000.0,600.0,296200.0
219,2021-10-12 06:10:00,61900.0,100.0,295600.0
220,2021-10-12 06:10:00,61900.0,100.0,295500.0
221,2021-10-12 06:09:54,61900.0,300.0,295400.0
222,2021-10-12 06:08:54,61900.0,1000.0,295100.0
223,2021-10-12 06:07:22,61900.0,500.0,294100.0
224,2021-10-12 06:06:12,61900.0,200.0,293600.0
225,2021-10-12 06:06:12,61900.0,300.0,293400.0
226,2021-10-12 06:05:48,61900.0,200.0,293100.0
227,2021-10-12 06:05:38,61900.0,1000.0,292900.0
228,2021-10-12 06:05:38,61900.0,500.0,291900.0
229,2021-10-12 06:04:55,61900.0,200.0,291400.0
230,2021-10-12 06:04:43,62000.0,1000.0,291200.0
231,2021-10-12 06:04:15,62000.0,500.0,290200.0
232,2021-10-12 06:04:15,62000.0,900.0,289700.0
233,2021-10-12 06:04:15,62000.0,100.0,288800.0
234,2021-10-12 06:04:15,62000.0,1500.0,288700.0
235,2021-10-12 06:04:11,62000.0,500.0,287200.0
236,2021-10-12 06:04:09,62000.0,1000.0,286700.0
237,2021-10-12 06:03:48,61900.0,2300.0,285700.0
238,2021-10-12 06:03:46,61900.0,700.0,283400.0
239,2021-10-12 06:03:46,61900.0,500.0,282700.0
240,2021-10-12 06:03:46,61900.0,500.0,282200.0
241,2021-10-12 06:03:46,61900.0,100.0,281700.0
242,2021-10-12 06:03:12,61300.0,200.0,281600.0
243,2021-10-12 06:02:25,61200.0,500.0,281400.0
244,2021-10-12 06:02:25,61200.0,1000.0,280900.0
245,2021-10-12 06:02:00,61200.0,500.0,279900.0
246,2021-10-12 06:01:44,61100.0,400.0,279400.0
247,2021-10-12 06:01:40,61100.0,1600.0,279000.0
248,2021-10-12 06:01:40,61100.0,400.0,277400.0
249,2021-10-12 06:00:49,61100.0,500.0,277000.0
250,2021-10-12 06:00:11,61000.0,700.0,276500.0
251,2021-10-12 06:00:11,61000.0,600.0,275800.0
252,2021-10-12 06:00:11,61000.0,200.0,275200.0
253,2021-10-12 06:00:01,61000.0,100.0,275000.0
254,2021-10-12 06:00:01,61000.0,400.0,274900.0
255,2021-10-12 06:00:01,61000.0,500.0,274500.0
256,2021-10-12 06:00:00,61000.0,200.0,274000.0
257,2021-10-12 06:00:00,61000.0,600.0,273800.0
258,2021-10-12 04:28:08,61000.0,300.0,273200.0
259,2021-10-12 04:27:49,61000.0,700.0,272900.0
260,2021-10-12 04:27:49,61000.0,1000.0,272200.0
261,2021-10-12 04:27:49,61000.0,100.0,271200.0
262,2021-10-12 04:27:49,61000.0,2000.0,271100.0
263,2021-10-12 04:27:49,61000.0,300.0,269100.0
264,2021-10-12 04:27:49,61000.0,900.0,268800.0
265,2021-10-12 04:27:17,61000.0,1100.0,267900.0
266,2021-10-12 04:27:11,61000.0,500.0,266800.0
267,2021-10-12 04:26:26,61000.0,400.0,266300.0
268,2021-10-12 04:25:23,61100.0,900.0,265900.0
269,2021-10-12 04:25:23,61000.0,2000.0,265000.0
270,2021-10-12 04:25:23,61000.0,100.0,263000.0
271,2021-10-12 04:24:00,61000.0,200.0,262900.0
272,2021-10-12 04:22:49,60900.0,500.0,262700.0
273,2021-10-12 04:22:48,61000.0,800.0,262200.0
274,2021-10-12 04:22:48,61000.0,100.0,261400.0
275,2021-10-12 04:22:48,61000.0,100.0,261300.0
276,2021-10-12 04:19:26,60900.0,200.0,261200.0
277,2021-10-12 04:19:26,60900.0,100.0,261000.0
278,2021-10-12 04:19:01,60900.0,100.0,260900.0
279,2021-10-12 04:18:26,61000.0,200.0,260800.0
280,2021-10-12 04:17:27,61000.0,1500.0,260600.0
281,2021-10-12 04:16:18,61000.0,100.0,259100.0
282,2021-10-12 04:16:10,61000.0,200.0,259000.0
283,2021-10-12 04:16:10,60900.0,1800.0,258800.0
284,2021-10-12 04:16:07,60800.0,200.0,257000.0
285,2021-10-12 04:15:58,60900.0,800.0,256800.0
286,2021-10-12 04:15:58,60900.0,500.0,256000.0
287,2021-10-12 04:15:58,60900.0,100.0,255500.0
288,2021-10-12 04:15:58,60900.0,1000.0,255400.0
289,2021-10-12 04:15:58,60900.0,200.0,254400.0
290,2021-10-12 04:15:58,60900.0,200.0,254200.0
291,2021-10-12 04:15:58,60900.0,1000.0,254000.0
292,2021-10-12 04:15:58,60900.0,100.0,253000.0
293,2021-10-12 04:15:58,60900.0,300.0,252900.0
294,2021-10-12 04:15:31,61000.0,100.0,252600.0
295,2021-10-12 04:14:29,60900.0,100.0,252500.0
296,2021-10-12 04:13:07,60900.0,100.0,252400.0
297,2021-10-12 04:13:07,60900.0,300.0,252300.0
298,2021-10-12 04:13:07,60900.0,100.0,252000.0
299,2021-10-12 04:13:01,61000.0,100.0,251900.0
300,2021-10-12 04:13:01,61000.0,1400.0,251800.0
301,2021-10-12 04:12:27,60900.0,300.0,250400.0
302,2021-10-12 04:11:37,60900.0,100.0,250100.0
303,2021-10-12 04:10:24,61000.0,100.0,250000.0
304,2021-10-12 04:09:03,61000.0,200.0,249900.0
305,2021-10-12 04:08:42,61000.0,300.0,249700.0
306,2021-10-12 04:08:23,61000.0,700.0,249400.0
307,2021-10-12 04:08:09,61000.0,1200.0,248700.0
308,2021-10-12 04:08:09,61000.0,200.0,247500.0
309,2021-10-12 04:08:09,61000.0,100.0,247300.0
310,2021-10-12 04:08:09,61000.0,500.0,247200.0
311,2021-10-12 04:08:09,61000.0,500.0,246700.0
312,2021-10-12 04:08:09,61000.0,1800.0,246200.0
313,2021-10-12 04:07:38,61100.0,100.0,244400.0
314,2021-10-12 04:07:31,61100.0,100.0,244300.0
315,2021-10-12 04:07:11,61200.0,500.0,244200.0
316,2021-10-12 04:07:11,61100.0,100.0,243700.0
317,2021-10-12 04:07:01,61100.0,100.0,243600.0
318,2021-10-12 04:06:55,61100.0,100.0,243500.0
319,2021-10-12 04:06:05,61100.0,500.0,243400.0
320,2021-10-12 04:05:57,61100.0,1000.0,242900.0
321,2021-10-12 04:05:25,61000.0,200.0,241900.0
322,2021-10-12 04:05:06,61000.0,200.0,241700.0
323,2021-10-12 04:04:33,61100.0,1000.0,241500.0
324,2021-10-12 04:04:33,61100.0,200.0,240500.0
325,2021-10-12 04:04:33,61100.0,900.0,240300.0
326,2021-10-12 04:04:33,61100.0,100.0,239400.0
327,2021-10-12 04:04:26,61100.0,200.0,239300.0
328,2021-10-12 04:00:29,61100.0,100.0,239100.0
329,2021-10-12 04:00:24,61100.0,300.0,239000.0
330,2021-10-12 04:00:23,61100.0,600.0,238700.0
331,2021-10-12 04:00:23,61100.0,400.0,238100.0
332,2021-10-12 03:59:47,61100.0,1000.0,237700.0
333,2021-10-12 03:59:03,61100.0,600.0,236700.0
334,2021-10-12 03:59:03,61100.0,400.0,236100.0
335,2021-10-12 03:59:01,61100.0,300.0,235700.0
336,2021-10-12 03:58:12,61000.0,800.0,235400.0
337,2021-10-12 03:56:33,60900.0,200.0,234600.0
338,2021-10-12 03:55:42,61000.0,500.0,234400.0
339,2021-10-12 03:54:25,61000.0,200.0,233900.0
340,2021-10-12 03:53:47,61000.0,200.0,233700.0
341,2021-10-12 03:53:38,61000.0,100.0,233500.0
342,2021-10-12 03:52:29,61000.0,200.0,233400.0
343,2021-10-12 03:52:29,61000.0,800.0,233200.0
344,2021-10-12 03:52:19,61000.0,200.0,232400.0
345,2021-10-12 03:50:08,61000.0,1000.0,232200.0
346,2021-10-12 03:49:21,60800.0,400.0,231200.0
347,2021-10-12 03:48:14,60900.0,1000.0,230800.0
348,2021-10-12 03:45:30,60900.0,200.0,229800.0
349,2021-10-12 03:45:14,60900.0,400.0,229600.0
350,2021-10-12 03:43:46,60900.0,500.0,229200.0
351,2021-10-12 03:43:36,60900.0,100.0,228700.0
352,2021-10-12 03:43:36,60900.0,400.0,228600.0
353,2021-10-12 03:43:36,60900.0,1200.0,228200.0
354,2021-10-12 03:43:36,60900.0,100.0,227000.0
355,2021-10-12 03:43:36,60900.0,300.0,226900.0
356,2021-10-12 03:43:36,60900.0,600.0,226600.0
357,2021-10-12 03:43:14,60900.0,300.0,226000.0
358,2021-10-12 03:43:14,60900.0,100.0,225700.0
359,2021-10-12 03:43:14,60900.0,500.0,225600.0
360,2021-10-12 03:43:14,60900.0,100.0,225100.0
361,2021-10-12 03:42:20,61000.0,200.0,225000.0
362,2021-10-12 03:40:42,61000.0,100.0,224800.0
363,2021-10-12 03:40:28,61000.0,100.0,224700.0
364,2021-10-12 03:39:27,60900.0,300.0,224600.0
365,2021-10-12 03:39:13,60900.0,100.0,224300.0
366,2021-10-12 03:38:02,60900.0,300.0,224200.0
367,2021-10-12 03:37:56,61000.0,100.0,223900.0
368,2021-10-12 03:37:51,61000.0,1000.0,223800.0
369,2021-10-12 03:36:58,60900.0,200.0,222800.0
370,2021-10-12 03:36:34,61000.0,1500.0,222600.0
371,2021-10-12 03:36:18,61000.0,200.0,221100.0
372,2021-10-12 03:36:07,61000.0,1000.0,220900.0
373,2021-10-12 03:36:07,61000.0,100.0,219900.0
374,2021-10-12 03:36:07,61000.0,700.0,219800.0
375,2021-10-12 03:34:35,61000.0,300.0,219100.0
376,2021-10-12 03:34:13,60900.0,300.0,218800.0
377,2021-10-12 03:33:48,60900.0,1000.0,218500.0
378,2021-10-12 03:33:18,60800.0,300.0,217500.0
379,2021-10-12 03:33:15,60900.0,500.0,217200.0
380,2021-10-12 03:33:15,60900.0,2100.0,216700.0
381,2021-10-12 03:33:15,60900.0,400.0,214600.0
382,2021-10-12 03:33:15,60900.0,1000.0,214200.0
383,2021-10-12 03:33:15,60900.0,100.0,213200.0
384,2021-10-12 03:33:15,60900.0,1000.0,213100.0
385,2021-10-12 03:33:15,60900.0,1500.0,212100.0
386,2021-10-12 03:33:15,60900.0,500.0,210600.0
387,2021-10-12 03:33:15,60900.0,100.0,210100.0
388,2021-10-12 03:33:15,60900.0,500.0,210000.0
389,2021-10-12 03:33:15,60900.0,1000.0,209500.0
390,2021-10-12 03:33:15,60900.0,400.0,208500.0
391,2021-10-12 03:31:53,61000.0,100.0,208100.0
392,2021-10-12 03:31:39,61000.0,200.0,208000.0
393,2021-10-12 03:31:20,61000.0,100.0,207800.0
394,2021-10-12 03:29:49,60900.0,400.0,207700.0
395,2021-10-12 03:28:31,61000.0,200.0,207300.0
396,2021-10-12 03:26:53,60900.0,200.0,207100.0
397,2021-10-12 03:26:53,60900.0,300.0,206900.0
398,2021-10-12 03:26:48,61000.0,100.0,206600.0
399,2021-10-12 03:26:47,61000.0,300.0,206500.0
400,2021-10-12 03:26:35,61000.0,100.0,206200.0
401,2021-10-12 03:26:35,61000.0,100.0,206100.0
402,2021-10-12 03:26:15,61000.0,1000.0,206000.0
403,2021-10-12 03:25:30,61000.0,300.0,205000.0
404,2021-10-12 03:25:07,61000.0,500.0,204700.0
405,2021-10-12 03:25:03,61000.0,100.0,204200.0
406,2021-10-12 03:24:28,61100.0,300.0,204100.0
407,2021-10-12 03:24:10,61000.0,300.0,203800.0
408,2021-10-12 03:24:10,61000.0,300.0,203500.0
409,2021-10-12 03:23:59,61000.0,100.0,203200.0
410,2021-10-12 03:23:51,61000.0,400.0,203100.0
411,2021-10-12 03:23:45,60900.0,200.0,202700.0
412,2021-10-12 03:23:44,61000.0,500.0,202500.0
413,2021-10-12 03:22:13,61000.0,700.0,202000.0
414,2021-10-12 03:22:13,61000.0,300.0,201300.0
415,2021-10-12 03:21:23,61000.0,500.0,201000.0
416,2021-10-12 03:21:09,61000.0,500.0,200500.0
417,2021-10-12 03:20:47,60900.0,1500.0,200000.0
418,2021-10-12 03:20:18,60900.0,100.0,198500.0
419,2021-10-12 03:20:18,60900.0,500.0,198400.0
420,2021-10-12 03:20:18,60900.0,100.0,197900.0
421,2021-10-12 03:20:18,60900.0,2800.0,197800.0
422,2021-10-12 03:19:49,60900.0,500.0,195000.0
423,2021-10-12 03:19:14,60900.0,2500.0,194500.0
424,2021-10-12 03:19:01,60900.0,600.0,192000.0
425,2021-10-12 03:18:45,60900.0,300.0,191400.0
426,2021-10-12 03:18:38,60900.0,1300.0,191100.0
427,2021-10-12 03:18:34,60800.0,500.0,189800.0
428,2021-10-12 03:18:34,60800.0,500.0,189300.0
429,2021-10-12 03:17:48,60900.0,500.0,188800.0
430,2021-10-12 03:16:33,60900.0,100.0,188300.0
431,2021-10-12 03:16:33,60900.0,900.0,188200.0
432,2021-10-12 03:16:33,60900.0,900.0,187300.0
433,2021-10-12 03:16:30,61000.0,700.0,186400.0
434,2021-10-12 03:16:30,61000.0,100.0,185700.0
435,2021-10-12 03:16:17,61000.0,400.0,185600.0
436,2021-10-12 03:16:17,61000.0,600.0,185200.0
437,2021-10-12 03:15:50,61000.0,400.0,184600.0
438,2021-10-12 03:15:50,61000.0,100.0,184200.0
439,2021-10-12 03:15:09,60900.0,1100.0,184100.0
440,2021-10-12 03:15:08,60900.0,800.0,183000.0
441,2021-10-12 03:14:45,60900.0,2400.0,182200.0
442,2021-10-12 03:14:45,60900.0,700.0,179800.0
443,2021-10-12 03:14:03,60900.0,300.0,179100.0
444,2021-10-12 03:13:56,60800.0,200.0,178800.0
445,2021-10-12 03:12:52,60900.0,9700.0,178600.0
446,2021-10-12 03:12:34,60900.0,300.0,168900.0
447,2021-10-12 03:12:29,60900.0,100.0,168600.0
448,2021-10-12 03:11:29,60900.0,1000.0,168500.0
449,2021-10-12 03:10:31,60900.0,200.0,167500.0
450,2021-10-12 03:09:44,60900.0,200.0,167300.0
451,2021-10-12 03:09:32,60900.0,3200.0,167100.0
452,2021-10-12 03:08:59,60900.0,1500.0,163900.0
453,2021-10-12 03:08:59,60900.0,100.0,162400.0
454,2021-10-12 03:08:26,60900.0,200.0,162300.0
455,2021-10-12 03:08:23,60900.0,500.0,162100.0
456,2021-10-12 03:08:03,60900.0,200.0,161600.0
457,2021-10-12 03:07:48,60900.0,1700.0,161400.0
458,2021-10-12 03:07:13,60900.0,1000.0,159700.0
459,2021-10-12 03:07:13,60900.0,5000.0,158700.0
460,2021-10-12 03:04:54,60800.0,500.0,153700.0
461,2021-10-12 03:04:18,61000.0,100.0,153200.0
462,2021-10-12 03:03:56,60900.0,300.0,153100.0
463,2021-10-12 03:03:47,60900.0,1500.0,152800.0
464,2021-10-12 03:03:47,60900.0,500.0,151300.0
465,2021-10-12 03:03:47,60900.0,100.0,150800.0
466,2021-10-12 03:03:47,60900.0,300.0,150700.0
467,2021-10-12 03:03:47,60900.0,2000.0,150400.0
468,2021-10-12 03:03:47,60900.0,5000.0,148400.0
469,2021-10-12 03:03:47,60900.0,100.0,143400.0
470,2021-10-12 03:03:47,60900.0,1000.0,143300.0
471,2021-10-12 03:03:43,61000.0,300.0,142300.0
472,2021-10-12 03:03:29,61000.0,200.0,142000.0
473,2021-10-12 03:03:23,61000.0,500.0,141800.0
474,2021-10-12 03:02:39,61100.0,1000.0,141300.0
475,2021-10-12 03:02:20,61000.0,500.0,140300.0
476,2021-10-12 03:02:10,61000.0,500.0,139800.0
477,2021-10-12 03:02:10,61000.0,500.0,139300.0
478,2021-10-12 03:01:43,61000.0,100.0,138800.0
479,2021-10-12 03:01:24,61000.0,200.0,138700.0
480,2021-10-12 03:01:03,61000.0,500.0,138500.0
481,2021-10-12 03:01:02,61000.0,100.0,138000.0
482,2021-10-12 03:00:35,61000.0,300.0,137900.0
483,2021-10-12 03:00:35,61000.0,300.0,137600.0
484,2021-10-12 02:59:43,61000.0,100.0,137300.0
485,2021-10-12 02:59:43,61000.0,300.0,137200.0
486,2021-10-12 02:59:43,61000.0,500.0,136900.0
487,2021-10-12 02:59:10,61000.0,1000.0,136400.0
488,2021-10-12 02:58:34,60900.0,300.0,135400.0
489,2021-10-12 02:58:06,60900.0,1700.0,135100.0
490,2021-10-12 02:58:06,60900.0,300.0,133400.0
491,2021-10-12 02:57:30,60900.0,200.0,133100.0
492,2021-10-12 02:57:10,60800.0,200.0,132900.0
493,2021-10-12 02:57:03,60900.0,100.0,132700.0
494,2021-10-12 02:56:27,60800.0,100.0,132600.0
495,2021-10-12 02:56:27,60800.0,100.0,132500.0
496,2021-10-12 02:56:27,60800.0,100.0,132400.0
497,2021-10-12 02:56:27,60800.0,500.0,132300.0
498,2021-10-12 02:55:49,60900.0,100.0,131800.0
499,2021-10-12 02:55:43,60900.0,100.0,131700.0
500,2021-10-12 02:55:24,60900.0,200.0,131600.0
501,2021-10-12 02:54:54,60900.0,300.0,131400.0
502,2021-10-12 02:54:27,60900.0,200.0,131100.0
503,2021-10-12 02:54:02,60900.0,1500.0,130900.0
504,2021-10-12 02:54:02,60900.0,11000.0,129400.0
505,2021-10-12 02:53:36,60900.0,14000.0,118400.0
506,2021-10-12 02:53:31,60900.0,1000.0,104400.0
507,2021-10-12 02:53:25,60900.0,200.0,103400.0
508,2021-10-12 02:53:25,60900.0,800.0,103200.0
509,2021-10-12 02:53:24,60900.0,13800.0,102400.0
510,2021-10-12 02:53:08,60900.0,400.0,88600.0
511,2021-10-12 02:52:56,60900.0,1000.0,88200.0
512,2021-10-12 02:52:56,60900.0,100.0,87200.0
513,2021-10-12 02:52:56,60900.0,9500.0,87100.0
514,2021-10-12 02:52:29,60900.0,1500.0,77600.0
515,2021-10-12 02:52:20,60900.0,4500.0,76100.0
516,2021-10-12 02:51:59,60900.0,500.0,71600.0
517,2021-10-12 02:51:53,60900.0,500.0,71100.0
518,2021-10-12 02:51:53,60900.0,100.0,70600.0
519,2021-10-12 02:51:53,60900.0,3900.0,70500.0
520,2021-10-12 02:51:23,60900.0,1100.0,66600.0
521,2021-10-12 02:51:17,60900.0,100.0,65500.0
522,2021-10-12 02:51:16,60900.0,100.0,65400.0
523,2021-10-12 02:51:16,60900.0,5000.0,65300.0
524,2021-10-12 02:51:16,60900.0,700.0,60300.0
525,2021-10-12 02:50:33,60900.0,1300.0,59600.0
526,2021-10-12 02:50:33,60900.0,200.0,58300.0
527,2021-10-12 02:50:33,60900.0,2500.0,58100.0
528,2021-10-12 02:50:11,60900.0,500.0,55600.0
529,2021-10-12 02:49:55,60900.0,500.0,55100.0
530,2021-10-12 02:49:41,60900.0,500.0,54600.0
531,2021-10-12 02:49:32,60900.0,100.0,54100.0
532,2021-10-12 02:48:59,60900.0,100.0,54000.0
533,2021-10-12 02:48:15,60900.0,300.0,53900.0
534,2021-10-12 02:47:59,60900.0,700.0,53600.0
535,2021-10-12 02:47:59,60900.0,1000.0,52900.0
536,2021-10-12 02:47:59,60900.0,300.0,51900.0
537,2021-10-12 02:47:05,60900.0,900.0,51600.0
538,2021-10-12 02:46:20,60900.0,100.0,50700.0
539,2021-10-12 02:45:54,60900.0,400.0,50600.0
540,2021-10-12 02:44:33,60900.0,300.0,50200.0
541,2021-10-12 02:44:33,60900.0,300.0,49900.0
542,2021-10-12 02:44:03,60900.0,200.0,49600.0
543,2021-10-12 02:44:03,60900.0,100.0,49400.0
544,2021-10-12 02:43:53,60900.0,100.0,49300.0
545,2021-10-12 02:43:46,60800.0,500.0,49200.0
546,2021-10-12 02:43:26,60900.0,200.0,48700.0
547,2021-10-12 02:42:16,60900.0,200.0,48500.0
548,2021-10-12 02:41:46,60900.0,100.0,48300.0
549,2021-10-12 02:41:46,60900.0,100.0,48200.0
550,2021-10-12 02:41:02,60900.0,100.0,48100.0
551,2021-10-12 02:41:02,60900.0,300.0,48000.0
552,2021-10-12 02:40:58,60900.0,100.0,47700.0
553,2021-10-12 02:40:48,60900.0,600.0,47600.0
554,2021-10-12 02:39:18,60900.0,1000.0,47000.0
555,2021-10-12 02:38:17,60900.0,200.0,46000.0
556,2021-10-12 02:37:58,60900.0,100.0,45800.0
557,2021-10-12 02:37:42,60900.0,200.0,45700.0
558,2021-10-12 02:37:16,60900.0,100.0,45500.0
559,2021-10-12 02:37:16,60900.0,1000.0,45400.0
560,2021-10-12 02:37:16,60900.0,100.0,44400.0
561,2021-10-12 02:37:16,60900.0,300.0,44300.0
562,2021-10-12 02:36:35,60900.0,700.0,44000.0
563,2021-10-12 02:36:19,60900.0,100.0,43300.0
564,2021-10-12 02:36:19,60900.0,1000.0,43200.0
565,2021-10-12 02:36:19,60900.0,200.0,42200.0
566,2021-10-12 02:36:01,60900.0,300.0,42000.0
567,2021-10-12 02:36:01,60900.0,300.0,41700.0
568,2021-10-12 02:36:01,60900.0,600.0,41400.0
569,2021-10-12 02:36:01,61000.0,800.0,40800.0
570,2021-10-12 02:35:54,61000.0,100.0,40000.0
571,2021-10-12 02:35:54,61000.0,100.0,39900.0
572,2021-10-12 02:35:50,61000.0,1700.0,39800.0
573,2021-10-12 02:35:24,60900.0,500.0,38100.0
574,2021-10-12 02:35:24,60900.0,500.0,37600.0
575,2021-10-12 02:35:24,60900.0,400.0,37100.0
576,2021-10-12 02:35:18,60800.0,1000.0,36700.0
577,2021-10-12 02:34:33,60900.0,300.0,35700.0
578,2021-10-12 02:33:58,60700.0,300.0,35400.0
579,2021-10-12 02:33:58,60700.0,300.0,35100.0
580,2021-10-12 02:33:57,60900.0,400.0,34800.0
581,2021-10-12 02:32:37,60700.0,100.0,34400.0
582,2021-10-12 02:32:23,60700.0,300.0,34300.0
583,2021-10-12 02:32:23,60700.0,300.0,34000.0
584,2021-10-12 02:31:46,60700.0,100.0,33700.0
585,2021-10-12 02:31:40,60700.0,100.0,33600.0
586,2021-10-12 02:31:20,60700.0,300.0,33500.0
587,2021-10-12 02:31:20,60700.0,100.0,33200.0
588,2021-10-12 02:31:20,60700.0,100.0,33100.0
589,2021-10-12 02:30:20,60900.0,100.0,33000.0
590,2021-10-12 02:29:47,61000.0,100.0,32900.0
591,2021-10-12 02:29:10,61000.0,100.0,32800.0
592,2021-10-12 02:28:55,61000.0,100.0,32700.0
593,2021-10-12 02:28:55,61000.0,200.0,32600.0
594,2021-10-12 02:28:55,61000.0,200.0,32400.0
595,2021-10-12 02:28:55,61000.0,300.0,32200.0
596,2021-10-12 02:28:55,61000.0,1700.0,31900.0
597,2021-10-12 02:28:55,61000.0,500.0,30200.0
598,2021-10-12 02:28:55,61000.0,200.0,29700.0
599,2021-10-12 02:28:55,61000.0,300.0,29500.0
600,2021-10-12 02:28:55,61000.0,100.0,29200.0
601,2021-10-12 02:28:55,61000.0,100.0,29100.0
602,2021-10-12 02:28:55,61000.0,100.0,29000.0
603,2021-10-12 02:28:55,61100.0,200.0,28900.0
604,2021-10-12 02:28:53,61100.0,200.0,28700.0
605,2021-10-12 02:28:53,61100.0,600.0,28500.0
606,2021-10-12 02:28:39,61100.0,400.0,27900.0
607,2021-10-12 02:27:51,61100.0,300.0,27500.0
608,2021-10-12 02:27:51,61100.0,100.0,27200.0
609,2021-10-12 02:27:51,61100.0,3000.0,27100.0
610,2021-10-12 02:27:51,61100.0,100.0,24100.0
611,2021-10-12 02:26:11,61200.0,100.0,24000.0
612,2021-10-12 02:26:11,61200.0,400.0,23900.0
613,2021-10-12 02:26:11,61300.0,200.0,23500.0
614,2021-10-12 02:25:18,61300.0,100.0,23300.0
615,2021-10-12 02:24:44,61300.0,100.0,23200.0
616,2021-10-12 02:22:47,61300.0,1000.0,23100.0
617,2021-10-12 02:22:47,61300.0,900.0,22100.0
618,2021-10-12 02:22:47,61300.0,100.0,21200.0
619,2021-10-12 02:21:59,61300.0,100.0,21100.0
620,2021-10-12 02:21:37,61300.0,300.0,21000.0
621,2021-10-12 02:21:33,61300.0,100.0,20700.0
622,2021-10-12 02:21:33,61300.0,100.0,20600.0
623,2021-10-12 02:21:29,61300.0,400.0,20500.0
624,2021-10-12 02:21:23,61300.0,500.0,20100.0
625,2021-10-12 02:21:23,61300.0,500.0,19600.0
626,2021-10-12 02:19:46,61300.0,500.0,19100.0
627,2021-10-12 02:19:46,61300.0,1000.0,18600.0
628,2021-10-12 02:19:38,61500.0,700.0,17600.0
629,2021-10-12 02:19:38,61500.0,300.0,16900.0
630,2021-10-12 02:19:11,61500.0,100.0,16600.0
631,2021-10-12 02:19:11,61500.0,100.0,16500.0
632,2021-10-12 02:19:10,61500.0,200.0,16400.0
633,2021-10-12 02:18:51,61500.0,200.0,16200.0
634,2021-10-12 02:18:38,61500.0,100.0,16000.0
635,2021-10-12 02:17:37,61500.0,1500.0,15900.0
636,2021-10-12 02:16:59,61500.0,500.0,14400.0
637,2021-10-12 02:16:56,61500.0,200.0,13900.0
638,2021-10-12 02:16:56,61500.0,1000.0,13700.0
639,2021-10-12 02:16:56,61500.0,300.0,12700.0
640,2021-10-12 02:16:12,61500.0,100.0,12400.0
641,2021-10-12 02:16:12,61500.0,100.0,12300.0
642,2021-10-12 02:16:00,61800.0,200.0,12200.0
643,2021-10-12 02:15:26,61900.0,100.0,12000.0
644,2021-10-12 02:15:26,61900.0,100.0,11900.0
645,2021-10-12 02:15:00,61900.0,100.0,11800.0
646,2021-10-12 02:15:00,61900.0,300.0,11700.0
647,2021-10-12 02:15:00,61900.0,100.0,11400.0
648,2021-10-12 02:15:00,61900.0,100.0,11300.0
649,2021-10-12 02:15:00,61900.0,1000.0,11200.0
650,2021-10-12 02:15:00,61900.0,300.0,10200.0
651,2021-10-12 02:15:00,61900.0,100.0,9900.0
652,2021-10-12 02:15:00,61900.0,600.0,9800.0
653,2021-10-12 02:15:00,61900.0,400.0,9200.0
654,2021-10-12 02:15:00,61900.0,600.0,8800.0
655,2021-10-12 02:15:00,61900.0,100.0,8200.0
656,2021-10-12 02:15:00,61900.0,100.0,8100.0
657,2021-10-12 02:15:00,61900.0,800.0,8000.0
658,2021-10-12 02:15:00,61900.0,100.0,7200.0
659,2021-10-12 02:15:00,61900.0,100.0,7100.0
660,2021-10-12 02:15:00,61900.0,900.0,7000.0
661,2021-10-12 02:15:00,61900.0,5000.0,6100.0
662,2021-10-12 02:15:00,61900.0,1000.0,1100.0
663,2021-10-12 02:15:00,61900.0,100.0,100.0
