,Time,Price,Volume_per_trade,Volume
0,2021-10-21 07:45:02,68300.0,200.0,558100.0
1,2021-10-21 07:45:02,68300.0,300.0,557900.0
2,2021-10-21 07:45:02,68300.0,200.0,557600.0
3,2021-10-21 07:45:02,68300.0,100.0,557400.0
4,2021-10-21 07:45:02,68300.0,900.0,557300.0
5,2021-10-21 07:45:02,68300.0,1000.0,556400.0
6,2021-10-21 07:45:02,68300.0,200.0,555400.0
7,2021-10-21 07:45:02,68300.0,400.0,555200.0
8,2021-10-21 07:45:02,68300.0,100.0,554800.0
9,2021-10-21 07:45:02,68300.0,300.0,554700.0
10,2021-10-21 07:45:02,68300.0,200.0,554400.0
11,2021-10-21 07:45:02,68300.0,1000.0,554200.0
12,2021-10-21 07:45:02,68300.0,1800.0,553200.0
13,2021-10-21 07:45:02,68300.0,200.0,551400.0
14,2021-10-21 07:45:02,68300.0,800.0,551200.0
15,2021-10-21 07:45:02,68300.0,200.0,550400.0
16,2021-10-21 07:29:57,68300.0,100.0,550200.0
17,2021-10-21 07:29:53,68300.0,300.0,550100.0
18,2021-10-21 07:29:45,68300.0,200.0,549800.0
19,2021-10-21 07:29:41,68300.0,300.0,549600.0
20,2021-10-21 07:29:36,68300.0,100.0,549300.0
21,2021-10-21 07:29:22,68300.0,300.0,549200.0
22,2021-10-21 07:25:19,68200.0,100.0,548900.0
23,2021-10-21 07:23:38,68100.0,100.0,548800.0
24,2021-10-21 07:22:59,68000.0,200.0,548700.0
25,2021-10-21 07:22:55,68000.0,100.0,548500.0
26,2021-10-21 07:22:29,68000.0,300.0,548400.0
27,2021-10-21 07:22:06,68000.0,100.0,548100.0
28,2021-10-21 07:22:06,68000.0,100.0,548000.0
29,2021-10-21 07:22:06,68000.0,1000.0,547900.0
30,2021-10-21 07:22:06,68000.0,300.0,546900.0
31,2021-10-21 07:22:06,68000.0,100.0,546600.0
32,2021-10-21 07:21:04,68000.0,100.0,546500.0
33,2021-10-21 07:21:04,68000.0,100.0,546400.0
34,2021-10-21 07:21:04,68000.0,200.0,546300.0
35,2021-10-21 07:21:04,68000.0,3000.0,546100.0
36,2021-10-21 07:21:04,68000.0,300.0,543100.0
37,2021-10-21 07:21:04,68000.0,100.0,542800.0
38,2021-10-21 07:21:04,68000.0,10000.0,542700.0
39,2021-10-21 07:21:04,68000.0,1300.0,532700.0
40,2021-10-21 07:21:04,68000.0,500.0,531400.0
41,2021-10-21 07:21:04,68000.0,200.0,530900.0
42,2021-10-21 07:21:04,68000.0,1000.0,530700.0
43,2021-10-21 07:21:04,68000.0,200.0,529700.0
44,2021-10-21 07:21:04,68100.0,2000.0,529500.0
45,2021-10-21 07:21:04,68100.0,100.0,527500.0
46,2021-10-21 07:21:04,68100.0,100.0,527400.0
47,2021-10-21 07:21:04,68100.0,1000.0,527300.0
48,2021-10-21 07:21:04,68100.0,500.0,526300.0
49,2021-10-21 07:21:04,68100.0,2000.0,525800.0
50,2021-10-21 07:21:04,68200.0,100.0,523800.0
51,2021-10-21 07:21:04,68200.0,2000.0,523700.0
52,2021-10-21 07:21:04,68200.0,100.0,521700.0
53,2021-10-21 07:21:04,68200.0,100.0,521600.0
54,2021-10-21 07:21:04,68200.0,100.0,521500.0
55,2021-10-21 07:21:04,68200.0,200.0,521400.0
56,2021-10-21 07:21:04,68200.0,600.0,521200.0
57,2021-10-21 07:21:04,68200.0,300.0,520600.0
58,2021-10-21 07:21:04,68200.0,300.0,520300.0
59,2021-10-21 07:19:53,68300.0,800.0,520000.0
60,2021-10-21 07:19:47,68400.0,100.0,519200.0
61,2021-10-21 07:19:38,68300.0,1200.0,519100.0
62,2021-10-21 07:19:38,68300.0,100.0,517900.0
63,2021-10-21 07:19:38,68300.0,200.0,517800.0
64,2021-10-21 07:19:37,68300.0,1300.0,517600.0
65,2021-10-21 07:19:37,68300.0,700.0,516300.0
66,2021-10-21 07:19:08,68300.0,1200.0,515600.0
67,2021-10-21 07:19:08,68300.0,300.0,514400.0
68,2021-10-21 07:18:57,68300.0,700.0,514100.0
69,2021-10-21 07:18:55,68300.0,200.0,513400.0
70,2021-10-21 07:18:53,68300.0,1000.0,513200.0
71,2021-10-21 07:18:53,68300.0,100.0,512200.0
72,2021-10-21 07:18:53,68300.0,100.0,512100.0
73,2021-10-21 07:18:53,68300.0,100.0,512000.0
74,2021-10-21 07:18:53,68300.0,400.0,511900.0
75,2021-10-21 07:18:53,68300.0,100.0,511500.0
76,2021-10-21 07:18:00,68300.0,1000.0,511400.0
77,2021-10-21 07:18:00,68300.0,100.0,510400.0
78,2021-10-21 07:18:00,68300.0,1000.0,510300.0
79,2021-10-21 07:18:00,68300.0,400.0,509300.0
80,2021-10-21 07:15:31,68300.0,400.0,508900.0
81,2021-10-21 07:15:04,68300.0,200.0,508500.0
82,2021-10-21 07:15:04,68300.0,200.0,508300.0
83,2021-10-21 07:12:05,68300.0,200.0,508100.0
84,2021-10-21 07:10:18,68300.0,800.0,507900.0
85,2021-10-21 07:10:06,68300.0,200.0,507100.0
86,2021-10-21 07:09:36,68300.0,100.0,506900.0
87,2021-10-21 07:09:36,68300.0,500.0,506800.0
88,2021-10-21 07:09:36,68300.0,1000.0,506300.0
89,2021-10-21 07:09:36,68300.0,100.0,505300.0
90,2021-10-21 07:09:36,68300.0,200.0,505200.0
91,2021-10-21 07:09:36,68300.0,1100.0,505000.0
92,2021-10-21 07:09:10,68300.0,100.0,503900.0
93,2021-10-21 07:07:55,68200.0,100.0,503800.0
94,2021-10-21 07:07:10,68200.0,500.0,503700.0
95,2021-10-21 07:07:10,68200.0,100.0,503200.0
96,2021-10-21 07:06:37,68200.0,1900.0,503100.0
97,2021-10-21 07:06:37,68200.0,100.0,501200.0
98,2021-10-21 07:06:18,68200.0,400.0,501100.0
99,2021-10-21 07:06:18,68200.0,200.0,500700.0
100,2021-10-21 07:06:18,68200.0,400.0,500500.0
101,2021-10-21 07:05:10,68200.0,100.0,500100.0
102,2021-10-21 07:05:10,68200.0,100.0,500000.0
103,2021-10-21 07:05:10,68200.0,300.0,499900.0
104,2021-10-21 07:04:57,68200.0,1700.0,499600.0
105,2021-10-21 07:04:57,68200.0,1000.0,497900.0
106,2021-10-21 07:04:57,68200.0,200.0,496900.0
107,2021-10-21 07:04:57,68200.0,100.0,496700.0
108,2021-10-21 07:04:57,68200.0,200.0,496600.0
109,2021-10-21 07:04:57,68200.0,1000.0,496400.0
110,2021-10-21 07:04:57,68200.0,500.0,495400.0
111,2021-10-21 07:04:57,68200.0,200.0,494900.0
112,2021-10-21 07:04:57,68200.0,100.0,494700.0
113,2021-10-21 07:04:57,68200.0,1000.0,494600.0
114,2021-10-21 07:04:48,68200.0,500.0,493600.0
115,2021-10-21 07:04:16,68200.0,1000.0,493100.0
116,2021-10-21 07:03:57,68200.0,400.0,492100.0
117,2021-10-21 07:02:22,68200.0,100.0,491700.0
118,2021-10-21 07:02:10,68300.0,200.0,491600.0
119,2021-10-21 07:01:01,68300.0,300.0,491400.0
120,2021-10-21 06:59:52,68300.0,100.0,491100.0
121,2021-10-21 06:59:52,68300.0,100.0,491000.0
122,2021-10-21 06:59:52,68300.0,100.0,490900.0
123,2021-10-21 06:57:59,68300.0,1000.0,490800.0
124,2021-10-21 06:57:59,68300.0,100.0,489800.0
125,2021-10-21 06:57:59,68300.0,3000.0,489700.0
126,2021-10-21 06:57:59,68300.0,300.0,486700.0
127,2021-10-21 06:57:59,68300.0,800.0,486400.0
128,2021-10-21 06:57:59,68300.0,2300.0,485600.0
129,2021-10-21 06:57:47,68400.0,1000.0,483300.0
130,2021-10-21 06:56:28,68500.0,400.0,482300.0
131,2021-10-21 06:56:20,68300.0,400.0,481900.0
132,2021-10-21 06:56:20,68400.0,100.0,481500.0
133,2021-10-21 06:56:03,68400.0,2000.0,481400.0
134,2021-10-21 06:55:03,68500.0,1000.0,479400.0
135,2021-10-21 06:54:34,68400.0,400.0,478400.0
136,2021-10-21 06:54:20,68400.0,300.0,478000.0
137,2021-10-21 06:52:24,68300.0,100.0,477700.0
138,2021-10-21 06:52:17,68300.0,1500.0,477600.0
139,2021-10-21 06:52:17,68400.0,1000.0,476100.0
140,2021-10-21 06:52:17,68400.0,1500.0,475100.0
141,2021-10-21 06:52:17,68400.0,1000.0,473600.0
142,2021-10-21 06:49:57,68400.0,100.0,472600.0
143,2021-10-21 06:47:37,68300.0,700.0,472500.0
144,2021-10-21 06:47:37,68400.0,100.0,471800.0
145,2021-10-21 06:47:37,68400.0,100.0,471700.0
146,2021-10-21 06:47:37,68400.0,1000.0,471600.0
147,2021-10-21 06:47:37,68400.0,100.0,470600.0
148,2021-10-21 06:47:37,68400.0,500.0,470500.0
149,2021-10-21 06:47:37,68400.0,2500.0,470000.0
150,2021-10-21 06:44:14,68400.0,500.0,467500.0
151,2021-10-21 06:44:14,68400.0,100.0,467000.0
152,2021-10-21 06:43:48,68500.0,100.0,466900.0
153,2021-10-21 06:42:48,68500.0,300.0,466800.0
154,2021-10-21 06:42:48,68500.0,100.0,466500.0
155,2021-10-21 06:41:54,68600.0,100.0,466400.0
156,2021-10-21 06:41:09,68600.0,200.0,466300.0
157,2021-10-21 06:39:35,68500.0,100.0,466100.0
158,2021-10-21 06:38:12,68500.0,100.0,466000.0
159,2021-10-21 06:37:13,68500.0,100.0,465900.0
160,2021-10-21 06:37:04,68500.0,1100.0,465800.0
161,2021-10-21 06:37:04,68500.0,200.0,464700.0
162,2021-10-21 06:37:04,68500.0,100.0,464500.0
163,2021-10-21 06:37:04,68500.0,500.0,464400.0
164,2021-10-21 06:37:04,68500.0,1000.0,463900.0
165,2021-10-21 06:37:04,68500.0,100.0,462900.0
166,2021-10-21 06:35:30,68600.0,500.0,462800.0
167,2021-10-21 06:35:30,68600.0,500.0,462300.0
168,2021-10-21 06:33:28,68600.0,100.0,461800.0
169,2021-10-21 06:31:38,68600.0,400.0,461700.0
170,2021-10-21 06:31:38,68600.0,400.0,461300.0
171,2021-10-21 06:29:52,68500.0,100.0,460900.0
172,2021-10-21 06:29:28,68500.0,100.0,460800.0
173,2021-10-21 06:29:28,68500.0,200.0,460700.0
174,2021-10-21 06:27:58,68500.0,200.0,460500.0
175,2021-10-21 06:27:46,68500.0,100.0,460300.0
176,2021-10-21 06:27:40,68500.0,100.0,460200.0
177,2021-10-21 06:27:11,68500.0,300.0,460100.0
178,2021-10-21 06:27:11,68500.0,3000.0,459800.0
179,2021-10-21 06:27:11,68500.0,200.0,456800.0
180,2021-10-21 06:27:11,68500.0,200.0,456600.0
181,2021-10-21 06:27:11,68500.0,300.0,456400.0
182,2021-10-21 06:27:06,68500.0,1700.0,456100.0
183,2021-10-21 06:27:06,68500.0,2300.0,454400.0
184,2021-10-21 06:27:01,68500.0,2700.0,452100.0
185,2021-10-21 06:27:01,68500.0,300.0,449400.0
186,2021-10-21 06:25:55,68400.0,100.0,449100.0
187,2021-10-21 06:25:55,68400.0,500.0,449000.0
188,2021-10-21 06:25:55,68400.0,100.0,448500.0
189,2021-10-21 06:25:55,68400.0,100.0,448400.0
190,2021-10-21 06:25:55,68400.0,300.0,448300.0
191,2021-10-21 06:25:33,68400.0,300.0,448000.0
192,2021-10-21 06:25:25,68500.0,100.0,447700.0
193,2021-10-21 06:20:28,68500.0,600.0,447600.0
194,2021-10-21 06:20:28,68500.0,300.0,447000.0
195,2021-10-21 06:20:28,68500.0,3100.0,446700.0
196,2021-10-21 06:20:22,68500.0,1900.0,443600.0
197,2021-10-21 06:20:22,68500.0,1100.0,441700.0
198,2021-10-21 06:19:52,68400.0,200.0,440600.0
199,2021-10-21 06:18:29,68400.0,500.0,440400.0
200,2021-10-21 06:17:45,68500.0,200.0,439900.0
201,2021-10-21 06:16:57,68400.0,900.0,439700.0
202,2021-10-21 06:16:22,68400.0,600.0,438800.0
203,2021-10-21 06:16:15,68400.0,200.0,438200.0
204,2021-10-21 06:13:55,68500.0,100.0,438000.0
205,2021-10-21 06:12:29,68500.0,3000.0,437900.0
206,2021-10-21 06:12:24,68400.0,100.0,434900.0
207,2021-10-21 06:12:17,68500.0,600.0,434800.0
208,2021-10-21 06:12:17,68500.0,100.0,434200.0
209,2021-10-21 06:12:17,68500.0,500.0,434100.0
210,2021-10-21 06:12:04,68400.0,1900.0,433600.0
211,2021-10-21 06:12:04,68400.0,500.0,431700.0
212,2021-10-21 06:12:04,68400.0,100.0,431200.0
213,2021-10-21 06:12:04,68400.0,100.0,431100.0
214,2021-10-21 06:12:04,68400.0,100.0,431000.0
215,2021-10-21 06:12:04,68400.0,300.0,430900.0
216,2021-10-21 06:11:50,68500.0,3000.0,430600.0
217,2021-10-21 06:10:15,68500.0,1500.0,427600.0
218,2021-10-21 06:10:15,68500.0,2500.0,426100.0
219,2021-10-21 06:10:09,68500.0,2000.0,423600.0
220,2021-10-21 06:09:59,68500.0,500.0,421600.0
221,2021-10-21 06:09:59,68500.0,3000.0,421100.0
222,2021-10-21 06:09:59,68500.0,1500.0,418100.0
223,2021-10-21 06:08:46,68400.0,400.0,416600.0
224,2021-10-21 06:08:34,68500.0,400.0,416200.0
225,2021-10-21 06:08:14,68500.0,100.0,415800.0
226,2021-10-21 06:07:52,68500.0,100.0,415700.0
227,2021-10-21 06:07:02,68500.0,100.0,415600.0
228,2021-10-21 06:07:02,68500.0,400.0,415500.0
229,2021-10-21 06:06:40,68500.0,400.0,415100.0
230,2021-10-21 06:05:06,68500.0,700.0,414700.0
231,2021-10-21 06:05:06,68500.0,100.0,414000.0
232,2021-10-21 06:05:06,68500.0,100.0,413900.0
233,2021-10-21 06:05:06,68500.0,100.0,413800.0
234,2021-10-21 06:05:06,68500.0,400.0,413700.0
235,2021-10-21 06:05:06,68500.0,100.0,413300.0
236,2021-10-21 06:02:54,68500.0,100.0,413200.0
237,2021-10-21 06:00:37,68500.0,100.0,413100.0
238,2021-10-21 06:00:11,68500.0,100.0,413000.0
239,2021-10-21 06:00:04,68600.0,500.0,412900.0
240,2021-10-21 06:00:04,68600.0,500.0,412400.0
241,2021-10-21 06:00:01,68600.0,400.0,411900.0
242,2021-10-21 06:00:01,68500.0,100.0,411500.0
243,2021-10-21 04:29:55,68500.0,500.0,411400.0
244,2021-10-21 04:29:29,68500.0,100.0,410900.0
245,2021-10-21 04:26:31,68500.0,100.0,410800.0
246,2021-10-21 04:26:02,68500.0,2000.0,410700.0
247,2021-10-21 04:26:02,68500.0,200.0,408700.0
248,2021-10-21 04:26:02,68500.0,100.0,408500.0
249,2021-10-21 04:25:58,68400.0,200.0,408400.0
250,2021-10-21 04:25:58,68400.0,100.0,408200.0
251,2021-10-21 04:24:09,68400.0,100.0,408100.0
252,2021-10-21 04:19:37,68400.0,100.0,408000.0
253,2021-10-21 04:19:23,68400.0,100.0,407900.0
254,2021-10-21 04:19:19,68300.0,100.0,407800.0
255,2021-10-21 04:19:19,68300.0,100.0,407700.0
256,2021-10-21 04:19:13,68000.0,1100.0,407600.0
257,2021-10-21 04:18:09,68000.0,100.0,406500.0
258,2021-10-21 04:18:06,68000.0,4200.0,406400.0
259,2021-10-21 04:17:11,68000.0,100.0,402200.0
260,2021-10-21 04:17:02,68000.0,100.0,402100.0
261,2021-10-21 04:17:02,68000.0,400.0,402000.0
262,2021-10-21 04:17:02,68000.0,100.0,401600.0
263,2021-10-21 04:17:02,68000.0,100.0,401500.0
264,2021-10-21 04:17:02,68000.0,2000.0,401400.0
265,2021-10-21 04:17:02,68000.0,400.0,399400.0
266,2021-10-21 04:17:02,68000.0,400.0,399000.0
267,2021-10-21 04:13:24,68000.0,300.0,398600.0
268,2021-10-21 04:13:24,68000.0,300.0,398300.0
269,2021-10-21 04:13:15,68000.0,1000.0,398000.0
270,2021-10-21 04:11:06,67900.0,4000.0,397000.0
271,2021-10-21 04:11:06,67900.0,1000.0,393000.0
272,2021-10-21 04:11:06,67900.0,500.0,392000.0
273,2021-10-21 04:11:06,67900.0,1000.0,391500.0
274,2021-10-21 04:11:06,67900.0,100.0,390500.0
275,2021-10-21 04:11:06,68000.0,100.0,390400.0
276,2021-10-21 04:11:06,68000.0,1800.0,390300.0
277,2021-10-21 04:11:06,68000.0,200.0,388500.0
278,2021-10-21 04:11:06,68000.0,100.0,388300.0
279,2021-10-21 04:11:06,68000.0,300.0,388200.0
280,2021-10-21 04:11:06,68000.0,700.0,387900.0
281,2021-10-21 04:11:06,68100.0,200.0,387200.0
282,2021-10-21 04:11:06,68100.0,300.0,387000.0
283,2021-10-21 04:10:41,68100.0,200.0,386700.0
284,2021-10-21 04:08:27,68200.0,400.0,386500.0
285,2021-10-21 04:06:22,68200.0,100.0,386100.0
286,2021-10-21 04:06:18,68200.0,500.0,386000.0
287,2021-10-21 04:05:17,68200.0,2500.0,385500.0
288,2021-10-21 04:05:17,68200.0,300.0,383000.0
289,2021-10-21 04:05:17,68200.0,200.0,382700.0
290,2021-10-21 04:05:17,68300.0,1000.0,382500.0
291,2021-10-21 04:04:13,68300.0,100.0,381500.0
292,2021-10-21 04:03:13,68300.0,100.0,381400.0
293,2021-10-21 04:02:34,68300.0,100.0,381300.0
294,2021-10-21 04:02:27,68000.0,300.0,381200.0
295,2021-10-21 04:02:27,68000.0,700.0,380900.0
296,2021-10-21 04:02:27,68100.0,100.0,380200.0
297,2021-10-21 04:01:58,68300.0,100.0,380100.0
298,2021-10-21 04:01:23,68000.0,300.0,380000.0
299,2021-10-21 04:01:18,68000.0,1900.0,379700.0
300,2021-10-21 04:00:49,68000.0,200.0,377800.0
301,2021-10-21 04:00:49,68000.0,500.0,377600.0
302,2021-10-21 04:00:49,68000.0,100.0,377100.0
303,2021-10-21 04:00:49,68000.0,500.0,377000.0
304,2021-10-21 04:00:49,68000.0,5000.0,376500.0
305,2021-10-21 04:00:49,68000.0,100.0,371500.0
306,2021-10-21 04:00:49,68000.0,500.0,371400.0
307,2021-10-21 04:00:49,68000.0,500.0,370900.0
308,2021-10-21 04:00:49,68000.0,100.0,370400.0
309,2021-10-21 04:00:49,68000.0,100.0,370300.0
310,2021-10-21 04:00:49,68000.0,800.0,370200.0
311,2021-10-21 04:00:49,68000.0,100.0,369400.0
312,2021-10-21 04:00:49,68000.0,1000.0,369300.0
313,2021-10-21 04:00:49,68000.0,500.0,368300.0
314,2021-10-21 04:00:49,68000.0,1000.0,367800.0
315,2021-10-21 04:00:49,68000.0,100.0,366800.0
316,2021-10-21 04:00:49,68000.0,1500.0,366700.0
317,2021-10-21 04:00:49,68000.0,300.0,365200.0
318,2021-10-21 04:00:49,68000.0,500.0,364900.0
319,2021-10-21 04:00:49,68000.0,500.0,364400.0
320,2021-10-21 04:00:49,68000.0,1000.0,363900.0
321,2021-10-21 04:00:49,68000.0,1000.0,362900.0
322,2021-10-21 04:00:49,68000.0,100.0,361900.0
323,2021-10-21 04:00:49,68000.0,1000.0,361800.0
324,2021-10-21 04:00:49,68000.0,200.0,360800.0
325,2021-10-21 04:00:49,68000.0,200.0,360600.0
326,2021-10-21 04:00:49,68000.0,100.0,360400.0
327,2021-10-21 04:00:49,68000.0,300.0,360300.0
328,2021-10-21 04:00:40,68000.0,700.0,360000.0
329,2021-10-21 04:00:40,68000.0,100.0,359300.0
330,2021-10-21 04:00:40,68000.0,100.0,359200.0
331,2021-10-21 04:00:40,68000.0,100.0,359100.0
332,2021-10-21 04:00:13,68000.0,100.0,359000.0
333,2021-10-21 04:00:13,68000.0,2000.0,358900.0
334,2021-10-21 04:00:13,68000.0,500.0,356900.0
335,2021-10-21 04:00:13,68000.0,1000.0,356400.0
336,2021-10-21 04:00:13,68100.0,100.0,355400.0
337,2021-10-21 04:00:13,68100.0,300.0,355300.0
338,2021-10-21 03:59:47,68500.0,100.0,355000.0
339,2021-10-21 03:59:41,68500.0,100.0,354900.0
340,2021-10-21 03:57:04,68000.0,1000.0,354800.0
341,2021-10-21 03:57:04,68000.0,100.0,353800.0
342,2021-10-21 03:57:04,68000.0,100.0,353700.0
343,2021-10-21 03:57:04,68000.0,100.0,353600.0
344,2021-10-21 03:57:04,68000.0,1000.0,353500.0
345,2021-10-21 03:57:04,68000.0,200.0,352500.0
346,2021-10-21 03:57:04,68000.0,600.0,352300.0
347,2021-10-21 03:57:04,68100.0,500.0,351700.0
348,2021-10-21 03:57:04,68100.0,500.0,351200.0
349,2021-10-21 03:57:04,68100.0,100.0,350700.0
350,2021-10-21 03:57:04,68100.0,1000.0,350600.0
351,2021-10-21 03:57:04,68100.0,1000.0,349600.0
352,2021-10-21 03:57:04,68100.0,200.0,348600.0
353,2021-10-21 03:57:04,68200.0,300.0,348400.0
354,2021-10-21 03:57:04,68200.0,500.0,348100.0
355,2021-10-21 03:57:04,68200.0,200.0,347600.0
356,2021-10-21 03:57:04,68200.0,1000.0,347400.0
357,2021-10-21 03:57:04,68200.0,200.0,346400.0
358,2021-10-21 03:57:04,68200.0,4000.0,346200.0
359,2021-10-21 03:57:04,68200.0,100.0,342200.0
360,2021-10-21 03:57:04,68200.0,100.0,342100.0
361,2021-10-21 03:57:04,68200.0,1000.0,342000.0
362,2021-10-21 03:57:04,68200.0,100.0,341000.0
363,2021-10-21 03:57:04,68200.0,1500.0,340900.0
364,2021-10-21 03:57:04,68300.0,100.0,339400.0
365,2021-10-21 03:57:04,68300.0,600.0,339300.0
366,2021-10-21 03:57:04,68300.0,300.0,338700.0
367,2021-10-21 03:57:04,68300.0,100.0,338400.0
368,2021-10-21 03:57:04,68300.0,1000.0,338300.0
369,2021-10-21 03:57:04,68300.0,1000.0,337300.0
370,2021-10-21 03:57:04,68300.0,400.0,336300.0
371,2021-10-21 03:57:04,68400.0,300.0,335900.0
372,2021-10-21 03:57:04,68400.0,500.0,335600.0
373,2021-10-21 03:57:04,68400.0,300.0,335100.0
374,2021-10-21 03:55:31,68400.0,100.0,334800.0
375,2021-10-21 03:55:28,68400.0,400.0,334700.0
376,2021-10-21 03:55:20,68400.0,200.0,334300.0
377,2021-10-21 03:55:20,68400.0,400.0,334100.0
378,2021-10-21 03:55:20,68400.0,400.0,333700.0
379,2021-10-21 03:54:06,68400.0,200.0,333300.0
380,2021-10-21 03:54:06,68400.0,100.0,333100.0
381,2021-10-21 03:53:57,68400.0,300.0,333000.0
382,2021-10-21 03:53:29,68400.0,100.0,332700.0
383,2021-10-21 03:53:29,68400.0,200.0,332600.0
384,2021-10-21 03:52:33,68400.0,200.0,332400.0
385,2021-10-21 03:52:33,68400.0,100.0,332200.0
386,2021-10-21 03:52:33,68400.0,700.0,332100.0
387,2021-10-21 03:51:34,68500.0,1900.0,331400.0
388,2021-10-21 03:51:03,68500.0,100.0,329500.0
389,2021-10-21 03:50:09,68400.0,200.0,329400.0
390,2021-10-21 03:50:09,68400.0,500.0,329200.0
391,2021-10-21 03:50:09,68400.0,600.0,328700.0
392,2021-10-21 03:50:09,68500.0,700.0,328100.0
393,2021-10-21 03:48:52,68500.0,300.0,327400.0
394,2021-10-21 03:48:52,68500.0,700.0,327100.0
395,2021-10-21 03:48:20,68500.0,100.0,326400.0
396,2021-10-21 03:45:37,68500.0,100.0,326300.0
397,2021-10-21 03:45:37,68500.0,300.0,326200.0
398,2021-10-21 03:45:28,68600.0,200.0,325900.0
399,2021-10-21 03:45:13,68500.0,200.0,325700.0
400,2021-10-21 03:45:13,68500.0,300.0,325500.0
401,2021-10-21 03:45:13,68500.0,500.0,325200.0
402,2021-10-21 03:44:55,68500.0,300.0,324700.0
403,2021-10-21 03:42:56,68500.0,100.0,324400.0
404,2021-10-21 03:42:08,68500.0,100.0,324300.0
405,2021-10-21 03:42:08,68500.0,900.0,324200.0
406,2021-10-21 03:41:44,68500.0,100.0,323300.0
407,2021-10-21 03:41:44,68500.0,200.0,323200.0
408,2021-10-21 03:41:44,68500.0,400.0,323000.0
409,2021-10-21 03:41:44,68500.0,1300.0,322600.0
410,2021-10-21 03:41:00,68500.0,500.0,321300.0
411,2021-10-21 03:40:39,68500.0,100.0,320800.0
412,2021-10-21 03:40:36,68500.0,100.0,320700.0
413,2021-10-21 03:40:06,68500.0,400.0,320600.0
414,2021-10-21 03:40:06,68500.0,500.0,320200.0
415,2021-10-21 03:40:06,68500.0,100.0,319700.0
416,2021-10-21 03:39:13,68400.0,500.0,319600.0
417,2021-10-21 03:39:03,68600.0,200.0,319100.0
418,2021-10-21 03:38:58,68400.0,200.0,318900.0
419,2021-10-21 03:38:58,68500.0,100.0,318700.0
420,2021-10-21 03:38:58,68500.0,700.0,318600.0
421,2021-10-21 03:38:43,68600.0,100.0,317900.0
422,2021-10-21 03:38:13,68500.0,300.0,317800.0
423,2021-10-21 03:38:01,68500.0,200.0,317500.0
424,2021-10-21 03:37:33,68500.0,800.0,317300.0
425,2021-10-21 03:37:33,68500.0,600.0,316500.0
426,2021-10-21 03:37:02,68500.0,100.0,315900.0
427,2021-10-21 03:36:37,68400.0,400.0,315800.0
428,2021-10-21 03:36:37,68400.0,200.0,315400.0
429,2021-10-21 03:36:37,68400.0,100.0,315200.0
430,2021-10-21 03:36:27,68400.0,100.0,315100.0
431,2021-10-21 03:36:24,68400.0,100.0,315000.0
432,2021-10-21 03:36:01,68400.0,500.0,314900.0
433,2021-10-21 03:35:20,68400.0,2100.0,314400.0
434,2021-10-21 03:35:03,68300.0,800.0,312300.0
435,2021-10-21 03:34:48,68300.0,900.0,311500.0
436,2021-10-21 03:34:36,68300.0,100.0,310600.0
437,2021-10-21 03:34:28,68300.0,100.0,310500.0
438,2021-10-21 03:34:07,68400.0,200.0,310400.0
439,2021-10-21 03:33:33,68400.0,1000.0,310200.0
440,2021-10-21 03:33:33,68400.0,100.0,309200.0
441,2021-10-21 03:33:33,68400.0,300.0,309100.0
442,2021-10-21 03:33:33,68400.0,1000.0,308800.0
443,2021-10-21 03:32:57,68500.0,1000.0,307800.0
444,2021-10-21 03:32:57,68500.0,100.0,306800.0
445,2021-10-21 03:32:57,68500.0,100.0,306700.0
446,2021-10-21 03:32:57,68500.0,100.0,306600.0
447,2021-10-21 03:32:21,68500.0,100.0,306500.0
448,2021-10-21 03:32:21,68500.0,100.0,306400.0
449,2021-10-21 03:32:21,68500.0,400.0,306300.0
450,2021-10-21 03:32:07,68600.0,500.0,305900.0
451,2021-10-21 03:32:07,68600.0,300.0,305400.0
452,2021-10-21 03:32:07,68600.0,800.0,305100.0
453,2021-10-21 03:32:07,68600.0,400.0,304300.0
454,2021-10-21 03:31:44,68600.0,100.0,303900.0
455,2021-10-21 03:31:44,68600.0,200.0,303800.0
456,2021-10-21 03:31:36,68800.0,100.0,303600.0
457,2021-10-21 03:31:30,68800.0,300.0,303500.0
458,2021-10-21 03:31:23,68800.0,800.0,303200.0
459,2021-10-21 03:30:54,68800.0,100.0,302400.0
460,2021-10-21 03:30:54,68800.0,300.0,302300.0
461,2021-10-21 03:30:54,68800.0,600.0,302000.0
462,2021-10-21 03:29:19,68800.0,100.0,301400.0
463,2021-10-21 03:29:03,68800.0,500.0,301300.0
464,2021-10-21 03:28:53,68800.0,400.0,300800.0
465,2021-10-21 03:28:48,68800.0,100.0,300400.0
466,2021-10-21 03:27:32,68800.0,300.0,300300.0
467,2021-10-21 03:25:31,68900.0,200.0,300000.0
468,2021-10-21 03:25:31,68900.0,100.0,299800.0
469,2021-10-21 03:25:31,68900.0,700.0,299700.0
470,2021-10-21 03:25:12,68900.0,100.0,299000.0
471,2021-10-21 03:25:09,68900.0,1400.0,298900.0
472,2021-10-21 03:24:53,68900.0,300.0,297500.0
473,2021-10-21 03:23:46,68900.0,400.0,297200.0
474,2021-10-21 03:23:46,68900.0,400.0,296800.0
475,2021-10-21 03:23:40,68900.0,200.0,296400.0
476,2021-10-21 03:23:40,68900.0,100.0,296200.0
477,2021-10-21 03:23:40,68900.0,600.0,296100.0
478,2021-10-21 03:23:40,68900.0,100.0,295500.0
479,2021-10-21 03:22:34,68900.0,100.0,295400.0
480,2021-10-21 03:22:22,68900.0,100.0,295300.0
481,2021-10-21 03:22:06,68900.0,1300.0,295200.0
482,2021-10-21 03:20:32,69000.0,200.0,293900.0
483,2021-10-21 03:19:59,68700.0,100.0,293700.0
484,2021-10-21 03:19:19,68300.0,600.0,293600.0
485,2021-10-21 03:19:19,68300.0,100.0,293000.0
486,2021-10-21 03:19:19,68300.0,100.0,292900.0
487,2021-10-21 03:19:19,68300.0,100.0,292800.0
488,2021-10-21 03:19:19,68300.0,100.0,292700.0
489,2021-10-21 03:19:18,68500.0,100.0,292600.0
490,2021-10-21 03:19:15,68500.0,100.0,292500.0
491,2021-10-21 03:18:37,68300.0,100.0,292400.0
492,2021-10-21 03:18:22,68400.0,100.0,292300.0
493,2021-10-21 03:17:30,68200.0,600.0,292200.0
494,2021-10-21 03:17:30,68200.0,200.0,291600.0
495,2021-10-21 03:16:55,68200.0,300.0,291400.0
496,2021-10-21 03:16:12,68100.0,200.0,291100.0
497,2021-10-21 03:16:12,68100.0,100.0,290900.0
498,2021-10-21 03:16:12,68100.0,500.0,290800.0
499,2021-10-21 03:16:12,68100.0,2000.0,290300.0
500,2021-10-21 03:16:12,68100.0,500.0,288300.0
501,2021-10-21 03:16:12,68100.0,200.0,287800.0
502,2021-10-21 03:16:12,68100.0,700.0,287600.0
503,2021-10-21 03:16:12,68200.0,100.0,286900.0
504,2021-10-21 03:16:12,68200.0,400.0,286800.0
505,2021-10-21 03:16:12,68500.0,800.0,286400.0
506,2021-10-21 03:16:12,68500.0,1400.0,285600.0
507,2021-10-21 03:16:09,68500.0,2000.0,284200.0
508,2021-10-21 03:16:09,68500.0,1600.0,282200.0
509,2021-10-21 03:15:29,68100.0,300.0,280600.0
510,2021-10-21 03:15:29,68100.0,200.0,280300.0
511,2021-10-21 03:15:10,68000.0,9400.0,280100.0
512,2021-10-21 03:15:10,68100.0,100.0,270700.0
513,2021-10-21 03:15:10,68100.0,400.0,270600.0
514,2021-10-21 03:15:06,68100.0,1600.0,270200.0
515,2021-10-21 03:15:06,68200.0,200.0,268600.0
516,2021-10-21 03:15:06,68200.0,1000.0,268400.0
517,2021-10-21 03:15:06,68200.0,400.0,267400.0
518,2021-10-21 03:15:05,68200.0,100.0,267000.0
519,2021-10-21 03:15:05,68300.0,100.0,266900.0
520,2021-10-21 03:14:44,68500.0,100.0,266800.0
521,2021-10-21 03:14:44,68500.0,100.0,266700.0
522,2021-10-21 03:14:44,68500.0,2000.0,266600.0
523,2021-10-21 03:14:44,68500.0,500.0,264600.0
524,2021-10-21 03:14:44,68600.0,100.0,264100.0
525,2021-10-21 03:14:21,68500.0,1200.0,264000.0
526,2021-10-21 03:14:02,68500.0,200.0,262800.0
527,2021-10-21 03:14:02,68500.0,200.0,262600.0
528,2021-10-21 03:13:49,68500.0,100.0,262400.0
529,2021-10-21 03:13:46,68500.0,100.0,262300.0
530,2021-10-21 03:13:46,68500.0,500.0,262200.0
531,2021-10-21 03:13:46,68500.0,100.0,261700.0
532,2021-10-21 03:13:46,68500.0,300.0,261600.0
533,2021-10-21 03:13:36,68500.0,700.0,261300.0
534,2021-10-21 03:13:02,68500.0,200.0,260600.0
535,2021-10-21 03:12:53,68500.0,1700.0,260400.0
536,2021-10-21 03:12:53,68500.0,200.0,258700.0
537,2021-10-21 03:12:53,68500.0,100.0,258500.0
538,2021-10-21 03:12:53,68500.0,100.0,258400.0
539,2021-10-21 03:12:53,68500.0,3000.0,258300.0
540,2021-10-21 03:12:53,68500.0,500.0,255300.0
541,2021-10-21 03:12:53,68500.0,500.0,254800.0
542,2021-10-21 03:12:53,68500.0,200.0,254300.0
543,2021-10-21 03:12:53,68500.0,100.0,254100.0
544,2021-10-21 03:12:53,68500.0,2000.0,254000.0
545,2021-10-21 03:12:53,68500.0,700.0,252000.0
546,2021-10-21 03:12:53,68600.0,1000.0,251300.0
547,2021-10-21 03:12:53,68600.0,1000.0,250300.0
548,2021-10-21 03:12:53,68600.0,3000.0,249300.0
549,2021-10-21 03:12:53,68600.0,3000.0,246300.0
550,2021-10-21 03:12:53,68700.0,400.0,243300.0
551,2021-10-21 03:12:53,68700.0,500.0,242900.0
552,2021-10-21 03:12:53,68700.0,100.0,242400.0
553,2021-10-21 03:12:53,68700.0,1900.0,242300.0
554,2021-10-21 03:12:50,68700.0,100.0,240400.0
555,2021-10-21 03:12:21,68700.0,300.0,240300.0
556,2021-10-21 03:12:21,68800.0,200.0,240000.0
557,2021-10-21 03:12:05,69000.0,100.0,239800.0
558,2021-10-21 03:11:56,68700.0,700.0,239700.0
559,2021-10-21 03:11:56,68800.0,600.0,239000.0
560,2021-10-21 03:11:56,68900.0,200.0,238400.0
561,2021-10-21 03:11:51,69000.0,100.0,238200.0
562,2021-10-21 03:11:25,69000.0,100.0,238100.0
563,2021-10-21 03:11:25,69000.0,100.0,238000.0
564,2021-10-21 03:11:25,69000.0,100.0,237900.0
565,2021-10-21 03:11:25,69000.0,100.0,237800.0
566,2021-10-21 03:11:25,69000.0,100.0,237700.0
567,2021-10-21 03:11:25,69000.0,100.0,237600.0
568,2021-10-21 03:11:25,69000.0,600.0,237500.0
569,2021-10-21 03:11:25,69000.0,200.0,236900.0
570,2021-10-21 03:11:25,69000.0,200.0,236700.0
571,2021-10-21 03:10:50,69000.0,500.0,236500.0
572,2021-10-21 03:09:55,69000.0,300.0,236000.0
573,2021-10-21 03:09:55,69000.0,500.0,235700.0
574,2021-10-21 03:09:55,69200.0,200.0,235200.0
575,2021-10-21 03:09:34,69000.0,500.0,235000.0
576,2021-10-21 03:09:34,69100.0,1000.0,234500.0
577,2021-10-21 03:09:34,69100.0,1000.0,233500.0
578,2021-10-21 03:09:34,69100.0,1000.0,232500.0
579,2021-10-21 03:09:34,69200.0,100.0,231500.0
580,2021-10-21 03:09:34,69200.0,1400.0,231400.0
581,2021-10-21 03:09:03,69200.0,800.0,230000.0
582,2021-10-21 03:09:03,69300.0,200.0,229200.0
583,2021-10-21 03:08:52,69200.0,2200.0,229000.0
584,2021-10-21 03:08:52,69200.0,1000.0,226800.0
585,2021-10-21 03:08:52,69200.0,300.0,225800.0
586,2021-10-21 03:08:52,69300.0,300.0,225500.0
587,2021-10-21 03:08:52,69300.0,100.0,225200.0
588,2021-10-21 03:08:52,69300.0,300.0,225100.0
589,2021-10-21 03:08:52,69300.0,800.0,224800.0
590,2021-10-21 03:06:27,69400.0,300.0,224000.0
591,2021-10-21 03:03:55,69400.0,100.0,223700.0
592,2021-10-21 03:03:55,69400.0,300.0,223600.0
593,2021-10-21 03:02:23,69400.0,300.0,223300.0
594,2021-10-21 03:02:23,69400.0,600.0,223000.0
595,2021-10-21 03:02:23,69400.0,100.0,222400.0
596,2021-10-21 03:02:16,69400.0,100.0,222300.0
597,2021-10-21 03:02:16,69400.0,200.0,222200.0
598,2021-10-21 03:02:16,69400.0,100.0,222000.0
599,2021-10-21 03:00:57,69500.0,1500.0,221900.0
600,2021-10-21 02:59:48,69400.0,200.0,220400.0
601,2021-10-21 02:59:48,69400.0,900.0,220200.0
602,2021-10-21 02:59:48,69400.0,1000.0,219300.0
603,2021-10-21 02:59:48,69400.0,200.0,218300.0
604,2021-10-21 02:59:48,69400.0,600.0,218100.0
605,2021-10-21 02:59:48,69500.0,100.0,217500.0
606,2021-10-21 02:59:29,69500.0,100.0,217400.0
607,2021-10-21 02:59:18,69500.0,100.0,217300.0
608,2021-10-21 02:57:49,69500.0,300.0,217200.0
609,2021-10-21 02:57:25,69500.0,100.0,216900.0
610,2021-10-21 02:57:13,69500.0,700.0,216800.0
611,2021-10-21 02:57:13,69500.0,100.0,216100.0
612,2021-10-21 02:56:41,69500.0,100.0,216000.0
613,2021-10-21 02:55:47,69500.0,100.0,215900.0
614,2021-10-21 02:55:22,69500.0,1500.0,215800.0
615,2021-10-21 02:55:22,69500.0,200.0,214300.0
616,2021-10-21 02:55:22,69500.0,300.0,214100.0
617,2021-10-21 02:54:00,69400.0,100.0,213800.0
618,2021-10-21 02:53:41,69300.0,700.0,213700.0
619,2021-10-21 02:53:41,69300.0,2000.0,213000.0
620,2021-10-21 02:53:41,69300.0,300.0,211000.0
621,2021-10-21 02:53:40,69400.0,100.0,210700.0
622,2021-10-21 02:52:57,69300.0,100.0,210600.0
623,2021-10-21 02:52:53,69400.0,100.0,210500.0
624,2021-10-21 02:51:56,69400.0,200.0,210400.0
625,2021-10-21 02:51:56,69400.0,300.0,210200.0
626,2021-10-21 02:51:56,69400.0,1000.0,209900.0
627,2021-10-21 02:51:55,69500.0,1200.0,208900.0
628,2021-10-21 02:51:07,69500.0,1000.0,207700.0
629,2021-10-21 02:51:00,69500.0,1000.0,206700.0
630,2021-10-21 02:51:00,69500.0,500.0,205700.0
631,2021-10-21 02:51:00,69500.0,1000.0,205200.0
632,2021-10-21 02:50:57,69500.0,3000.0,204200.0
633,2021-10-21 02:50:50,69600.0,400.0,201200.0
634,2021-10-21 02:50:26,69600.0,500.0,200800.0
635,2021-10-21 02:50:26,69600.0,300.0,200300.0
636,2021-10-21 02:50:26,69600.0,1400.0,200000.0
637,2021-10-21 02:50:17,69600.0,100.0,198600.0
638,2021-10-21 02:49:58,69600.0,100.0,198500.0
639,2021-10-21 02:49:58,69700.0,100.0,198400.0
640,2021-10-21 02:49:37,69600.0,100.0,198300.0
641,2021-10-21 02:49:37,69600.0,200.0,198200.0
642,2021-10-21 02:49:37,69600.0,100.0,198000.0
643,2021-10-21 02:49:02,69600.0,500.0,197900.0
644,2021-10-21 02:48:57,69600.0,100.0,197400.0
645,2021-10-21 02:48:54,69500.0,300.0,197300.0
646,2021-10-21 02:48:49,69500.0,100.0,197000.0
647,2021-10-21 02:48:40,69500.0,600.0,196900.0
648,2021-10-21 02:48:40,69500.0,300.0,196300.0
649,2021-10-21 02:48:16,69500.0,100.0,196000.0
650,2021-10-21 02:48:16,69500.0,100.0,195900.0
651,2021-10-21 02:48:16,69500.0,200.0,195800.0
652,2021-10-21 02:48:16,69500.0,200.0,195600.0
653,2021-10-21 02:48:16,69500.0,300.0,195400.0
654,2021-10-21 02:47:39,69500.0,100.0,195100.0
655,2021-10-21 02:47:17,69500.0,500.0,195000.0
656,2021-10-21 02:46:56,69500.0,1000.0,194500.0
657,2021-10-21 02:46:37,69500.0,500.0,193500.0
658,2021-10-21 02:46:28,69500.0,500.0,193000.0
659,2021-10-21 02:46:28,69500.0,1100.0,192500.0
660,2021-10-21 02:46:18,69500.0,300.0,191400.0
661,2021-10-21 02:46:18,69500.0,500.0,191100.0
662,2021-10-21 02:46:10,69500.0,100.0,190600.0
663,2021-10-21 02:46:10,69500.0,200.0,190500.0
664,2021-10-21 02:46:10,69500.0,1600.0,190300.0
665,2021-10-21 02:46:10,69500.0,100.0,188700.0
666,2021-10-21 02:45:59,69500.0,100.0,188600.0
667,2021-10-21 02:45:46,69500.0,100.0,188500.0
668,2021-10-21 02:45:32,69600.0,100.0,188400.0
669,2021-10-21 02:43:44,69600.0,100.0,188300.0
670,2021-10-21 02:43:33,69700.0,300.0,188200.0
671,2021-10-21 02:43:33,69700.0,100.0,187900.0
672,2021-10-21 02:43:22,69600.0,1300.0,187800.0
673,2021-10-21 02:43:15,69600.0,3200.0,186500.0
674,2021-10-21 02:43:15,69600.0,100.0,183300.0
675,2021-10-21 02:43:15,69600.0,100.0,183200.0
676,2021-10-21 02:43:05,69400.0,100.0,183100.0
677,2021-10-21 02:42:41,69400.0,200.0,183000.0
678,2021-10-21 02:42:41,69400.0,200.0,182800.0
679,2021-10-21 02:42:41,69400.0,100.0,182600.0
680,2021-10-21 02:42:41,69400.0,200.0,182500.0
681,2021-10-21 02:42:40,69400.0,1000.0,182300.0
682,2021-10-21 02:42:37,69400.0,700.0,181300.0
683,2021-10-21 02:42:22,69400.0,1200.0,180600.0
684,2021-10-21 02:41:55,69300.0,2500.0,179400.0
685,2021-10-21 02:40:57,69200.0,100.0,176900.0
686,2021-10-21 02:40:38,69100.0,100.0,176800.0
687,2021-10-21 02:40:38,69100.0,100.0,176700.0
688,2021-10-21 02:39:54,69400.0,500.0,176600.0
689,2021-10-21 02:39:53,69400.0,200.0,176100.0
690,2021-10-21 02:39:42,69500.0,500.0,175900.0
691,2021-10-21 02:39:42,69500.0,100.0,175400.0
692,2021-10-21 02:39:35,69400.0,300.0,175300.0
693,2021-10-21 02:39:30,69400.0,100.0,175000.0
694,2021-10-21 02:39:30,69400.0,100.0,174900.0
695,2021-10-21 02:39:25,69500.0,300.0,174800.0
696,2021-10-21 02:39:22,69500.0,200.0,174500.0
697,2021-10-21 02:38:03,69400.0,100.0,174300.0
698,2021-10-21 02:37:20,69500.0,200.0,174200.0
699,2021-10-21 02:37:03,69500.0,100.0,174000.0
700,2021-10-21 02:36:59,69100.0,100.0,173900.0
701,2021-10-21 02:36:57,69100.0,200.0,173800.0
702,2021-10-21 02:36:57,69100.0,500.0,173600.0
703,2021-10-21 02:36:57,69100.0,200.0,173100.0
704,2021-10-21 02:36:57,69100.0,1200.0,172900.0
705,2021-10-21 02:36:44,69100.0,400.0,171700.0
706,2021-10-21 02:36:44,69000.0,100.0,171300.0
707,2021-10-21 02:36:42,69000.0,1000.0,171200.0
708,2021-10-21 02:36:42,69000.0,200.0,170200.0
709,2021-10-21 02:36:39,69100.0,2000.0,170000.0
710,2021-10-21 02:36:14,69100.0,400.0,168000.0
711,2021-10-21 02:36:00,68900.0,100.0,167600.0
712,2021-10-21 02:35:55,69000.0,500.0,167500.0
713,2021-10-21 02:35:18,68900.0,100.0,167000.0
714,2021-10-21 02:35:13,68900.0,300.0,166900.0
715,2021-10-21 02:35:13,68900.0,200.0,166600.0
716,2021-10-21 02:34:18,68900.0,100.0,166400.0
717,2021-10-21 02:33:40,68800.0,100.0,166300.0
718,2021-10-21 02:33:24,68700.0,1600.0,166200.0
719,2021-10-21 02:32:47,68800.0,200.0,164600.0
720,2021-10-21 02:32:29,68500.0,300.0,164400.0
721,2021-10-21 02:32:29,68700.0,200.0,164100.0
722,2021-10-21 02:32:23,68700.0,300.0,163900.0
723,2021-10-21 02:32:23,68600.0,200.0,163600.0
724,2021-10-21 02:32:23,68600.0,300.0,163400.0
725,2021-10-21 02:32:12,68500.0,1000.0,163100.0
726,2021-10-21 02:32:12,68500.0,600.0,162100.0
727,2021-10-21 02:32:11,68600.0,100.0,161500.0
728,2021-10-21 02:31:44,68500.0,400.0,161400.0
729,2021-10-21 02:31:44,68600.0,300.0,161000.0
730,2021-10-21 02:31:44,68600.0,1000.0,160700.0
731,2021-10-21 02:31:44,68700.0,1000.0,159700.0
732,2021-10-21 02:31:44,68700.0,400.0,158700.0
733,2021-10-21 02:31:44,68700.0,100.0,158300.0
734,2021-10-21 02:31:44,68700.0,200.0,158200.0
735,2021-10-21 02:31:34,68700.0,800.0,158000.0
736,2021-10-21 02:31:16,68800.0,200.0,157200.0
737,2021-10-21 02:31:14,68800.0,400.0,157000.0
738,2021-10-21 02:31:14,68800.0,100.0,156600.0
739,2021-10-21 02:31:14,68800.0,300.0,156500.0
740,2021-10-21 02:30:55,68800.0,300.0,156200.0
741,2021-10-21 02:30:55,68800.0,100.0,155900.0
742,2021-10-21 02:30:51,68900.0,500.0,155800.0
743,2021-10-21 02:30:49,68900.0,500.0,155300.0
744,2021-10-21 02:30:35,68900.0,600.0,154800.0
745,2021-10-21 02:30:33,68900.0,200.0,154200.0
746,2021-10-21 02:30:24,69000.0,1000.0,154000.0
747,2021-10-21 02:30:16,69000.0,200.0,153000.0
748,2021-10-21 02:30:02,69000.0,1000.0,152800.0
749,2021-10-21 02:29:52,68900.0,100.0,151800.0
750,2021-10-21 02:29:42,68800.0,100.0,151700.0
751,2021-10-21 02:29:42,68800.0,100.0,151600.0
752,2021-10-21 02:29:14,68900.0,100.0,151500.0
753,2021-10-21 02:29:07,68800.0,1000.0,151400.0
754,2021-10-21 02:28:56,68900.0,1000.0,150400.0
755,2021-10-21 02:28:53,69000.0,300.0,149400.0
756,2021-10-21 02:28:50,69000.0,500.0,149100.0
757,2021-10-21 02:28:48,69000.0,600.0,148600.0
758,2021-10-21 02:28:40,69000.0,1000.0,148000.0
759,2021-10-21 02:28:40,69000.0,300.0,147000.0
760,2021-10-21 02:28:40,69000.0,900.0,146700.0
761,2021-10-21 02:28:14,69000.0,2100.0,145800.0
762,2021-10-21 02:28:14,69000.0,100.0,143700.0
763,2021-10-21 02:28:14,69000.0,100.0,143600.0
764,2021-10-21 02:28:14,69000.0,400.0,143500.0
765,2021-10-21 02:28:14,69000.0,2000.0,143100.0
766,2021-10-21 02:28:14,69000.0,300.0,141100.0
767,2021-10-21 02:28:14,69000.0,100.0,140800.0
768,2021-10-21 02:28:14,69000.0,1000.0,140700.0
769,2021-10-21 02:28:14,69000.0,100.0,139700.0
770,2021-10-21 02:28:14,69100.0,700.0,139600.0
771,2021-10-21 02:28:14,69100.0,3000.0,138900.0
772,2021-10-21 02:28:14,69100.0,100.0,135900.0
773,2021-10-21 02:27:49,69500.0,200.0,135800.0
774,2021-10-21 02:27:15,69500.0,800.0,135600.0
775,2021-10-21 02:27:15,69500.0,100.0,134800.0
776,2021-10-21 02:27:15,69500.0,200.0,134700.0
777,2021-10-21 02:27:15,69500.0,2400.0,134500.0
778,2021-10-21 02:27:15,69700.0,1000.0,132100.0
779,2021-10-21 02:27:15,69700.0,500.0,131100.0
780,2021-10-21 02:27:15,69700.0,100.0,130600.0
781,2021-10-21 02:27:15,69700.0,100.0,130500.0
782,2021-10-21 02:26:43,69800.0,1800.0,130400.0
783,2021-10-21 02:25:31,69800.0,1000.0,128600.0
784,2021-10-21 02:25:18,69800.0,600.0,127600.0
785,2021-10-21 02:25:18,69800.0,100.0,127000.0
786,2021-10-21 02:25:04,69800.0,400.0,126900.0
787,2021-10-21 02:25:04,69800.0,2300.0,126500.0
788,2021-10-21 02:25:04,69800.0,200.0,124200.0
789,2021-10-21 02:25:04,69800.0,100.0,124000.0
790,2021-10-21 02:24:59,69800.0,600.0,123900.0
791,2021-10-21 02:24:53,69800.0,100.0,123300.0
792,2021-10-21 02:24:53,69800.0,100.0,123200.0
793,2021-10-21 02:24:43,69800.0,200.0,123100.0
794,2021-10-21 02:24:40,69800.0,100.0,122900.0
795,2021-10-21 02:24:18,69800.0,100.0,122800.0
796,2021-10-21 02:24:18,69800.0,900.0,122700.0
797,2021-10-21 02:24:00,69900.0,100.0,121800.0
798,2021-10-21 02:23:56,69900.0,100.0,121700.0
799,2021-10-21 02:23:55,69800.0,200.0,121600.0
800,2021-10-21 02:23:47,69900.0,200.0,121400.0
801,2021-10-21 02:23:45,69900.0,600.0,121200.0
802,2021-10-21 02:23:43,69900.0,500.0,120600.0
803,2021-10-21 02:23:34,70000.0,100.0,120100.0
804,2021-10-21 02:23:28,69800.0,1900.0,120000.0
805,2021-10-21 02:23:28,69800.0,200.0,118100.0
806,2021-10-21 02:23:28,69900.0,1500.0,117900.0
807,2021-10-21 02:23:28,69900.0,6400.0,116400.0
808,2021-10-21 02:23:15,70000.0,1900.0,110000.0
809,2021-10-21 02:23:15,70000.0,1000.0,108100.0
810,2021-10-21 02:23:15,70000.0,100.0,107100.0
811,2021-10-21 02:23:04,70000.0,600.0,107000.0
812,2021-10-21 02:22:57,69900.0,1000.0,106400.0
813,2021-10-21 02:22:39,70000.0,2000.0,105400.0
814,2021-10-21 02:22:39,70000.0,600.0,103400.0
815,2021-10-21 02:22:39,70000.0,300.0,102800.0
816,2021-10-21 02:22:36,70000.0,400.0,102500.0
817,2021-10-21 02:22:36,70000.0,100.0,102100.0
818,2021-10-21 02:22:32,70000.0,2900.0,102000.0
819,2021-10-21 02:22:32,70000.0,100.0,99100.0
820,2021-10-21 02:22:29,69900.0,300.0,99000.0
821,2021-10-21 02:22:17,69900.0,300.0,98700.0
822,2021-10-21 02:22:14,69900.0,300.0,98400.0
823,2021-10-21 02:22:14,69900.0,400.0,98100.0
824,2021-10-21 02:22:14,69900.0,100.0,97700.0
825,2021-10-21 02:22:14,69900.0,100.0,97600.0
826,2021-10-21 02:22:14,69900.0,900.0,97500.0
827,2021-10-21 02:22:14,69900.0,200.0,96600.0
828,2021-10-21 02:21:29,69800.0,100.0,96400.0
829,2021-10-21 02:21:18,69800.0,500.0,96300.0
830,2021-10-21 02:20:50,69800.0,400.0,95800.0
831,2021-10-21 02:20:50,69800.0,100.0,95400.0
832,2021-10-21 02:20:48,69900.0,300.0,95300.0
833,2021-10-21 02:20:43,69900.0,100.0,95000.0
834,2021-10-21 02:20:39,69900.0,400.0,94900.0
835,2021-10-21 02:20:39,69900.0,500.0,94500.0
836,2021-10-21 02:20:26,69900.0,1000.0,94000.0
837,2021-10-21 02:20:26,69900.0,200.0,93000.0
838,2021-10-21 02:20:23,69900.0,100.0,92800.0
839,2021-10-21 02:20:23,69900.0,400.0,92700.0
840,2021-10-21 02:20:23,69900.0,100.0,92300.0
841,2021-10-21 02:20:23,69900.0,100.0,92200.0
842,2021-10-21 02:20:23,69900.0,100.0,92100.0
843,2021-10-21 02:20:23,69900.0,400.0,92000.0
844,2021-10-21 02:20:23,69800.0,400.0,91600.0
845,2021-10-21 02:20:20,69800.0,500.0,91200.0
846,2021-10-21 02:20:12,69800.0,100.0,90700.0
847,2021-10-21 02:20:12,69800.0,900.0,90600.0
848,2021-10-21 02:19:53,69800.0,100.0,89700.0
849,2021-10-21 02:19:51,69700.0,200.0,89600.0
850,2021-10-21 02:19:48,69700.0,500.0,89400.0
851,2021-10-21 02:19:45,69800.0,1000.0,88900.0
852,2021-10-21 02:19:44,69700.0,500.0,87900.0
853,2021-10-21 02:19:32,69700.0,100.0,87400.0
854,2021-10-21 02:19:30,69700.0,300.0,87300.0
855,2021-10-21 02:19:22,69700.0,200.0,87000.0
856,2021-10-21 02:19:22,69700.0,700.0,86800.0
857,2021-10-21 02:19:22,69700.0,1100.0,86100.0
858,2021-10-21 02:19:01,69700.0,100.0,85000.0
859,2021-10-21 02:18:36,69700.0,200.0,84900.0
860,2021-10-21 02:18:26,69500.0,200.0,84700.0
861,2021-10-21 02:18:26,69500.0,400.0,84500.0
862,2021-10-21 02:17:59,69300.0,500.0,84100.0
863,2021-10-21 02:17:55,69500.0,100.0,83600.0
864,2021-10-21 02:17:49,69100.0,900.0,83500.0
865,2021-10-21 02:17:49,69100.0,100.0,82600.0
866,2021-10-21 02:17:49,69100.0,1000.0,82500.0
867,2021-10-21 02:17:42,69100.0,500.0,81500.0
868,2021-10-21 02:17:11,69100.0,500.0,81000.0
869,2021-10-21 02:17:04,69900.0,100.0,80500.0
870,2021-10-21 02:17:04,69900.0,500.0,80400.0
871,2021-10-21 02:17:04,69900.0,2000.0,79900.0
872,2021-10-21 02:17:04,69900.0,1000.0,77900.0
873,2021-10-21 02:17:04,69800.0,200.0,76900.0
874,2021-10-21 02:16:56,69000.0,900.0,76700.0
875,2021-10-21 02:16:56,69000.0,200.0,75800.0
876,2021-10-21 02:16:41,69000.0,200.0,75600.0
877,2021-10-21 02:16:41,69000.0,800.0,75400.0
878,2021-10-21 02:16:37,69000.0,1000.0,74600.0
879,2021-10-21 02:16:27,69000.0,1000.0,73600.0
880,2021-10-21 02:16:24,69000.0,100.0,72600.0
881,2021-10-21 02:16:10,69000.0,300.0,72500.0
882,2021-10-21 02:16:10,69000.0,300.0,72200.0
883,2021-10-21 02:16:10,69000.0,1000.0,71900.0
884,2021-10-21 02:16:10,69000.0,3500.0,70900.0
885,2021-10-21 02:16:10,69000.0,1000.0,67400.0
886,2021-10-21 02:16:10,69000.0,1000.0,66400.0
887,2021-10-21 02:15:00,69900.0,1000.0,65400.0
888,2021-10-21 02:15:00,69900.0,100.0,64400.0
889,2021-10-21 02:15:00,69900.0,700.0,64300.0
890,2021-10-21 02:15:00,69900.0,800.0,63600.0
891,2021-10-21 02:15:00,69900.0,1000.0,62800.0
892,2021-10-21 02:15:00,69900.0,100.0,61800.0
893,2021-10-21 02:15:00,69900.0,300.0,61700.0
894,2021-10-21 02:15:00,69900.0,700.0,61400.0
895,2021-10-21 02:15:00,69900.0,2700.0,60700.0
896,2021-10-21 02:15:00,69900.0,500.0,58000.0
897,2021-10-21 02:15:00,69900.0,200.0,57500.0
898,2021-10-21 02:15:00,69900.0,900.0,57300.0
899,2021-10-21 02:15:00,69900.0,10000.0,56400.0
900,2021-10-21 02:15:00,69900.0,100.0,46400.0
901,2021-10-21 02:15:00,69900.0,600.0,46300.0
902,2021-10-21 02:15:00,69900.0,1000.0,45700.0
903,2021-10-21 02:15:00,69900.0,500.0,44700.0
904,2021-10-21 02:15:00,69900.0,1000.0,44200.0
905,2021-10-21 02:15:00,69900.0,400.0,43200.0
906,2021-10-21 02:15:00,69900.0,400.0,42800.0
907,2021-10-21 02:15:00,69900.0,100.0,42400.0
908,2021-10-21 02:15:00,69900.0,300.0,42300.0
909,2021-10-21 02:15:00,69900.0,200.0,42000.0
910,2021-10-21 02:15:00,69900.0,500.0,41800.0
911,2021-10-21 02:15:00,69900.0,800.0,41300.0
912,2021-10-21 02:15:00,69900.0,300.0,40500.0
913,2021-10-21 02:15:00,69900.0,200.0,40200.0
914,2021-10-21 02:15:00,69900.0,100.0,40000.0
915,2021-10-21 02:15:00,69900.0,3000.0,39900.0
916,2021-10-21 02:15:00,69900.0,3000.0,36900.0
917,2021-10-21 02:15:00,69900.0,100.0,33900.0
918,2021-10-21 02:15:00,69900.0,500.0,33800.0
919,2021-10-21 02:15:00,69900.0,400.0,33300.0
920,2021-10-21 02:15:00,69900.0,300.0,32900.0
921,2021-10-21 02:15:00,69900.0,5700.0,32600.0
922,2021-10-21 02:15:00,69900.0,200.0,26900.0
923,2021-10-21 02:15:00,69900.0,100.0,26700.0
924,2021-10-21 02:15:00,69900.0,200.0,26600.0
925,2021-10-21 02:15:00,69900.0,1000.0,26400.0
926,2021-10-21 02:15:00,69900.0,2500.0,25400.0
927,2021-10-21 02:15:00,69900.0,500.0,22900.0
928,2021-10-21 02:15:00,69900.0,100.0,22400.0
929,2021-10-21 02:15:00,69900.0,500.0,22300.0
930,2021-10-21 02:15:00,69900.0,1000.0,21800.0
931,2021-10-21 02:15:00,69900.0,500.0,20800.0
932,2021-10-21 02:15:00,69900.0,600.0,20300.0
933,2021-10-21 02:15:00,69900.0,1000.0,19700.0
934,2021-10-21 02:15:00,69900.0,200.0,18700.0
935,2021-10-21 02:15:00,69900.0,500.0,18500.0
936,2021-10-21 02:15:00,69900.0,100.0,18000.0
937,2021-10-21 02:15:00,69900.0,1000.0,17900.0
938,2021-10-21 02:15:00,69900.0,300.0,16900.0
939,2021-10-21 02:15:00,69900.0,300.0,16600.0
940,2021-10-21 02:15:00,69900.0,1200.0,16300.0
941,2021-10-21 02:15:00,69900.0,10000.0,15100.0
942,2021-10-21 02:15:00,69900.0,100.0,5100.0
943,2021-10-21 02:15:00,69900.0,400.0,5000.0
944,2021-10-21 02:15:00,69900.0,2600.0,4600.0
945,2021-10-21 02:15:00,69900.0,400.0,2000.0
946,2021-10-21 02:15:00,69900.0,100.0,1600.0
947,2021-10-21 02:15:00,69900.0,1000.0,1500.0
948,2021-10-21 02:15:00,69900.0,400.0,500.0
949,2021-10-21 02:15:00,69900.0,100.0,100.0
