,Time,Price,Volume_per_trade,Volume
0,2021-10-06 14:45:02,25200.0,800.0,286401.0
1,2021-10-06 14:23:10,25200.0,100.0,285601.0
2,2021-10-06 14:22:59,25200.0,2000.0,285501.0
3,2021-10-06 14:14:42,25200.0,800.0,283501.0
4,2021-10-06 14:12:03,25300.0,6000.0,282701.0
5,2021-10-06 14:05:10,25500.0,200.0,276701.0
6,2021-10-06 14:02:22,25500.0,8900.0,276501.0
7,2021-10-06 13:47:46,25400.0,500.0,267601.0
8,2021-10-06 13:41:17,25400.0,500.0,267101.0
9,2021-10-06 13:35:13,25400.0,300.0,266601.0
10,2021-10-06 13:33:19,25400.0,5000.0,266301.0
11,2021-10-06 13:32:47,25400.0,500.0,261301.0
12,2021-10-06 13:27:19,25400.0,2000.0,260801.0
13,2021-10-06 13:15:07,25400.0,1000.0,258801.0
14,2021-10-06 13:13:12,25400.0,1000.0,257801.0
15,2021-10-06 13:06:34,25400.0,1500.0,256801.0
16,2021-10-06 13:06:31,25500.0,2000.0,255301.0
17,2021-10-06 13:04:28,25500.0,100.0,253301.0
18,2021-10-06 13:03:50,25500.0,100.0,253201.0
19,2021-10-06 13:00:02,25500.0,10000.0,253101.0
20,2021-10-06 11:27:08,25500.0,700.0,243101.0
21,2021-10-06 11:25:55,25500.0,2000.0,242401.0
22,2021-10-06 11:24:18,25400.0,1800.0,240401.0
23,2021-10-06 11:22:16,25300.0,100.0,238601.0
24,2021-10-06 10:58:13,25100.0,1700.0,238501.0
25,2021-10-06 10:57:55,25100.0,5000.0,236801.0
26,2021-10-06 10:56:58,25100.0,100.0,231801.0
27,2021-10-06 10:55:38,25100.0,100.0,231701.0
28,2021-10-06 10:54:59,25100.0,1100.0,231601.0
29,2021-10-06 10:53:17,25300.0,400.0,230501.0
30,2021-10-06 10:46:14,25300.0,100.0,230101.0
31,2021-10-06 10:38:35,25300.0,100.0,230001.0
32,2021-10-06 10:38:05,25300.0,200.0,229901.0
33,2021-10-06 10:36:07,25200.0,400.0,229701.0
34,2021-10-06 10:36:00,25200.0,200.0,229301.0
35,2021-10-06 10:34:30,25200.0,2000.0,229101.0
36,2021-10-06 10:33:46,25200.0,1000.0,227101.0
37,2021-10-06 10:32:55,25200.0,7000.0,226101.0
38,2021-10-06 10:31:46,25400.0,200.0,219101.0
39,2021-10-06 10:31:33,25400.0,200.0,218901.0
40,2021-10-06 10:31:05,25400.0,900.0,218701.0
41,2021-10-06 10:30:51,25400.0,100.0,217801.0
42,2021-10-06 10:29:26,25400.0,7000.0,217701.0
43,2021-10-06 10:29:09,25300.0,100.0,210701.0
44,2021-10-06 10:27:41,25300.0,1900.0,210601.0
45,2021-10-06 10:26:59,25300.0,1000.0,208701.0
46,2021-10-06 10:25:44,25400.0,3000.0,207701.0
47,2021-10-06 10:24:09,25400.0,4800.0,204701.0
48,2021-10-06 10:23:00,25500.0,500.0,199901.0
49,2021-10-06 10:22:28,25500.0,1000.0,199401.0
50,2021-10-06 10:21:19,25500.0,200.0,198401.0
51,2021-10-06 10:19:36,25500.0,500.0,198201.0
52,2021-10-06 10:19:04,25500.0,1000.0,197701.0
53,2021-10-06 10:18:50,25500.0,500.0,196701.0
54,2021-10-06 10:18:15,25500.0,600.0,196201.0
55,2021-10-06 10:17:52,25500.0,2000.0,195601.0
56,2021-10-06 10:17:46,25500.0,100.0,193601.0
57,2021-10-06 10:17:44,25500.0,500.0,193501.0
58,2021-10-06 10:16:21,25500.0,2300.0,193001.0
59,2021-10-06 10:16:04,25500.0,300.0,190701.0
60,2021-10-06 10:15:07,25500.0,8000.0,190401.0
61,2021-10-06 10:12:28,25400.0,500.0,182401.0
62,2021-10-06 10:11:38,25400.0,1000.0,181901.0
63,2021-10-06 10:11:09,25500.0,4300.0,180901.0
64,2021-10-06 10:09:51,25500.0,800.0,176601.0
65,2021-10-06 10:09:27,25500.0,300.0,175801.0
66,2021-10-06 10:09:14,25500.0,100.0,175501.0
67,2021-10-06 10:09:03,25500.0,100.0,175401.0
68,2021-10-06 10:08:58,25500.0,3100.0,175301.0
69,2021-10-06 10:08:52,25500.0,400.0,172201.0
70,2021-10-06 10:08:40,25500.0,200.0,171801.0
71,2021-10-06 10:07:58,25400.0,500.0,171601.0
72,2021-10-06 10:05:45,25300.0,1.0,171101.0
73,2021-10-06 10:05:17,25300.0,700.0,171100.0
74,2021-10-06 10:05:12,25300.0,1000.0,170400.0
75,2021-10-06 10:04:48,25300.0,2100.0,169400.0
76,2021-10-06 10:03:58,25200.0,1700.0,167300.0
77,2021-10-06 10:03:52,25200.0,100.0,165600.0
78,2021-10-06 10:03:50,25200.0,500.0,165500.0
79,2021-10-06 10:03:48,25200.0,1900.0,165000.0
80,2021-10-06 10:03:43,25200.0,100.0,163100.0
81,2021-10-06 10:03:42,25200.0,500.0,163000.0
82,2021-10-06 10:03:39,25200.0,200.0,162500.0
83,2021-10-06 10:03:30,25200.0,800.0,162300.0
84,2021-10-06 10:03:26,25200.0,1300.0,161500.0
85,2021-10-06 10:03:22,25200.0,1600.0,160200.0
86,2021-10-06 10:03:15,25200.0,1000.0,158600.0
87,2021-10-06 10:02:59,25200.0,100.0,157600.0
88,2021-10-06 10:02:51,25200.0,2000.0,157500.0
89,2021-10-06 10:02:12,25100.0,1300.0,155500.0
90,2021-10-06 10:02:10,25100.0,400.0,154200.0
91,2021-10-06 10:02:04,25100.0,600.0,153800.0
92,2021-10-06 10:02:03,25100.0,500.0,153200.0
93,2021-10-06 10:01:44,25000.0,900.0,152700.0
94,2021-10-06 10:01:40,25000.0,100.0,151800.0
95,2021-10-06 10:01:35,25000.0,15000.0,151700.0
96,2021-10-06 10:01:26,24900.0,2600.0,136700.0
97,2021-10-06 10:01:11,24900.0,1300.0,134100.0
98,2021-10-06 09:59:54,24800.0,3500.0,132800.0
99,2021-10-06 09:58:07,24800.0,3000.0,129300.0
100,2021-10-06 09:57:43,24600.0,300.0,126300.0
101,2021-10-06 09:57:41,24500.0,700.0,126000.0
102,2021-10-06 09:57:11,24600.0,600.0,125300.0
103,2021-10-06 09:57:00,24600.0,1700.0,124700.0
104,2021-10-06 09:56:59,24600.0,1000.0,123000.0
105,2021-10-06 09:56:43,24500.0,200.0,122000.0
106,2021-10-06 09:56:39,24500.0,600.0,121800.0
107,2021-10-06 09:56:29,24500.0,2600.0,121200.0
108,2021-10-06 09:56:11,24500.0,2200.0,118600.0
109,2021-10-06 09:56:03,24400.0,400.0,116400.0
110,2021-10-06 09:53:22,24300.0,1100.0,116000.0
111,2021-10-06 09:50:40,24300.0,400.0,114900.0
112,2021-10-06 09:50:35,24200.0,1000.0,114500.0
113,2021-10-06 09:50:15,24300.0,500.0,113500.0
114,2021-10-06 09:48:22,24300.0,1300.0,113000.0
115,2021-10-06 09:48:08,24300.0,1000.0,111700.0
116,2021-10-06 09:46:47,24300.0,1000.0,110700.0
117,2021-10-06 09:46:30,24300.0,9000.0,109700.0
118,2021-10-06 09:45:56,24200.0,100.0,100700.0
119,2021-10-06 09:45:52,24200.0,1000.0,100600.0
120,2021-10-06 09:45:47,24200.0,500.0,99600.0
121,2021-10-06 09:45:19,24200.0,500.0,99100.0
122,2021-10-06 09:45:08,24200.0,1900.0,98600.0
123,2021-10-06 09:44:15,24100.0,3100.0,96700.0
124,2021-10-06 09:40:30,24000.0,200.0,93600.0
125,2021-10-06 09:33:38,24000.0,500.0,93400.0
126,2021-10-06 09:27:33,24000.0,2000.0,92900.0
127,2021-10-06 09:26:24,24000.0,1000.0,90900.0
128,2021-10-06 09:18:22,24000.0,1600.0,89900.0
129,2021-10-06 09:18:11,24000.0,300.0,88300.0
130,2021-10-06 09:17:59,24000.0,200.0,88000.0
131,2021-10-06 09:17:38,24000.0,1600.0,87800.0
132,2021-10-06 09:16:14,24000.0,100.0,86200.0
133,2021-10-06 09:15:39,23900.0,800.0,86100.0
134,2021-10-06 09:09:40,23900.0,10000.0,85300.0
135,2021-10-06 09:08:45,23900.0,3000.0,75300.0
136,2021-10-06 09:05:58,23900.0,60000.0,72300.0
137,2021-10-06 09:05:42,23900.0,10000.0,12300.0
138,2021-10-06 09:03:44,23900.0,2300.0,2300.0
