,Time,Price,Volume_per_trade,Volume
0,2021-10-17 07:45:01,16900.0,100.0,159700.0
1,2021-10-17 07:45:01,16900.0,200.0,159600.0
2,2021-10-17 07:45:01,16900.0,200.0,159400.0
3,2021-10-17 07:45:01,16900.0,400.0,159200.0
4,2021-10-17 07:45:01,16900.0,100.0,158800.0
5,2021-10-17 07:45:01,16900.0,100.0,158700.0
6,2021-10-17 07:45:01,16900.0,200.0,158600.0
7,2021-10-17 07:21:38,16900.0,100.0,158400.0
8,2021-10-17 07:20:52,16850.0,500.0,158300.0
9,2021-10-17 07:20:46,16850.0,100.0,157800.0
10,2021-10-17 07:20:46,16850.0,100.0,157700.0
11,2021-10-17 07:20:10,16850.0,500.0,157600.0
12,2021-10-17 07:20:10,16850.0,1000.0,157100.0
13,2021-10-17 07:20:10,16850.0,100.0,156100.0
14,2021-10-17 07:20:10,16850.0,300.0,156000.0
15,2021-10-17 07:19:50,16900.0,200.0,155700.0
16,2021-10-17 07:19:22,16900.0,200.0,155500.0
17,2021-10-17 07:19:18,16900.0,200.0,155300.0
18,2021-10-17 07:19:18,16900.0,100.0,155100.0
19,2021-10-17 07:18:49,16900.0,100.0,155000.0
20,2021-10-17 07:18:43,16850.0,700.0,154900.0
21,2021-10-17 07:18:43,16850.0,200.0,154200.0
22,2021-10-17 07:18:43,16850.0,100.0,154000.0
23,2021-10-17 07:18:21,16900.0,100.0,153900.0
24,2021-10-17 07:18:21,16900.0,300.0,153800.0
25,2021-10-17 07:18:21,16900.0,100.0,153500.0
26,2021-10-17 07:18:21,16900.0,100.0,153400.0
27,2021-10-17 07:18:21,16900.0,100.0,153300.0
28,2021-10-17 07:18:21,16900.0,100.0,153200.0
29,2021-10-17 07:18:21,16900.0,300.0,153100.0
30,2021-10-17 07:18:21,16900.0,800.0,152800.0
31,2021-10-17 07:16:47,16950.0,500.0,152000.0
32,2021-10-17 07:16:35,16950.0,100.0,151500.0
33,2021-10-17 07:16:18,16950.0,200.0,151400.0
34,2021-10-17 07:16:18,16950.0,100.0,151200.0
35,2021-10-17 07:16:09,17000.0,500.0,151100.0
36,2021-10-17 07:11:41,16950.0,100.0,150600.0
37,2021-10-17 07:11:41,16950.0,100.0,150500.0
38,2021-10-17 07:11:41,16950.0,200.0,150400.0
39,2021-10-17 07:11:41,16950.0,200.0,150200.0
40,2021-10-17 07:11:41,16950.0,100.0,150000.0
41,2021-10-17 07:11:41,16950.0,300.0,149900.0
42,2021-10-17 07:08:48,17000.0,500.0,149600.0
43,2021-10-17 07:07:00,17000.0,500.0,149100.0
44,2021-10-17 07:04:36,17000.0,500.0,148600.0
45,2021-10-17 07:04:27,17000.0,300.0,148100.0
46,2021-10-17 07:04:27,17000.0,100.0,147800.0
47,2021-10-17 07:03:08,17000.0,100.0,147700.0
48,2021-10-17 07:00:31,17000.0,800.0,147600.0
49,2021-10-17 06:57:23,17000.0,300.0,146800.0
50,2021-10-17 06:56:09,17000.0,100.0,146500.0
51,2021-10-17 06:55:56,17000.0,100.0,146400.0
52,2021-10-17 06:55:56,17000.0,100.0,146300.0
53,2021-10-17 06:55:28,16900.0,200.0,146200.0
54,2021-10-17 06:55:28,16900.0,500.0,146000.0
55,2021-10-17 06:55:28,16900.0,200.0,145500.0
56,2021-10-17 06:55:28,16900.0,100.0,145300.0
57,2021-10-17 06:55:28,16900.0,1200.0,145200.0
58,2021-10-17 06:55:28,16900.0,200.0,144000.0
59,2021-10-17 06:55:28,16900.0,100.0,143800.0
60,2021-10-17 06:55:28,16900.0,2000.0,143700.0
61,2021-10-17 06:55:28,16900.0,500.0,141700.0
62,2021-10-17 06:55:28,16900.0,1700.0,141200.0
63,2021-10-17 06:55:28,16900.0,500.0,139500.0
64,2021-10-17 06:55:28,16900.0,400.0,139000.0
65,2021-10-17 06:55:11,16950.0,1000.0,138600.0
66,2021-10-17 06:55:11,16950.0,2000.0,137600.0
67,2021-10-17 06:55:11,16950.0,1000.0,135600.0
68,2021-10-17 06:55:11,16950.0,500.0,134600.0
69,2021-10-17 06:55:11,16950.0,500.0,134100.0
70,2021-10-17 06:55:11,16950.0,1400.0,133600.0
71,2021-10-17 06:52:31,17000.0,900.0,132200.0
72,2021-10-17 06:51:54,17000.0,800.0,131300.0
73,2021-10-17 06:51:54,17000.0,300.0,130500.0
74,2021-10-17 06:47:41,17000.0,200.0,130200.0
75,2021-10-17 06:47:41,17000.0,200.0,130000.0
76,2021-10-17 06:47:41,17000.0,300.0,129800.0
77,2021-10-17 06:47:30,17000.0,1000.0,129500.0
78,2021-10-17 06:45:37,17000.0,500.0,128500.0
79,2021-10-17 06:44:09,17050.0,500.0,128000.0
80,2021-10-17 06:42:17,17050.0,200.0,127500.0
81,2021-10-17 06:42:09,17050.0,400.0,127300.0
82,2021-10-17 06:42:09,17050.0,400.0,126900.0
83,2021-10-17 06:40:42,17050.0,200.0,126500.0
84,2021-10-17 06:39:05,17000.0,100.0,126300.0
85,2021-10-17 06:38:59,17000.0,100.0,126200.0
86,2021-10-17 06:38:59,17000.0,500.0,126100.0
87,2021-10-17 06:36:51,17000.0,100.0,125600.0
88,2021-10-17 06:32:56,17100.0,100.0,125500.0
89,2021-10-17 06:28:02,16950.0,500.0,125400.0
90,2021-10-17 06:28:02,17000.0,300.0,124900.0
91,2021-10-17 06:28:02,17000.0,1000.0,124600.0
92,2021-10-17 06:28:02,17000.0,2000.0,123600.0
93,2021-10-17 06:28:02,17000.0,1200.0,121600.0
94,2021-10-17 06:25:38,17050.0,100.0,120400.0
95,2021-10-17 06:21:53,17050.0,300.0,120300.0
96,2021-10-17 06:21:17,17050.0,2000.0,120000.0
97,2021-10-17 06:20:59,17050.0,300.0,118000.0
98,2021-10-17 06:20:59,17050.0,100.0,117700.0
99,2021-10-17 06:18:50,17050.0,100.0,117600.0
100,2021-10-17 06:14:43,17050.0,400.0,117500.0
101,2021-10-17 06:14:35,17050.0,200.0,117100.0
102,2021-10-17 06:14:26,17050.0,200.0,116900.0
103,2021-10-17 06:14:13,17050.0,200.0,116700.0
104,2021-10-17 06:12:57,17050.0,100.0,116500.0
105,2021-10-17 06:04:25,17050.0,500.0,116400.0
106,2021-10-17 06:03:56,17050.0,100.0,115900.0
107,2021-10-17 06:02:39,17000.0,1000.0,115800.0
108,2021-10-17 06:02:39,17000.0,1000.0,114800.0
109,2021-10-17 06:02:17,17000.0,500.0,113800.0
110,2021-10-17 06:00:28,17000.0,1000.0,113300.0
111,2021-10-17 04:24:58,17000.0,100.0,112300.0
112,2021-10-17 04:24:58,17000.0,100.0,112200.0
113,2021-10-17 04:23:40,16950.0,100.0,112100.0
114,2021-10-17 04:20:21,16950.0,200.0,112000.0
115,2021-10-17 04:19:40,16900.0,600.0,111800.0
116,2021-10-17 04:19:40,16900.0,500.0,111200.0
117,2021-10-17 04:19:40,16900.0,200.0,110700.0
118,2021-10-17 04:19:40,16900.0,100.0,110500.0
119,2021-10-17 04:19:40,16900.0,200.0,110400.0
120,2021-10-17 04:19:40,16900.0,100.0,110200.0
121,2021-10-17 04:19:40,16900.0,400.0,110100.0
122,2021-10-17 04:19:40,16900.0,900.0,109700.0
123,2021-10-17 04:19:17,16900.0,100.0,108800.0
124,2021-10-17 04:19:17,16900.0,200.0,108700.0
125,2021-10-17 04:19:17,16900.0,1000.0,108500.0
126,2021-10-17 04:19:17,16900.0,700.0,107500.0
127,2021-10-17 04:18:59,16950.0,300.0,106800.0
128,2021-10-17 04:17:04,16950.0,200.0,106500.0
129,2021-10-17 04:16:46,16950.0,100.0,106300.0
130,2021-10-17 04:15:03,16950.0,100.0,106200.0
131,2021-10-17 04:14:42,16900.0,4300.0,106100.0
132,2021-10-17 04:14:42,16900.0,100.0,101800.0
133,2021-10-17 04:14:42,16900.0,100.0,101700.0
134,2021-10-17 04:14:42,16900.0,500.0,101600.0
135,2021-10-17 04:13:52,16950.0,100.0,101100.0
136,2021-10-17 04:12:12,16950.0,100.0,101000.0
137,2021-10-17 04:12:12,16950.0,200.0,100900.0
138,2021-10-17 04:12:12,16950.0,1300.0,100700.0
139,2021-10-17 04:12:12,16950.0,500.0,99400.0
140,2021-10-17 04:12:12,16950.0,700.0,98900.0
141,2021-10-17 04:06:07,17000.0,100.0,98200.0
142,2021-10-17 04:04:18,17000.0,500.0,98100.0
143,2021-10-17 04:04:18,17000.0,200.0,97600.0
144,2021-10-17 04:04:18,17000.0,100.0,97400.0
145,2021-10-17 04:04:18,17000.0,300.0,97300.0
146,2021-10-17 03:58:33,17000.0,200.0,97000.0
147,2021-10-17 03:55:17,17100.0,700.0,96800.0
148,2021-10-17 03:55:17,17100.0,1200.0,96100.0
149,2021-10-17 03:54:36,17150.0,600.0,94900.0
150,2021-10-17 03:54:36,17150.0,500.0,94300.0
151,2021-10-17 03:54:36,17150.0,500.0,93800.0
152,2021-10-17 03:54:36,17150.0,10400.0,93300.0
153,2021-10-17 03:54:36,17150.0,1000.0,82900.0
154,2021-10-17 03:54:36,17150.0,1000.0,81900.0
155,2021-10-17 03:54:36,17150.0,1000.0,80900.0
156,2021-10-17 03:49:17,17100.0,1800.0,79900.0
157,2021-10-17 03:49:17,17100.0,100.0,78100.0
158,2021-10-17 03:49:17,17100.0,300.0,78000.0
159,2021-10-17 03:49:17,17100.0,11100.0,77700.0
160,2021-10-17 03:49:17,17000.0,500.0,66600.0
161,2021-10-17 03:44:29,16900.0,2700.0,66100.0
162,2021-10-17 03:42:21,17000.0,300.0,63400.0
163,2021-10-17 03:42:21,17000.0,100.0,63100.0
164,2021-10-17 03:41:30,17000.0,100.0,63000.0
165,2021-10-17 03:34:31,16900.0,2300.0,62900.0
166,2021-10-17 03:34:31,16900.0,200.0,60600.0
167,2021-10-17 03:34:31,16900.0,500.0,60400.0
168,2021-10-17 03:34:31,16900.0,100.0,59900.0
169,2021-10-17 03:34:31,16900.0,300.0,59800.0
170,2021-10-17 03:34:31,16900.0,100.0,59500.0
171,2021-10-17 03:34:31,16900.0,300.0,59400.0
172,2021-10-17 03:34:31,16900.0,500.0,59100.0
173,2021-10-17 03:34:31,16950.0,100.0,58600.0
174,2021-10-17 03:34:31,16950.0,300.0,58500.0
175,2021-10-17 03:34:31,16950.0,300.0,58200.0
176,2021-10-17 03:34:23,17000.0,200.0,57900.0
177,2021-10-17 03:29:08,17000.0,200.0,57700.0
178,2021-10-17 03:28:57,17000.0,300.0,57500.0
179,2021-10-17 03:26:05,17100.0,800.0,57200.0
180,2021-10-17 03:21:38,17100.0,100.0,56400.0
181,2021-10-17 03:20:11,17000.0,100.0,56300.0
182,2021-10-17 03:20:11,17000.0,200.0,56200.0
183,2021-10-17 03:20:11,17000.0,400.0,56000.0
184,2021-10-17 03:19:45,17000.0,100.0,55600.0
185,2021-10-17 03:19:45,17000.0,100.0,55500.0
186,2021-10-17 03:15:20,17000.0,100.0,55400.0
187,2021-10-17 03:10:23,17000.0,100.0,55300.0
188,2021-10-17 03:09:02,17000.0,200.0,55200.0
189,2021-10-17 03:08:37,17000.0,100.0,55000.0
190,2021-10-17 03:08:23,17000.0,100.0,54900.0
191,2021-10-17 03:08:21,17000.0,500.0,54800.0
192,2021-10-17 03:08:21,17000.0,100.0,54300.0
193,2021-10-17 03:08:21,17000.0,300.0,54200.0
194,2021-10-17 03:07:09,17000.0,1000.0,53900.0
195,2021-10-17 03:06:40,17000.0,100.0,52900.0
196,2021-10-17 03:06:40,17000.0,1200.0,52800.0
197,2021-10-17 03:06:40,17000.0,500.0,51600.0
198,2021-10-17 03:06:40,17000.0,1000.0,51100.0
199,2021-10-17 03:06:40,17000.0,400.0,50100.0
200,2021-10-17 03:06:40,17000.0,500.0,49700.0
201,2021-10-17 03:06:40,17000.0,500.0,49200.0
202,2021-10-17 03:06:40,17000.0,2000.0,48700.0
203,2021-10-17 03:06:40,17000.0,2000.0,46700.0
204,2021-10-17 03:06:40,17000.0,200.0,44700.0
205,2021-10-17 03:04:51,17000.0,800.0,44500.0
206,2021-10-17 03:04:51,17000.0,100.0,43700.0
207,2021-10-17 03:04:51,17000.0,200.0,43600.0
208,2021-10-17 03:04:51,17000.0,200.0,43400.0
209,2021-10-17 03:04:51,17000.0,100.0,43200.0
210,2021-10-17 03:03:11,17050.0,1000.0,43100.0
211,2021-10-17 03:03:11,17050.0,200.0,42100.0
212,2021-10-17 03:03:11,17050.0,600.0,41900.0
213,2021-10-17 03:03:11,17050.0,200.0,41300.0
214,2021-10-17 03:03:11,17050.0,100.0,41100.0
215,2021-10-17 03:03:11,17050.0,1000.0,41000.0
216,2021-10-17 03:03:11,17050.0,100.0,40000.0
217,2021-10-17 03:03:11,17050.0,5000.0,39900.0
218,2021-10-17 03:03:11,17050.0,4700.0,34900.0
219,2021-10-17 03:03:11,17100.0,700.0,30200.0
220,2021-10-17 03:01:16,17100.0,500.0,29500.0
221,2021-10-17 02:59:00,17050.0,400.0,29000.0
222,2021-10-17 02:58:00,17150.0,300.0,28600.0
223,2021-10-17 02:57:14,17150.0,100.0,28300.0
224,2021-10-17 02:56:01,17050.0,4900.0,28200.0
225,2021-10-17 02:56:01,17050.0,100.0,23300.0
226,2021-10-17 02:52:58,17100.0,700.0,23200.0
227,2021-10-17 02:52:58,17100.0,800.0,22500.0
228,2021-10-17 02:52:58,17100.0,100.0,21700.0
229,2021-10-17 02:52:58,17100.0,1000.0,21600.0
230,2021-10-17 02:50:25,17150.0,100.0,20600.0
231,2021-10-17 02:47:52,17150.0,500.0,20500.0
232,2021-10-17 02:46:38,17150.0,1700.0,20000.0
233,2021-10-17 02:46:38,17150.0,2900.0,18300.0
234,2021-10-17 02:44:42,17150.0,100.0,15400.0
235,2021-10-17 02:42:01,17100.0,1000.0,15300.0
236,2021-10-17 02:42:01,17100.0,100.0,14300.0
237,2021-10-17 02:36:48,17100.0,100.0,14200.0
238,2021-10-17 02:36:48,17100.0,800.0,14100.0
239,2021-10-17 02:35:59,17100.0,200.0,13300.0
240,2021-10-17 02:35:59,17100.0,400.0,13100.0
241,2021-10-17 02:33:19,17100.0,1000.0,12700.0
242,2021-10-17 02:33:19,17100.0,1500.0,11700.0
243,2021-10-17 02:32:51,17100.0,500.0,10200.0
244,2021-10-17 02:32:51,17100.0,2000.0,9700.0
245,2021-10-17 02:32:06,17150.0,1600.0,7700.0
246,2021-10-17 02:29:29,17150.0,100.0,6100.0
247,2021-10-17 02:29:29,17150.0,100.0,6000.0
248,2021-10-17 02:26:41,17150.0,100.0,5900.0
249,2021-10-17 02:26:41,17150.0,1300.0,5800.0
250,2021-10-17 02:26:26,17150.0,200.0,4500.0
251,2021-10-17 02:26:06,17150.0,200.0,4300.0
252,2021-10-17 02:16:28,17050.0,100.0,4100.0
253,2021-10-17 02:15:00,17000.0,100.0,4000.0
254,2021-10-17 02:15:00,17000.0,100.0,3900.0
255,2021-10-17 02:15:00,17000.0,400.0,3800.0
256,2021-10-17 02:15:00,17000.0,100.0,3400.0
257,2021-10-17 02:15:00,17000.0,300.0,3300.0
258,2021-10-17 02:15:00,17000.0,500.0,3000.0
259,2021-10-17 02:15:00,17000.0,2000.0,2500.0
260,2021-10-17 02:15:00,17000.0,500.0,500.0
