,Time,Price,Volume_per_trade,Volume
0,2021-10-05 07:45:00,17100.0,500.0,569800.0
1,2021-10-05 07:24:09,17100.0,200.0,569300.0
2,2021-10-05 07:24:08,17100.0,100.0,569100.0
3,2021-10-05 07:24:08,17100.0,500.0,569000.0
4,2021-10-05 07:24:08,17100.0,100.0,568500.0
5,2021-10-05 07:24:08,17100.0,500.0,568400.0
6,2021-10-05 07:24:08,17100.0,300.0,567900.0
7,2021-10-05 07:24:08,17100.0,1000.0,567600.0
8,2021-10-05 07:24:08,17100.0,2000.0,566600.0
9,2021-10-05 07:24:08,17100.0,200.0,564600.0
10,2021-10-05 07:24:08,17100.0,100.0,564400.0
11,2021-10-05 07:24:08,17100.0,500.0,564300.0
12,2021-10-05 07:24:08,17100.0,100.0,563800.0
13,2021-10-05 07:24:08,17100.0,200.0,563700.0
14,2021-10-05 07:24:08,17100.0,200.0,563500.0
15,2021-10-05 07:24:08,17100.0,400.0,563300.0
16,2021-10-05 07:24:08,17100.0,200.0,562900.0
17,2021-10-05 07:24:08,17100.0,400.0,562700.0
18,2021-10-05 07:24:08,17100.0,100.0,562300.0
19,2021-10-05 07:24:08,17100.0,500.0,562200.0
20,2021-10-05 07:24:08,17100.0,2600.0,561700.0
21,2021-10-05 07:21:04,17100.0,10000.0,559100.0
22,2021-10-05 07:18:53,17100.0,200.0,549100.0
23,2021-10-05 07:06:58,17100.0,300.0,548900.0
24,2021-10-05 07:04:58,17100.0,100.0,548600.0
25,2021-10-05 06:57:23,17100.0,100.0,548500.0
26,2021-10-05 06:54:28,17100.0,100.0,548400.0
27,2021-10-05 06:49:57,17100.0,600.0,548300.0
28,2021-10-05 06:49:57,17100.0,2800.0,547700.0
29,2021-10-05 06:49:38,17100.0,100.0,544900.0
30,2021-10-05 06:47:48,17100.0,600.0,544800.0
31,2021-10-05 06:47:43,17100.0,100.0,544200.0
32,2021-10-05 06:44:43,17100.0,100.0,544100.0
33,2021-10-05 06:44:43,17100.0,100.0,544000.0
34,2021-10-05 06:44:43,17100.0,100.0,543900.0
35,2021-10-05 06:44:43,17100.0,100.0,543800.0
36,2021-10-05 06:44:43,17100.0,200.0,543700.0
37,2021-10-05 06:44:43,17100.0,1200.0,543500.0
38,2021-10-05 06:44:43,17100.0,400.0,542300.0
39,2021-10-05 06:44:43,17100.0,300.0,541900.0
40,2021-10-05 06:44:43,17100.0,13900.0,541600.0
41,2021-10-05 06:44:42,17100.0,1000.0,527700.0
42,2021-10-05 06:44:32,17100.0,5100.0,526700.0
43,2021-10-05 06:44:32,17100.0,900.0,521600.0
44,2021-10-05 06:44:32,17100.0,1000.0,520700.0
45,2021-10-05 06:44:32,17100.0,3000.0,519700.0
46,2021-10-05 06:44:28,17100.0,200.0,516700.0
47,2021-10-05 06:43:25,17100.0,1800.0,516500.0
48,2021-10-05 06:43:25,17100.0,200.0,514700.0
49,2021-10-05 06:43:19,17050.0,1000.0,514500.0
50,2021-10-05 06:43:19,17050.0,200.0,513500.0
51,2021-10-05 06:43:19,17050.0,500.0,513300.0
52,2021-10-05 06:43:19,17050.0,100.0,512800.0
53,2021-10-05 06:43:19,17050.0,300.0,512700.0
54,2021-10-05 06:43:19,17050.0,900.0,512400.0
55,2021-10-05 06:43:02,17050.0,300.0,511500.0
56,2021-10-05 06:40:41,17100.0,500.0,511200.0
57,2021-10-05 06:40:28,17050.0,200.0,510700.0
58,2021-10-05 06:39:25,17050.0,100.0,510500.0
59,2021-10-05 06:36:26,17100.0,5100.0,510400.0
60,2021-10-05 06:35:46,17100.0,500.0,505300.0
61,2021-10-05 06:35:30,17050.0,1500.0,504800.0
62,2021-10-05 06:33:52,17050.0,100.0,503300.0
63,2021-10-05 06:33:52,17050.0,100.0,503200.0
64,2021-10-05 06:33:52,17050.0,300.0,503100.0
65,2021-10-05 06:33:39,17100.0,300.0,502800.0
66,2021-10-05 06:32:05,17100.0,800.0,502500.0
67,2021-10-05 06:32:05,17100.0,1000.0,501700.0
68,2021-10-05 06:32:05,17100.0,100.0,500700.0
69,2021-10-05 06:32:05,17100.0,500.0,500600.0
70,2021-10-05 06:32:05,17100.0,300.0,500100.0
71,2021-10-05 06:32:05,17050.0,2300.0,499800.0
72,2021-10-05 06:31:56,17050.0,100.0,497500.0
73,2021-10-05 06:31:56,17050.0,600.0,497400.0
74,2021-10-05 06:31:38,17050.0,1000.0,496800.0
75,2021-10-05 06:30:47,17050.0,300.0,495800.0
76,2021-10-05 06:30:33,17100.0,100.0,495500.0
77,2021-10-05 06:30:12,17050.0,18100.0,495400.0
78,2021-10-05 06:30:09,17050.0,1900.0,477300.0
79,2021-10-05 06:29:20,17050.0,18100.0,475400.0
80,2021-10-05 06:29:15,17050.0,1000.0,457300.0
81,2021-10-05 06:29:15,17050.0,100.0,456300.0
82,2021-10-05 06:29:15,17050.0,300.0,456200.0
83,2021-10-05 06:29:15,17050.0,500.0,455900.0
84,2021-10-05 06:28:35,17100.0,400.0,455400.0
85,2021-10-05 06:28:35,17100.0,1000.0,455000.0
86,2021-10-05 06:28:35,17100.0,3600.0,454000.0
87,2021-10-05 06:28:08,17100.0,300.0,450400.0
88,2021-10-05 06:27:12,17100.0,100.0,450100.0
89,2021-10-05 06:27:12,17100.0,300.0,450000.0
90,2021-10-05 06:26:40,17100.0,100.0,449700.0
91,2021-10-05 06:26:39,17100.0,200.0,449600.0
92,2021-10-05 06:26:31,17100.0,100.0,449400.0
93,2021-10-05 06:23:46,17050.0,200.0,449300.0
94,2021-10-05 06:23:29,17100.0,300.0,449100.0
95,2021-10-05 06:23:29,17100.0,200.0,448800.0
96,2021-10-05 06:23:29,17100.0,200.0,448600.0
97,2021-10-05 06:23:29,17100.0,300.0,448400.0
98,2021-10-05 06:22:55,17100.0,700.0,448100.0
99,2021-10-05 06:22:55,17100.0,300.0,447400.0
100,2021-10-05 06:22:49,17050.0,2000.0,447100.0
101,2021-10-05 06:22:49,17050.0,300.0,445100.0
102,2021-10-05 06:22:37,17050.0,100.0,444800.0
103,2021-10-05 06:21:30,17100.0,1000.0,444700.0
104,2021-10-05 06:21:17,17100.0,700.0,443700.0
105,2021-10-05 06:21:17,17100.0,300.0,443000.0
106,2021-10-05 06:21:07,17050.0,2000.0,442700.0
107,2021-10-05 06:21:07,17050.0,400.0,440700.0
108,2021-10-05 06:21:03,17050.0,10000.0,440300.0
109,2021-10-05 06:20:57,17000.0,8000.0,430300.0
110,2021-10-05 06:20:47,17050.0,17000.0,422300.0
111,2021-10-05 06:20:38,17050.0,23000.0,405300.0
112,2021-10-05 06:20:38,17050.0,1600.0,382300.0
113,2021-10-05 06:20:38,17050.0,5400.0,380700.0
114,2021-10-05 06:20:27,17000.0,1000.0,375300.0
115,2021-10-05 06:20:14,17050.0,6000.0,374300.0
116,2021-10-05 06:20:09,17050.0,3000.0,368300.0
117,2021-10-05 06:20:05,17050.0,17000.0,365300.0
118,2021-10-05 06:19:54,17050.0,18600.0,348300.0
119,2021-10-05 06:19:54,17050.0,1000.0,329700.0
120,2021-10-05 06:19:54,17050.0,5400.0,328700.0
121,2021-10-05 06:19:38,17050.0,1000.0,323300.0
122,2021-10-05 06:19:35,17050.0,20000.0,322300.0
123,2021-10-05 06:19:13,17050.0,15000.0,302300.0
124,2021-10-05 06:19:02,17050.0,9800.0,287300.0
125,2021-10-05 06:18:55,17050.0,16800.0,277500.0
126,2021-10-05 06:18:55,17050.0,100.0,260700.0
127,2021-10-05 06:18:55,17050.0,300.0,260600.0
128,2021-10-05 06:18:55,17050.0,100.0,260300.0
129,2021-10-05 06:18:55,17050.0,1000.0,260200.0
130,2021-10-05 06:18:55,17050.0,1700.0,259200.0
131,2021-10-05 06:17:49,17050.0,100.0,257500.0
132,2021-10-05 06:17:49,17050.0,400.0,257400.0
133,2021-10-05 06:17:41,17050.0,500.0,257000.0
134,2021-10-05 06:17:06,17000.0,500.0,256500.0
135,2021-10-05 06:16:24,17000.0,1000.0,256000.0
136,2021-10-05 06:14:04,17000.0,2000.0,255000.0
137,2021-10-05 06:13:24,17000.0,1000.0,253000.0
138,2021-10-05 06:12:43,17000.0,1000.0,252000.0
139,2021-10-05 06:11:46,17000.0,500.0,251000.0
140,2021-10-05 06:11:31,17000.0,1000.0,250500.0
141,2021-10-05 06:11:02,17000.0,100.0,249500.0
142,2021-10-05 06:10:56,17000.0,100.0,249400.0
143,2021-10-05 06:10:56,17000.0,600.0,249300.0
144,2021-10-05 06:10:53,17000.0,100.0,248700.0
145,2021-10-05 06:10:32,17000.0,200.0,248600.0
146,2021-10-05 06:09:13,17000.0,500.0,248400.0
147,2021-10-05 06:08:49,17000.0,100.0,247900.0
148,2021-10-05 06:08:05,17000.0,200.0,247800.0
149,2021-10-05 06:04:39,17000.0,300.0,247600.0
150,2021-10-05 06:04:39,17000.0,200.0,247300.0
151,2021-10-05 06:03:19,17000.0,400.0,247100.0
152,2021-10-05 06:02:25,17000.0,200.0,246700.0
153,2021-10-05 06:02:08,17000.0,100.0,246500.0
154,2021-10-05 06:02:08,17000.0,400.0,246400.0
155,2021-10-05 06:02:02,17000.0,200.0,246000.0
156,2021-10-05 06:02:02,17000.0,200.0,245800.0
157,2021-10-05 06:01:54,17000.0,1500.0,245600.0
158,2021-10-05 06:01:34,17000.0,1000.0,244100.0
159,2021-10-05 06:00:55,17050.0,100.0,243100.0
160,2021-10-05 06:00:40,17050.0,500.0,243000.0
161,2021-10-05 06:00:32,17050.0,5000.0,242500.0
162,2021-10-05 06:00:26,17000.0,100.0,237500.0
163,2021-10-05 06:00:11,17000.0,100.0,237400.0
164,2021-10-05 06:00:09,17000.0,1000.0,237300.0
165,2021-10-05 06:00:05,17000.0,1000.0,236300.0
166,2021-10-05 06:00:04,17000.0,100.0,235300.0
167,2021-10-05 06:00:04,17000.0,400.0,235200.0
168,2021-10-05 06:00:03,17000.0,200.0,234800.0
169,2021-10-05 06:00:02,17000.0,100.0,234600.0
170,2021-10-05 06:00:01,17000.0,100.0,234500.0
171,2021-10-05 06:00:01,17000.0,200.0,234400.0
172,2021-10-05 06:00:01,17000.0,100.0,234200.0
173,2021-10-05 06:00:01,17000.0,200.0,234100.0
174,2021-10-05 06:00:01,17000.0,100.0,233900.0
175,2021-10-05 06:00:01,17000.0,1000.0,233800.0
176,2021-10-05 06:00:01,17000.0,200.0,232800.0
177,2021-10-05 04:29:11,17000.0,1000.0,232600.0
178,2021-10-05 04:29:11,17000.0,400.0,231600.0
179,2021-10-05 04:29:11,17000.0,300.0,231200.0
180,2021-10-05 04:28:18,17100.0,700.0,230900.0
181,2021-10-05 04:28:18,17100.0,1000.0,230200.0
182,2021-10-05 04:28:18,17100.0,300.0,229200.0
183,2021-10-05 04:28:00,17100.0,200.0,228900.0
184,2021-10-05 04:27:51,17050.0,15000.0,228700.0
185,2021-10-05 04:27:50,17000.0,300.0,213700.0
186,2021-10-05 04:27:28,17000.0,100.0,213400.0
187,2021-10-05 04:27:18,17000.0,400.0,213300.0
188,2021-10-05 04:27:16,17000.0,400.0,212900.0
189,2021-10-05 04:27:10,17000.0,200.0,212500.0
190,2021-10-05 04:27:09,17000.0,100.0,212300.0
191,2021-10-05 04:26:57,17000.0,800.0,212200.0
192,2021-10-05 04:26:57,17000.0,500.0,211400.0
193,2021-10-05 04:26:57,17000.0,600.0,210900.0
194,2021-10-05 04:26:57,17000.0,1000.0,210300.0
195,2021-10-05 04:26:57,17000.0,300.0,209300.0
196,2021-10-05 04:26:57,17000.0,300.0,209000.0
197,2021-10-05 04:26:57,17000.0,200.0,208700.0
198,2021-10-05 04:26:57,17000.0,1000.0,208500.0
199,2021-10-05 04:26:57,17000.0,200.0,207500.0
200,2021-10-05 04:26:57,17000.0,300.0,207300.0
201,2021-10-05 04:26:27,17000.0,300.0,207000.0
202,2021-10-05 04:24:39,16650.0,100.0,206700.0
203,2021-10-05 04:24:32,16700.0,100.0,206600.0
204,2021-10-05 04:24:32,16700.0,700.0,206500.0
205,2021-10-05 04:24:32,16700.0,100.0,205800.0
206,2021-10-05 04:24:32,16700.0,100.0,205700.0
207,2021-10-05 04:23:56,16650.0,1000.0,205600.0
208,2021-10-05 04:23:53,16600.0,100.0,204600.0
209,2021-10-05 04:23:53,16600.0,1000.0,204500.0
210,2021-10-05 04:23:53,16600.0,1000.0,203500.0
211,2021-10-05 04:23:53,16600.0,200.0,202500.0
212,2021-10-05 04:23:47,16600.0,200.0,202300.0
213,2021-10-05 04:23:43,16600.0,100.0,202100.0
214,2021-10-05 04:23:37,16500.0,100.0,202000.0
215,2021-10-05 04:23:11,16500.0,800.0,201900.0
216,2021-10-05 04:23:11,16500.0,800.0,201100.0
217,2021-10-05 04:23:11,16500.0,500.0,200300.0
218,2021-10-05 04:23:11,16500.0,100.0,199800.0
219,2021-10-05 04:23:11,16500.0,100.0,199700.0
220,2021-10-05 04:23:11,16500.0,300.0,199600.0
221,2021-10-05 04:23:11,16500.0,200.0,199300.0
222,2021-10-05 04:23:11,16500.0,100.0,199100.0
223,2021-10-05 04:22:37,16500.0,100.0,199000.0
224,2021-10-05 04:21:13,16500.0,200.0,198900.0
225,2021-10-05 04:20:44,16500.0,100.0,198700.0
226,2021-10-05 04:18:33,16400.0,100.0,198600.0
227,2021-10-05 04:18:03,16400.0,1000.0,198500.0
228,2021-10-05 04:17:49,16400.0,1000.0,197500.0
229,2021-10-05 04:17:36,16400.0,1000.0,196500.0
230,2021-10-05 04:17:36,16400.0,200.0,195500.0
231,2021-10-05 04:17:10,16400.0,500.0,195300.0
232,2021-10-05 04:17:10,16400.0,100.0,194800.0
233,2021-10-05 04:17:10,16400.0,400.0,194700.0
234,2021-10-05 04:16:57,16400.0,100.0,194300.0
235,2021-10-05 04:13:06,16400.0,1000.0,194200.0
236,2021-10-05 04:09:42,16300.0,100.0,193200.0
237,2021-10-05 03:59:01,16300.0,800.0,193100.0
238,2021-10-05 03:59:01,16300.0,200.0,192300.0
239,2021-10-05 03:58:50,16300.0,1000.0,192100.0
240,2021-10-05 03:55:04,16300.0,200.0,191100.0
241,2021-10-05 03:54:29,16300.0,100.0,190900.0
242,2021-10-05 03:50:38,16300.0,300.0,190800.0
243,2021-10-05 03:50:38,16300.0,200.0,190500.0
244,2021-10-05 03:50:17,16350.0,100.0,190300.0
245,2021-10-05 03:50:16,16350.0,100.0,190200.0
246,2021-10-05 03:50:08,16350.0,1300.0,190100.0
247,2021-10-05 03:49:54,16350.0,100.0,188800.0
248,2021-10-05 03:49:37,16350.0,900.0,188700.0
249,2021-10-05 03:49:15,16350.0,500.0,187800.0
250,2021-10-05 03:49:15,16350.0,1000.0,187300.0
251,2021-10-05 03:49:15,16350.0,1000.0,186300.0
252,2021-10-05 03:49:15,16350.0,500.0,185300.0
253,2021-10-05 03:48:32,16250.0,1600.0,184800.0
254,2021-10-05 03:47:28,16300.0,100.0,183200.0
255,2021-10-05 03:44:36,16300.0,200.0,183100.0
256,2021-10-05 03:44:36,16300.0,100.0,182900.0
257,2021-10-05 03:44:36,16300.0,100.0,182800.0
258,2021-10-05 03:44:36,16300.0,600.0,182700.0
259,2021-10-05 03:44:36,16300.0,700.0,182100.0
260,2021-10-05 03:43:29,16300.0,100.0,181400.0
261,2021-10-05 03:43:18,16250.0,100.0,181300.0
262,2021-10-05 03:43:18,16250.0,300.0,181200.0
263,2021-10-05 03:42:04,16250.0,200.0,180900.0
264,2021-10-05 03:38:02,16250.0,1000.0,180700.0
265,2021-10-05 03:37:33,16250.0,1000.0,179700.0
266,2021-10-05 03:36:52,16200.0,200.0,178700.0
267,2021-10-05 03:36:30,16250.0,100.0,178500.0
268,2021-10-05 03:35:40,16250.0,700.0,178400.0
269,2021-10-05 03:30:54,16250.0,1200.0,177700.0
270,2021-10-05 03:30:34,16250.0,1000.0,176500.0
271,2021-10-05 03:26:28,16300.0,200.0,175500.0
272,2021-10-05 03:26:28,16300.0,200.0,175300.0
273,2021-10-05 03:26:28,16300.0,600.0,175100.0
274,2021-10-05 03:22:55,16200.0,400.0,174500.0
275,2021-10-05 03:22:55,16200.0,2000.0,174100.0
276,2021-10-05 03:22:23,16200.0,1000.0,172100.0
277,2021-10-05 03:21:10,16200.0,1000.0,171100.0
278,2021-10-05 03:09:21,16200.0,1700.0,170100.0
279,2021-10-05 03:09:21,16200.0,300.0,168400.0
280,2021-10-05 03:05:08,16300.0,200.0,168100.0
281,2021-10-05 03:03:29,16300.0,100.0,167900.0
282,2021-10-05 03:03:29,16300.0,100.0,167800.0
283,2021-10-05 03:03:29,16300.0,300.0,167700.0
284,2021-10-05 03:03:23,16300.0,500.0,167400.0
285,2021-10-05 03:00:11,16200.0,200.0,166900.0
286,2021-10-05 03:00:11,16200.0,200.0,166700.0
287,2021-10-05 02:59:10,16200.0,100.0,166500.0
288,2021-10-05 02:58:07,16200.0,200.0,166400.0
289,2021-10-05 02:57:26,16300.0,300.0,166200.0
290,2021-10-05 02:56:14,16300.0,100.0,165900.0
291,2021-10-05 02:55:31,16300.0,3300.0,165800.0
292,2021-10-05 02:55:21,16300.0,25000.0,162500.0
293,2021-10-05 02:55:16,16300.0,21900.0,137500.0
294,2021-10-05 02:55:16,16200.0,1000.0,115600.0
295,2021-10-05 02:55:16,16200.0,100.0,114600.0
296,2021-10-05 02:55:16,16200.0,2000.0,114500.0
297,2021-10-05 02:55:04,16050.0,300.0,112500.0
298,2021-10-05 02:55:04,16050.0,1000.0,112200.0
299,2021-10-05 02:55:04,16050.0,100.0,111200.0
300,2021-10-05 02:55:04,16100.0,100.0,111100.0
301,2021-10-05 02:54:57,16100.0,1500.0,111000.0
302,2021-10-05 02:54:37,16100.0,100.0,109500.0
303,2021-10-05 02:53:36,16050.0,500.0,109400.0
304,2021-10-05 02:52:27,16150.0,25000.0,108900.0
305,2021-10-05 02:51:17,16100.0,500.0,83900.0
306,2021-10-05 02:50:53,16150.0,200.0,83400.0
307,2021-10-05 02:50:39,16150.0,24800.0,83200.0
308,2021-10-05 02:50:39,16100.0,200.0,58400.0
309,2021-10-05 02:48:17,16100.0,32000.0,58200.0
310,2021-10-05 02:41:57,16200.0,600.0,26200.0
311,2021-10-05 02:41:57,16200.0,200.0,25600.0
312,2021-10-05 02:41:57,16200.0,200.0,25400.0
313,2021-10-05 02:38:27,16050.0,400.0,25200.0
314,2021-10-05 02:38:12,16050.0,100.0,24800.0
315,2021-10-05 02:38:12,16050.0,1000.0,24700.0
316,2021-10-05 02:38:12,16050.0,200.0,23700.0
317,2021-10-05 02:38:12,16050.0,1000.0,23500.0
318,2021-10-05 02:38:12,16050.0,3000.0,22500.0
319,2021-10-05 02:36:47,16100.0,100.0,19500.0
320,2021-10-05 02:36:47,16100.0,100.0,19400.0
321,2021-10-05 02:27:19,16200.0,100.0,19300.0
322,2021-10-05 02:24:10,16000.0,100.0,19200.0
323,2021-10-05 02:24:10,16000.0,400.0,19100.0
324,2021-10-05 02:22:09,16000.0,2600.0,18700.0
325,2021-10-05 02:22:09,16000.0,1500.0,16100.0
326,2021-10-05 02:22:09,16000.0,100.0,14600.0
327,2021-10-05 02:22:09,16000.0,100.0,14500.0
328,2021-10-05 02:22:09,16000.0,100.0,14400.0
329,2021-10-05 02:22:09,16000.0,1500.0,14300.0
330,2021-10-05 02:22:09,16000.0,100.0,12800.0
331,2021-10-05 02:22:09,16000.0,100.0,12700.0
332,2021-10-05 02:22:09,16000.0,500.0,12600.0
333,2021-10-05 02:22:09,16050.0,500.0,12100.0
334,2021-10-05 02:22:09,16050.0,400.0,11600.0
335,2021-10-05 02:18:41,16000.0,500.0,11200.0
336,2021-10-05 02:18:41,16050.0,1000.0,10700.0
337,2021-10-05 02:18:41,16050.0,500.0,9700.0
338,2021-10-05 02:18:29,16250.0,300.0,9200.0
339,2021-10-05 02:18:17,16200.0,1000.0,8900.0
340,2021-10-05 02:18:16,16250.0,100.0,7900.0
341,2021-10-05 02:15:46,16350.0,1000.0,7800.0
342,2021-10-05 02:15:26,16400.0,200.0,6800.0
343,2021-10-05 02:15:15,16400.0,600.0,6600.0
344,2021-10-05 02:15:00,16400.0,700.0,6000.0
345,2021-10-05 02:15:00,16400.0,1200.0,5300.0
346,2021-10-05 02:15:00,16400.0,1000.0,4100.0
347,2021-10-05 02:15:00,16400.0,100.0,3100.0
348,2021-10-05 02:15:00,16400.0,600.0,3000.0
349,2021-10-05 02:15:00,16400.0,100.0,2400.0
350,2021-10-05 02:15:00,16400.0,300.0,2300.0
351,2021-10-05 02:15:00,16400.0,200.0,2000.0
352,2021-10-05 02:15:00,16400.0,1000.0,1800.0
353,2021-10-05 02:15:00,16400.0,200.0,800.0
354,2021-10-05 02:15:00,16400.0,100.0,600.0
355,2021-10-05 02:15:00,16400.0,500.0,500.0
