,Time,Price,Volume_per_trade,Volume
0,2021-10-21 07:45:01,17000.0,200.0,538800.0
1,2021-10-21 07:45:01,17000.0,100.0,538600.0
2,2021-10-21 07:45:01,17000.0,200.0,538500.0
3,2021-10-21 07:45:01,17000.0,100.0,538300.0
4,2021-10-21 07:45:01,17000.0,2500.0,538200.0
5,2021-10-21 07:45:01,17000.0,100.0,535700.0
6,2021-10-21 07:45:01,17000.0,400.0,535600.0
7,2021-10-21 07:45:01,17000.0,100.0,535200.0
8,2021-10-21 07:45:01,17000.0,100.0,535100.0
9,2021-10-21 07:45:01,17000.0,100.0,535000.0
10,2021-10-21 07:45:01,17000.0,900.0,534900.0
11,2021-10-21 07:45:01,17000.0,1100.0,534000.0
12,2021-10-21 07:45:01,17000.0,200.0,532900.0
13,2021-10-21 07:45:01,17000.0,100.0,532700.0
14,2021-10-21 07:45:01,17000.0,100.0,532600.0
15,2021-10-21 07:45:01,17000.0,200.0,532500.0
16,2021-10-21 07:45:01,17000.0,200.0,532300.0
17,2021-10-21 07:45:01,17000.0,300.0,532100.0
18,2021-10-21 07:45:01,17000.0,100.0,531800.0
19,2021-10-21 07:45:01,17000.0,600.0,531700.0
20,2021-10-21 07:45:01,17000.0,1400.0,531100.0
21,2021-10-21 07:45:01,17000.0,100.0,529700.0
22,2021-10-21 07:45:01,17000.0,300.0,529600.0
23,2021-10-21 07:45:01,17000.0,200.0,529300.0
24,2021-10-21 07:45:01,17000.0,300.0,529100.0
25,2021-10-21 07:45:01,17000.0,500.0,528800.0
26,2021-10-21 07:45:01,17000.0,1000.0,528300.0
27,2021-10-21 07:45:01,17000.0,100.0,527300.0
28,2021-10-21 07:45:01,17000.0,1000.0,527200.0
29,2021-10-21 07:45:01,17000.0,100.0,526200.0
30,2021-10-21 07:45:01,17000.0,900.0,526100.0
31,2021-10-21 07:45:01,17000.0,100.0,525200.0
32,2021-10-21 07:45:01,17000.0,200.0,525100.0
33,2021-10-21 07:45:01,17000.0,1000.0,524900.0
34,2021-10-21 07:45:01,17000.0,500.0,523900.0
35,2021-10-21 07:45:01,17000.0,500.0,523400.0
36,2021-10-21 07:45:01,17000.0,100.0,522900.0
37,2021-10-21 07:45:01,17000.0,3000.0,522800.0
38,2021-10-21 07:45:01,17000.0,4600.0,519800.0
39,2021-10-21 07:45:01,17000.0,400.0,515200.0
40,2021-10-21 07:45:01,17000.0,600.0,514800.0
41,2021-10-21 07:45:01,17000.0,400.0,514200.0
42,2021-10-21 07:45:01,17000.0,100.0,513800.0
43,2021-10-21 07:45:01,17000.0,4000.0,513700.0
44,2021-10-21 07:45:01,17000.0,500.0,509700.0
45,2021-10-21 07:29:23,17100.0,200.0,509200.0
46,2021-10-21 07:29:08,17100.0,700.0,509000.0
47,2021-10-21 07:29:08,17100.0,300.0,508300.0
48,2021-10-21 07:28:58,17000.0,100.0,508000.0
49,2021-10-21 07:28:58,17000.0,300.0,507900.0
50,2021-10-21 07:28:58,17000.0,100.0,507600.0
51,2021-10-21 07:28:58,17050.0,2000.0,507500.0
52,2021-10-21 07:28:58,17050.0,500.0,505500.0
53,2021-10-21 07:28:58,17050.0,700.0,505000.0
54,2021-10-21 07:28:50,17050.0,100.0,504300.0
55,2021-10-21 07:28:08,17050.0,100.0,504200.0
56,2021-10-21 07:27:45,17050.0,100.0,504100.0
57,2021-10-21 07:27:42,17050.0,1000.0,504000.0
58,2021-10-21 07:27:37,17050.0,100.0,503000.0
59,2021-10-21 07:27:27,17050.0,1000.0,502900.0
60,2021-10-21 07:26:40,17000.0,1400.0,501900.0
61,2021-10-21 07:26:40,17050.0,100.0,500500.0
62,2021-10-21 07:26:40,17050.0,500.0,500400.0
63,2021-10-21 07:25:18,17050.0,400.0,499900.0
64,2021-10-21 07:25:17,17050.0,100.0,499500.0
65,2021-10-21 07:25:17,17050.0,200.0,499400.0
66,2021-10-21 07:25:17,17050.0,700.0,499200.0
67,2021-10-21 07:24:48,17050.0,1600.0,498500.0
68,2021-10-21 07:24:48,17050.0,1000.0,496900.0
69,2021-10-21 07:24:48,17050.0,1000.0,495900.0
70,2021-10-21 07:24:48,17050.0,200.0,494900.0
71,2021-10-21 07:24:48,17050.0,200.0,494700.0
72,2021-10-21 07:24:12,17050.0,800.0,494500.0
73,2021-10-21 07:24:12,17050.0,2000.0,493700.0
74,2021-10-21 07:24:12,17050.0,1400.0,491700.0
75,2021-10-21 07:24:12,17050.0,2000.0,490300.0
76,2021-10-21 07:24:12,17050.0,9300.0,488300.0
77,2021-10-21 07:23:52,17100.0,400.0,479000.0
78,2021-10-21 07:23:50,17050.0,4000.0,478600.0
79,2021-10-21 07:23:21,17050.0,300.0,474600.0
80,2021-10-21 07:23:20,17100.0,1100.0,474300.0
81,2021-10-21 07:23:20,17100.0,100.0,473200.0
82,2021-10-21 07:23:20,17100.0,400.0,473100.0
83,2021-10-21 07:23:20,17100.0,300.0,472700.0
84,2021-10-21 07:23:20,17100.0,1000.0,472400.0
85,2021-10-21 07:22:43,17050.0,1400.0,471400.0
86,2021-10-21 07:22:43,17050.0,1000.0,470000.0
87,2021-10-21 07:22:43,17050.0,600.0,469000.0
88,2021-10-21 07:22:31,17100.0,200.0,468400.0
89,2021-10-21 07:22:21,17100.0,200.0,468200.0
90,2021-10-21 07:22:19,17100.0,500.0,468000.0
91,2021-10-21 07:21:43,17100.0,1200.0,467500.0
92,2021-10-21 07:21:30,17100.0,200.0,466300.0
93,2021-10-21 07:21:06,17100.0,100.0,466100.0
94,2021-10-21 07:20:56,17050.0,300.0,466000.0
95,2021-10-21 07:20:56,17050.0,100.0,465700.0
96,2021-10-21 07:20:53,17100.0,2000.0,465600.0
97,2021-10-21 07:20:19,17100.0,100.0,463600.0
98,2021-10-21 07:19:53,17100.0,100.0,463500.0
99,2021-10-21 07:19:48,17050.0,1000.0,463400.0
100,2021-10-21 07:19:20,17100.0,2800.0,462400.0
101,2021-10-21 07:17:25,17100.0,600.0,459600.0
102,2021-10-21 07:17:25,17100.0,100.0,459000.0
103,2021-10-21 07:17:25,17100.0,300.0,458900.0
104,2021-10-21 07:16:15,17100.0,200.0,458600.0
105,2021-10-21 07:16:15,17100.0,1800.0,458400.0
106,2021-10-21 07:16:11,17050.0,1400.0,456600.0
107,2021-10-21 07:16:11,17050.0,100.0,455200.0
108,2021-10-21 07:15:37,17050.0,500.0,455100.0
109,2021-10-21 07:14:17,17050.0,500.0,454600.0
110,2021-10-21 07:14:17,17050.0,300.0,454100.0
111,2021-10-21 07:14:17,17050.0,300.0,453800.0
112,2021-10-21 07:14:17,17050.0,2000.0,453500.0
113,2021-10-21 07:14:17,17050.0,1000.0,451500.0
114,2021-10-21 07:14:17,17050.0,100.0,450500.0
115,2021-10-21 07:14:17,17050.0,4400.0,450400.0
116,2021-10-21 07:13:18,17100.0,300.0,446000.0
117,2021-10-21 07:13:00,17100.0,100.0,445700.0
118,2021-10-21 07:12:48,17100.0,500.0,445600.0
119,2021-10-21 07:12:38,17100.0,200.0,445100.0
120,2021-10-21 07:11:53,17100.0,100.0,444900.0
121,2021-10-21 07:11:53,17100.0,1000.0,444800.0
122,2021-10-21 07:11:53,17100.0,500.0,443800.0
123,2021-10-21 07:10:29,17050.0,1000.0,443300.0
124,2021-10-21 07:09:31,17100.0,500.0,442300.0
125,2021-10-21 07:09:11,17100.0,2000.0,441800.0
126,2021-10-21 07:09:11,17100.0,1000.0,439800.0
127,2021-10-21 07:09:11,17100.0,1600.0,438800.0
128,2021-10-21 07:09:11,17100.0,2100.0,437200.0
129,2021-10-21 07:09:11,17100.0,600.0,435100.0
130,2021-10-21 07:09:11,17100.0,100.0,434500.0
131,2021-10-21 07:09:11,17100.0,500.0,434400.0
132,2021-10-21 07:09:11,17100.0,1900.0,433900.0
133,2021-10-21 07:09:08,17100.0,100.0,432000.0
134,2021-10-21 07:08:23,17100.0,1000.0,431900.0
135,2021-10-21 07:07:39,17100.0,2000.0,430900.0
136,2021-10-21 07:07:35,17150.0,500.0,428900.0
137,2021-10-21 07:02:52,17100.0,400.0,428400.0
138,2021-10-21 07:02:38,17100.0,1000.0,428000.0
139,2021-10-21 07:02:38,17100.0,1000.0,427000.0
140,2021-10-21 07:02:38,17100.0,100.0,426000.0
141,2021-10-21 07:01:54,17100.0,1900.0,425900.0
142,2021-10-21 07:01:54,17100.0,100.0,424000.0
143,2021-10-21 07:00:54,17100.0,300.0,423900.0
144,2021-10-21 07:00:44,17100.0,400.0,423600.0
145,2021-10-21 07:00:19,17100.0,200.0,423200.0
146,2021-10-21 07:00:19,17100.0,100.0,423000.0
147,2021-10-21 06:59:39,17100.0,100.0,422900.0
148,2021-10-21 06:59:35,17100.0,200.0,422800.0
149,2021-10-21 06:59:29,17050.0,600.0,422600.0
150,2021-10-21 06:59:29,17050.0,100.0,422000.0
151,2021-10-21 06:59:29,17050.0,100.0,421900.0
152,2021-10-21 06:59:29,17050.0,300.0,421800.0
153,2021-10-21 06:59:29,17050.0,500.0,421500.0
154,2021-10-21 06:59:29,17050.0,1000.0,421000.0
155,2021-10-21 06:59:29,17050.0,400.0,420000.0
156,2021-10-21 06:56:55,17100.0,200.0,419600.0
157,2021-10-21 06:56:35,17100.0,200.0,419400.0
158,2021-10-21 06:56:35,17100.0,500.0,419200.0
159,2021-10-21 06:56:35,17100.0,1000.0,418700.0
160,2021-10-21 06:56:35,17100.0,600.0,417700.0
161,2021-10-21 06:56:35,17100.0,600.0,417100.0
162,2021-10-21 06:56:35,17100.0,2000.0,416500.0
163,2021-10-21 06:56:35,17100.0,1000.0,414500.0
164,2021-10-21 06:50:10,17100.0,200.0,413500.0
165,2021-10-21 06:50:10,17100.0,400.0,413300.0
166,2021-10-21 06:49:07,17100.0,1100.0,412900.0
167,2021-10-21 06:49:07,17100.0,200.0,411800.0
168,2021-10-21 06:49:07,17100.0,5000.0,411600.0
169,2021-10-21 06:49:07,17100.0,100.0,406600.0
170,2021-10-21 06:49:07,17100.0,600.0,406500.0
171,2021-10-21 06:47:21,17150.0,1500.0,405900.0
172,2021-10-21 06:45:53,17150.0,100.0,404400.0
173,2021-10-21 06:44:45,17150.0,500.0,404300.0
174,2021-10-21 06:43:46,17150.0,100.0,403800.0
175,2021-10-21 06:42:34,17150.0,1700.0,403700.0
176,2021-10-21 06:41:28,17150.0,300.0,402000.0
177,2021-10-21 06:41:17,17150.0,200.0,401700.0
178,2021-10-21 06:41:12,17100.0,300.0,401500.0
179,2021-10-21 06:41:12,17100.0,300.0,401200.0
180,2021-10-21 06:40:30,17100.0,2700.0,400900.0
181,2021-10-21 06:40:30,17100.0,2000.0,398200.0
182,2021-10-21 06:40:30,17100.0,100.0,396200.0
183,2021-10-21 06:40:30,17100.0,2100.0,396100.0
184,2021-10-21 06:40:30,17150.0,900.0,394000.0
185,2021-10-21 06:40:24,17200.0,1000.0,393100.0
186,2021-10-21 06:39:44,17100.0,400.0,392100.0
187,2021-10-21 06:38:44,17100.0,2600.0,391700.0
188,2021-10-21 06:38:44,17150.0,400.0,389100.0
189,2021-10-21 06:36:50,17100.0,3700.0,388700.0
190,2021-10-21 06:36:50,17100.0,100.0,385000.0
191,2021-10-21 06:36:50,17100.0,800.0,384900.0
192,2021-10-21 06:36:50,17100.0,800.0,384100.0
193,2021-10-21 06:35:03,17100.0,200.0,383300.0
194,2021-10-21 06:35:03,17100.0,100.0,383100.0
195,2021-10-21 06:34:34,17100.0,200.0,383000.0
196,2021-10-21 06:33:31,17100.0,6700.0,382800.0
197,2021-10-21 06:32:54,17100.0,900.0,376100.0
198,2021-10-21 06:32:15,17100.0,1200.0,375200.0
199,2021-10-21 06:31:58,17100.0,700.0,374000.0
200,2021-10-21 06:31:58,17100.0,100.0,373300.0
201,2021-10-21 06:31:58,17100.0,2300.0,373200.0
202,2021-10-21 06:31:29,17100.0,1200.0,370900.0
203,2021-10-21 06:31:29,17100.0,200.0,369700.0
204,2021-10-21 06:31:29,17100.0,1800.0,369500.0
205,2021-10-21 06:31:29,17100.0,100.0,367700.0
206,2021-10-21 06:31:29,17100.0,700.0,367600.0
207,2021-10-21 06:30:11,17200.0,600.0,366900.0
208,2021-10-21 06:30:11,17200.0,500.0,366300.0
209,2021-10-21 06:30:11,17200.0,100.0,365800.0
210,2021-10-21 06:30:11,17200.0,900.0,365700.0
211,2021-10-21 06:28:20,17200.0,1000.0,364800.0
212,2021-10-21 06:28:09,17200.0,200.0,363800.0
213,2021-10-21 06:26:47,17100.0,1100.0,363600.0
214,2021-10-21 06:26:47,17100.0,100.0,362500.0
215,2021-10-21 06:26:47,17100.0,1800.0,362400.0
216,2021-10-21 06:26:44,17100.0,5800.0,360600.0
217,2021-10-21 06:25:28,17100.0,500.0,354800.0
218,2021-10-21 06:24:56,17100.0,100.0,354300.0
219,2021-10-21 06:24:33,17100.0,1800.0,354200.0
220,2021-10-21 06:24:07,17100.0,2000.0,352400.0
221,2021-10-21 06:24:01,17100.0,100.0,350400.0
222,2021-10-21 06:23:22,17100.0,100.0,350300.0
223,2021-10-21 06:23:22,17100.0,500.0,350200.0
224,2021-10-21 06:23:22,17100.0,100.0,349700.0
225,2021-10-21 06:23:22,17100.0,400.0,349600.0
226,2021-10-21 06:22:38,17200.0,100.0,349200.0
227,2021-10-21 06:22:29,17200.0,200.0,349100.0
228,2021-10-21 06:22:10,17200.0,600.0,348900.0
229,2021-10-21 06:22:10,17200.0,200.0,348300.0
230,2021-10-21 06:19:36,17200.0,100.0,348100.0
231,2021-10-21 06:18:52,17200.0,700.0,348000.0
232,2021-10-21 06:17:28,17100.0,300.0,347300.0
233,2021-10-21 06:17:27,17100.0,600.0,347000.0
234,2021-10-21 06:17:27,17100.0,400.0,346400.0
235,2021-10-21 06:16:09,17100.0,100.0,346000.0
236,2021-10-21 06:15:00,17100.0,400.0,345900.0
237,2021-10-21 06:14:30,17100.0,400.0,345500.0
238,2021-10-21 06:13:55,17050.0,100.0,345100.0
239,2021-10-21 06:13:55,17050.0,200.0,345000.0
240,2021-10-21 06:13:55,17050.0,100.0,344800.0
241,2021-10-21 06:13:55,17050.0,100.0,344700.0
242,2021-10-21 06:13:55,17050.0,500.0,344600.0
243,2021-10-21 06:13:47,17100.0,100.0,344100.0
244,2021-10-21 06:12:56,17100.0,100.0,344000.0
245,2021-10-21 06:12:27,17100.0,300.0,343900.0
246,2021-10-21 06:12:11,17100.0,100.0,343600.0
247,2021-10-21 06:11:38,17100.0,700.0,343500.0
248,2021-10-21 06:10:56,17100.0,1000.0,342800.0
249,2021-10-21 06:10:56,17100.0,1000.0,341800.0
250,2021-10-21 06:09:43,17100.0,2000.0,340800.0
251,2021-10-21 06:09:41,17100.0,100.0,338800.0
252,2021-10-21 06:07:19,17100.0,100.0,338700.0
253,2021-10-21 06:06:14,17100.0,300.0,338600.0
254,2021-10-21 06:06:14,17100.0,300.0,338300.0
255,2021-10-21 06:06:14,17100.0,1400.0,338000.0
256,2021-10-21 06:04:58,17100.0,1400.0,336600.0
257,2021-10-21 06:03:11,17100.0,100.0,335200.0
258,2021-10-21 06:02:48,17100.0,500.0,335100.0
259,2021-10-21 06:02:38,17100.0,300.0,334600.0
260,2021-10-21 06:02:38,17100.0,500.0,334300.0
261,2021-10-21 06:02:38,17100.0,500.0,333800.0
262,2021-10-21 06:02:38,17150.0,100.0,333300.0
263,2021-10-21 06:02:38,17150.0,100.0,333200.0
264,2021-10-21 06:02:38,17150.0,300.0,333100.0
265,2021-10-21 06:02:38,17150.0,200.0,332800.0
266,2021-10-21 06:00:01,17100.0,1500.0,332600.0
267,2021-10-21 06:00:01,17100.0,1000.0,331100.0
268,2021-10-21 06:00:01,17100.0,100.0,330100.0
269,2021-10-21 06:00:01,17100.0,300.0,330000.0
270,2021-10-21 06:00:01,17150.0,100.0,329700.0
271,2021-10-21 04:28:40,17150.0,300.0,329600.0
272,2021-10-21 04:27:12,17150.0,700.0,329300.0
273,2021-10-21 04:27:12,17150.0,600.0,328600.0
274,2021-10-21 04:27:02,17150.0,300.0,328000.0
275,2021-10-21 04:26:09,17150.0,1000.0,327700.0
276,2021-10-21 04:25:43,17100.0,1000.0,326700.0
277,2021-10-21 04:24:52,17100.0,1400.0,325700.0
278,2021-10-21 04:24:23,17100.0,200.0,324300.0
279,2021-10-21 04:22:56,17100.0,200.0,324100.0
280,2021-10-21 04:22:56,17100.0,2400.0,323900.0
281,2021-10-21 04:22:07,17100.0,600.0,321500.0
282,2021-10-21 04:22:07,17100.0,400.0,320900.0
283,2021-10-21 04:21:58,17100.0,100.0,320500.0
284,2021-10-21 04:20:21,17100.0,100.0,320400.0
285,2021-10-21 04:19:40,17100.0,800.0,320300.0
286,2021-10-21 04:19:40,17100.0,500.0,319500.0
287,2021-10-21 04:18:43,17100.0,500.0,319000.0
288,2021-10-21 04:17:35,17100.0,400.0,318500.0
289,2021-10-21 04:17:29,17100.0,600.0,318100.0
290,2021-10-21 04:17:29,17100.0,1500.0,317500.0
291,2021-10-21 04:17:29,17100.0,900.0,316000.0
292,2021-10-21 04:17:19,17100.0,1000.0,315100.0
293,2021-10-21 04:17:14,17100.0,1600.0,314100.0
294,2021-10-21 04:16:21,17100.0,1500.0,312500.0
295,2021-10-21 04:16:21,17100.0,100.0,311000.0
296,2021-10-21 04:16:21,17100.0,400.0,310900.0
297,2021-10-21 04:15:57,17150.0,200.0,310500.0
298,2021-10-21 04:15:27,17150.0,200.0,310300.0
299,2021-10-21 04:15:19,17150.0,100.0,310100.0
300,2021-10-21 04:14:48,17150.0,100.0,310000.0
301,2021-10-21 04:14:48,17150.0,400.0,309900.0
302,2021-10-21 04:12:09,17100.0,100.0,309500.0
303,2021-10-21 04:10:10,17100.0,100.0,309400.0
304,2021-10-21 04:07:51,17100.0,500.0,309300.0
305,2021-10-21 04:07:51,17100.0,500.0,308800.0
306,2021-10-21 04:06:11,17100.0,1500.0,308300.0
307,2021-10-21 04:06:11,17100.0,1500.0,306800.0
308,2021-10-21 04:05:53,17100.0,100.0,305300.0
309,2021-10-21 04:05:53,17100.0,900.0,305200.0
310,2021-10-21 04:02:55,17100.0,600.0,304300.0
311,2021-10-21 04:02:08,17100.0,100.0,303700.0
312,2021-10-21 04:02:03,17100.0,100.0,303600.0
313,2021-10-21 04:00:38,17100.0,1000.0,303500.0
314,2021-10-21 04:00:38,17100.0,200.0,302500.0
315,2021-10-21 04:00:38,17100.0,200.0,302300.0
316,2021-10-21 04:00:38,17100.0,500.0,302100.0
317,2021-10-21 04:00:38,17100.0,2000.0,301600.0
318,2021-10-21 04:00:38,17100.0,100.0,299600.0
319,2021-10-21 04:00:21,17100.0,4900.0,299500.0
320,2021-10-21 04:00:21,17100.0,100.0,294600.0
321,2021-10-21 04:00:12,17100.0,200.0,294500.0
322,2021-10-21 04:00:12,17100.0,100.0,294300.0
323,2021-10-21 04:00:12,17100.0,1000.0,294200.0
324,2021-10-21 04:00:12,17100.0,100.0,293200.0
325,2021-10-21 04:00:12,17100.0,100.0,293100.0
326,2021-10-21 03:58:10,17150.0,200.0,293000.0
327,2021-10-21 03:56:35,17200.0,1000.0,292800.0
328,2021-10-21 03:53:04,17150.0,2000.0,291800.0
329,2021-10-21 03:53:04,17150.0,1400.0,289800.0
330,2021-10-21 03:53:04,17150.0,200.0,288400.0
331,2021-10-21 03:52:08,17150.0,200.0,288200.0
332,2021-10-21 03:51:59,17150.0,200.0,288000.0
333,2021-10-21 03:50:08,17150.0,400.0,287800.0
334,2021-10-21 03:50:04,17150.0,1200.0,287400.0
335,2021-10-21 03:49:19,17150.0,800.0,286200.0
336,2021-10-21 03:47:52,17150.0,400.0,285400.0
337,2021-10-21 03:47:52,17150.0,100.0,285000.0
338,2021-10-21 03:47:47,17150.0,900.0,284900.0
339,2021-10-21 03:47:34,17150.0,1100.0,284000.0
340,2021-10-21 03:47:34,17150.0,500.0,282900.0
341,2021-10-21 03:47:34,17150.0,400.0,282400.0
342,2021-10-21 03:47:26,17150.0,100.0,282000.0
343,2021-10-21 03:47:26,17150.0,100.0,281900.0
344,2021-10-21 03:47:26,17150.0,2800.0,281800.0
345,2021-10-21 03:47:25,17150.0,1000.0,279000.0
346,2021-10-21 03:45:25,17150.0,200.0,278000.0
347,2021-10-21 03:45:00,17200.0,400.0,277800.0
348,2021-10-21 03:45:00,17200.0,300.0,277400.0
349,2021-10-21 03:45:00,17200.0,700.0,277100.0
350,2021-10-21 03:45:00,17200.0,100.0,276400.0
351,2021-10-21 03:45:00,17200.0,300.0,276300.0
352,2021-10-21 03:45:00,17200.0,200.0,276000.0
353,2021-10-21 03:45:00,17200.0,300.0,275800.0
354,2021-10-21 03:45:00,17200.0,1000.0,275500.0
355,2021-10-21 03:43:47,17200.0,500.0,274500.0
356,2021-10-21 03:40:03,17200.0,100.0,274000.0
357,2021-10-21 03:39:40,17200.0,900.0,273900.0
358,2021-10-21 03:39:40,17200.0,200.0,273000.0
359,2021-10-21 03:39:40,17200.0,500.0,272800.0
360,2021-10-21 03:39:40,17200.0,1200.0,272300.0
361,2021-10-21 03:39:40,17200.0,100.0,271100.0
362,2021-10-21 03:39:40,17200.0,500.0,271000.0
363,2021-10-21 03:39:40,17200.0,200.0,270500.0
364,2021-10-21 03:38:25,17250.0,100.0,270300.0
365,2021-10-21 03:38:03,17250.0,100.0,270200.0
366,2021-10-21 03:37:58,17250.0,100.0,270100.0
367,2021-10-21 03:37:51,17250.0,100.0,270000.0
368,2021-10-21 03:36:56,17250.0,200.0,269900.0
369,2021-10-21 03:36:46,17250.0,300.0,269700.0
370,2021-10-21 03:36:46,17250.0,100.0,269400.0
371,2021-10-21 03:36:37,17250.0,300.0,269300.0
372,2021-10-21 03:36:29,17250.0,100.0,269000.0
373,2021-10-21 03:36:26,17250.0,200.0,268900.0
374,2021-10-21 03:33:54,17250.0,1200.0,268700.0
375,2021-10-21 03:33:54,17250.0,800.0,267500.0
376,2021-10-21 03:32:21,17250.0,200.0,266700.0
377,2021-10-21 03:31:22,17250.0,100.0,266500.0
378,2021-10-21 03:31:22,17250.0,100.0,266400.0
379,2021-10-21 03:31:22,17250.0,100.0,266300.0
380,2021-10-21 03:31:22,17250.0,200.0,266200.0
381,2021-10-21 03:30:49,17250.0,1600.0,266000.0
382,2021-10-21 03:30:19,17250.0,700.0,264400.0
383,2021-10-21 03:30:19,17250.0,300.0,263700.0
384,2021-10-21 03:26:06,17300.0,400.0,263400.0
385,2021-10-21 03:26:05,17300.0,600.0,263000.0
386,2021-10-21 03:26:05,17300.0,2500.0,262400.0
387,2021-10-21 03:26:05,17300.0,100.0,259900.0
388,2021-10-21 03:24:03,17300.0,100.0,259800.0
389,2021-10-21 03:24:03,17300.0,200.0,259700.0
390,2021-10-21 03:23:39,17350.0,100.0,259500.0
391,2021-10-21 03:22:22,17300.0,1300.0,259400.0
392,2021-10-21 03:19:47,17300.0,700.0,258100.0
393,2021-10-21 03:19:47,17300.0,300.0,257400.0
394,2021-10-21 03:19:45,17300.0,100.0,257100.0
395,2021-10-21 03:18:49,17300.0,100.0,257000.0
396,2021-10-21 03:17:10,17300.0,500.0,256900.0
397,2021-10-21 03:16:02,17300.0,100.0,256400.0
398,2021-10-21 03:15:57,17300.0,100.0,256300.0
399,2021-10-21 03:15:57,17300.0,200.0,256200.0
400,2021-10-21 03:15:42,17300.0,300.0,256000.0
401,2021-10-21 03:14:13,17300.0,500.0,255700.0
402,2021-10-21 03:13:57,17300.0,300.0,255200.0
403,2021-10-21 03:13:57,17300.0,900.0,254900.0
404,2021-10-21 03:12:06,17300.0,100.0,254000.0
405,2021-10-21 03:12:06,17300.0,1900.0,253900.0
406,2021-10-21 03:12:06,17300.0,8000.0,252000.0
407,2021-10-21 03:12:06,17350.0,100.0,244000.0
408,2021-10-21 03:10:52,17350.0,300.0,243900.0
409,2021-10-21 03:09:15,17350.0,100.0,243600.0
410,2021-10-21 03:09:15,17350.0,900.0,243500.0
411,2021-10-21 03:09:12,17300.0,1000.0,242600.0
412,2021-10-21 03:09:01,17350.0,1000.0,241600.0
413,2021-10-21 03:06:36,17350.0,300.0,240600.0
414,2021-10-21 03:04:12,17350.0,100.0,240300.0
415,2021-10-21 03:04:05,17350.0,400.0,240200.0
416,2021-10-21 03:04:05,17350.0,100.0,239800.0
417,2021-10-21 03:04:05,17350.0,500.0,239700.0
418,2021-10-21 03:02:34,17350.0,400.0,239200.0
419,2021-10-21 03:01:09,17350.0,400.0,238800.0
420,2021-10-21 03:00:49,17350.0,500.0,238400.0
421,2021-10-21 03:00:30,17350.0,1500.0,237900.0
422,2021-10-21 02:58:58,17350.0,100.0,236400.0
423,2021-10-21 02:58:24,17300.0,1000.0,236300.0
424,2021-10-21 02:57:55,17300.0,300.0,235300.0
425,2021-10-21 02:57:55,17300.0,100.0,235000.0
426,2021-10-21 02:57:31,17300.0,100.0,234900.0
427,2021-10-21 02:56:16,17300.0,2000.0,234800.0
428,2021-10-21 02:56:16,17300.0,300.0,232800.0
429,2021-10-21 02:55:51,17300.0,200.0,232500.0
430,2021-10-21 02:55:51,17300.0,400.0,232300.0
431,2021-10-21 02:54:40,17300.0,600.0,231900.0
432,2021-10-21 02:53:09,17350.0,500.0,231300.0
433,2021-10-21 02:52:34,17350.0,2500.0,230800.0
434,2021-10-21 02:51:40,17350.0,500.0,228300.0
435,2021-10-21 02:50:41,17300.0,300.0,227800.0
436,2021-10-21 02:50:41,17300.0,700.0,227500.0
437,2021-10-21 02:49:48,17300.0,300.0,226800.0
438,2021-10-21 02:49:48,17300.0,400.0,226500.0
439,2021-10-21 02:49:48,17300.0,3000.0,226100.0
440,2021-10-21 02:49:48,17300.0,500.0,223100.0
441,2021-10-21 02:49:48,17300.0,3000.0,222600.0
442,2021-10-21 02:49:48,17300.0,300.0,219600.0
443,2021-10-21 02:49:48,17350.0,2000.0,219300.0
444,2021-10-21 02:49:48,17350.0,300.0,217300.0
445,2021-10-21 02:49:48,17350.0,200.0,217000.0
446,2021-10-21 02:46:28,17400.0,800.0,216800.0
447,2021-10-21 02:45:24,17400.0,800.0,216000.0
448,2021-10-21 02:45:24,17400.0,200.0,215200.0
449,2021-10-21 02:45:11,17400.0,1000.0,215000.0
450,2021-10-21 02:45:06,17400.0,500.0,214000.0
451,2021-10-21 02:42:36,17400.0,1000.0,213500.0
452,2021-10-21 02:42:36,17400.0,100.0,212500.0
453,2021-10-21 02:42:36,17400.0,300.0,212400.0
454,2021-10-21 02:42:36,17400.0,2600.0,212100.0
455,2021-10-21 02:42:36,17400.0,100.0,209500.0
456,2021-10-21 02:42:36,17400.0,1200.0,209400.0
457,2021-10-21 02:42:36,17400.0,200.0,208200.0
458,2021-10-21 02:42:33,17450.0,1700.0,208000.0
459,2021-10-21 02:42:11,17450.0,2000.0,206300.0
460,2021-10-21 02:42:11,17450.0,1000.0,204300.0
461,2021-10-21 02:42:11,17450.0,400.0,203300.0
462,2021-10-21 02:37:49,17500.0,500.0,202900.0
463,2021-10-21 02:37:01,17500.0,10000.0,202400.0
464,2021-10-21 02:37:01,17500.0,100.0,192400.0
465,2021-10-21 02:37:01,17500.0,1400.0,192300.0
466,2021-10-21 02:34:23,17500.0,600.0,190900.0
467,2021-10-21 02:34:23,17500.0,400.0,190300.0
468,2021-10-21 02:34:23,17500.0,100.0,189900.0
469,2021-10-21 02:34:07,17500.0,400.0,189800.0
470,2021-10-21 02:34:07,17500.0,100.0,189400.0
471,2021-10-21 02:32:51,17500.0,4900.0,189300.0
472,2021-10-21 02:32:51,17500.0,600.0,184400.0
473,2021-10-21 02:32:51,17500.0,3000.0,183800.0
474,2021-10-21 02:32:51,17500.0,100.0,180800.0
475,2021-10-21 02:32:51,17500.0,1000.0,180700.0
476,2021-10-21 02:32:51,17500.0,400.0,179700.0
477,2021-10-21 02:28:57,17500.0,300.0,179300.0
478,2021-10-21 02:28:57,17500.0,500.0,179000.0
479,2021-10-21 02:28:57,17500.0,2000.0,178500.0
480,2021-10-21 02:28:57,17500.0,400.0,176500.0
481,2021-10-21 02:28:57,17500.0,100.0,176100.0
482,2021-10-21 02:28:57,17500.0,13700.0,176000.0
483,2021-10-21 02:27:58,17500.0,7800.0,162300.0
484,2021-10-21 02:27:33,17500.0,3600.0,154500.0
485,2021-10-21 02:27:33,17550.0,1000.0,150900.0
486,2021-10-21 02:27:33,17550.0,400.0,149900.0
487,2021-10-21 02:26:17,17700.0,500.0,149500.0
488,2021-10-21 02:25:21,17700.0,1000.0,149000.0
489,2021-10-21 02:24:35,17600.0,1000.0,148000.0
490,2021-10-21 02:24:18,17600.0,500.0,147000.0
491,2021-10-21 02:24:18,17600.0,500.0,146500.0
492,2021-10-21 02:24:04,17600.0,300.0,146000.0
493,2021-10-21 02:23:44,17550.0,500.0,145700.0
494,2021-10-21 02:23:44,17550.0,500.0,145200.0
495,2021-10-21 02:23:14,17600.0,100.0,144700.0
496,2021-10-21 02:23:14,17600.0,200.0,144600.0
497,2021-10-21 02:23:10,17600.0,1800.0,144400.0
498,2021-10-21 02:22:42,17600.0,28000.0,142600.0
499,2021-10-21 02:22:42,17600.0,100.0,114600.0
500,2021-10-21 02:22:18,17700.0,600.0,114500.0
501,2021-10-21 02:22:06,17550.0,10000.0,113900.0
502,2021-10-21 02:21:58,17550.0,19500.0,103900.0
503,2021-10-21 02:21:58,17550.0,200.0,84400.0
504,2021-10-21 02:21:58,17550.0,200.0,84200.0
505,2021-10-21 02:21:58,17550.0,4100.0,84000.0
506,2021-10-21 02:21:58,17600.0,100.0,79900.0
507,2021-10-21 02:21:58,17600.0,900.0,79800.0
508,2021-10-21 02:21:58,17600.0,1000.0,78900.0
509,2021-10-21 02:21:40,17600.0,100.0,77900.0
510,2021-10-21 02:21:29,17600.0,100.0,77800.0
511,2021-10-21 02:21:14,17600.0,100.0,77700.0
512,2021-10-21 02:21:14,17600.0,100.0,77600.0
513,2021-10-21 02:21:10,17600.0,300.0,77500.0
514,2021-10-21 02:20:58,17600.0,200.0,77200.0
515,2021-10-21 02:20:51,17600.0,200.0,77000.0
516,2021-10-21 02:20:43,17600.0,400.0,76800.0
517,2021-10-21 02:20:35,17600.0,400.0,76400.0
518,2021-10-21 02:20:32,17600.0,200.0,76000.0
519,2021-10-21 02:20:32,17600.0,500.0,75800.0
520,2021-10-21 02:20:08,17550.0,500.0,75300.0
521,2021-10-21 02:19:56,17500.0,4900.0,74800.0
522,2021-10-21 02:19:56,17500.0,100.0,69900.0
523,2021-10-21 02:18:39,17500.0,200.0,69800.0
524,2021-10-21 02:17:26,17450.0,600.0,69600.0
525,2021-10-21 02:17:26,17450.0,2600.0,69000.0
526,2021-10-21 02:16:52,17450.0,100.0,66400.0
527,2021-10-21 02:16:15,17450.0,300.0,66300.0
528,2021-10-21 02:16:15,17500.0,100.0,66000.0
529,2021-10-21 02:16:15,17500.0,1600.0,65900.0
530,2021-10-21 02:16:13,17500.0,100.0,64300.0
531,2021-10-21 02:15:40,17450.0,100.0,64200.0
532,2021-10-21 02:15:00,17400.0,200.0,64100.0
533,2021-10-21 02:15:00,17400.0,300.0,63900.0
534,2021-10-21 02:15:00,17400.0,500.0,63600.0
535,2021-10-21 02:15:00,17400.0,1000.0,63100.0
536,2021-10-21 02:15:00,17400.0,18200.0,62100.0
537,2021-10-21 02:15:00,17400.0,1800.0,43900.0
538,2021-10-21 02:15:00,17400.0,18200.0,42100.0
539,2021-10-21 02:15:00,17400.0,700.0,23900.0
540,2021-10-21 02:15:00,17400.0,1100.0,23200.0
541,2021-10-21 02:15:00,17400.0,100.0,22100.0
542,2021-10-21 02:15:00,17400.0,1800.0,22000.0
543,2021-10-21 02:15:00,17400.0,200.0,20200.0
544,2021-10-21 02:15:00,17400.0,10000.0,20000.0
545,2021-10-21 02:15:00,17400.0,10000.0,10000.0
