,Time,Price,Volume_per_trade,Volume
0,2021-10-08 14:45:02,35100.0,6800.0,423795.0
1,2021-10-08 14:29:41,35100.0,200.0,416995.0
2,2021-10-08 14:29:30,35200.0,500.0,416795.0
3,2021-10-08 14:28:45,35200.0,500.0,416295.0
4,2021-10-08 14:28:42,35200.0,1000.0,415795.0
5,2021-10-08 14:28:29,35200.0,200.0,414795.0
6,2021-10-08 14:28:28,35200.0,1000.0,414595.0
7,2021-10-08 14:28:08,35200.0,5300.0,413595.0
8,2021-10-08 14:28:07,35100.0,500.0,408295.0
9,2021-10-08 14:26:32,35100.0,3000.0,407795.0
10,2021-10-08 14:26:17,35100.0,1000.0,404795.0
11,2021-10-08 14:26:09,35100.0,100.0,403795.0
12,2021-10-08 14:25:02,35200.0,100.0,403695.0
13,2021-10-08 14:24:32,35200.0,1100.0,403595.0
14,2021-10-08 14:24:19,35100.0,1000.0,402495.0
15,2021-10-08 14:24:18,35100.0,1000.0,401495.0
16,2021-10-08 14:23:22,35200.0,2000.0,400495.0
17,2021-10-08 14:23:05,35200.0,300.0,398495.0
18,2021-10-08 14:22:40,35200.0,100.0,398195.0
19,2021-10-08 14:21:46,35200.0,100.0,398095.0
20,2021-10-08 14:20:28,35200.0,1000.0,397995.0
21,2021-10-08 14:20:17,35200.0,400.0,396995.0
22,2021-10-08 14:18:48,35100.0,1300.0,396595.0
23,2021-10-08 14:16:25,35100.0,2000.0,395295.0
24,2021-10-08 14:16:19,35200.0,1000.0,393295.0
25,2021-10-08 14:15:14,35200.0,1300.0,392295.0
26,2021-10-08 14:14:48,35200.0,500.0,390995.0
27,2021-10-08 14:11:43,35200.0,500.0,390495.0
28,2021-10-08 14:11:12,35200.0,100.0,389995.0
29,2021-10-08 14:10:51,35100.0,1100.0,389895.0
30,2021-10-08 14:10:23,35000.0,500.0,388795.0
31,2021-10-08 14:10:21,35000.0,5000.0,388295.0
32,2021-10-08 14:10:18,35000.0,22.0,383295.0
33,2021-10-08 14:09:48,35000.0,300.0,383273.0
34,2021-10-08 14:08:56,35000.0,10000.0,382973.0
35,2021-10-08 14:08:39,35100.0,1000.0,372973.0
36,2021-10-08 14:07:30,35100.0,100.0,371973.0
37,2021-10-08 14:04:56,35100.0,500.0,371873.0
38,2021-10-08 14:04:18,35200.0,100.0,371373.0
39,2021-10-08 14:04:14,35200.0,500.0,371273.0
40,2021-10-08 14:04:11,35100.0,1000.0,370773.0
41,2021-10-08 14:04:00,35100.0,1800.0,369773.0
42,2021-10-08 14:02:14,35100.0,2000.0,367973.0
43,2021-10-08 14:02:04,35100.0,1000.0,365973.0
44,2021-10-08 14:00:27,35200.0,600.0,364973.0
45,2021-10-08 13:59:09,35200.0,1800.0,364373.0
46,2021-10-08 13:58:57,35200.0,1000.0,362573.0
47,2021-10-08 13:56:39,35200.0,14500.0,361573.0
48,2021-10-08 13:54:47,35200.0,300.0,347073.0
49,2021-10-08 13:54:45,35300.0,500.0,346773.0
50,2021-10-08 13:54:37,35300.0,500.0,346273.0
51,2021-10-08 13:52:10,35300.0,500.0,345773.0
52,2021-10-08 13:51:37,35300.0,100.0,345273.0
53,2021-10-08 13:51:12,35200.0,100.0,345173.0
54,2021-10-08 13:49:56,35200.0,1000.0,345073.0
55,2021-10-08 13:47:46,35200.0,100.0,344073.0
56,2021-10-08 13:43:57,35300.0,200.0,343973.0
57,2021-10-08 13:43:30,35200.0,1000.0,343773.0
58,2021-10-08 13:43:15,35200.0,200.0,342773.0
59,2021-10-08 13:42:31,35200.0,400.0,342573.0
60,2021-10-08 13:42:04,35200.0,200.0,342173.0
61,2021-10-08 13:41:46,35200.0,100.0,341973.0
62,2021-10-08 13:40:49,35200.0,1000.0,341873.0
63,2021-10-08 13:40:23,35300.0,500.0,340873.0
64,2021-10-08 13:40:05,35200.0,6900.0,340373.0
65,2021-10-08 13:39:54,35200.0,9900.0,333473.0
66,2021-10-08 13:39:35,35300.0,600.0,323573.0
67,2021-10-08 13:39:12,35300.0,100.0,322973.0
68,2021-10-08 13:36:18,35300.0,300.0,322873.0
69,2021-10-08 13:36:15,35300.0,200.0,322573.0
70,2021-10-08 13:36:09,35200.0,400.0,322373.0
71,2021-10-08 13:33:30,35200.0,2200.0,321973.0
72,2021-10-08 13:32:54,35300.0,500.0,319773.0
73,2021-10-08 13:32:38,35300.0,200.0,319273.0
74,2021-10-08 13:32:31,35300.0,100.0,319073.0
75,2021-10-08 13:32:16,35300.0,300.0,318973.0
76,2021-10-08 13:29:25,35300.0,1000.0,318673.0
77,2021-10-08 13:29:11,35300.0,1000.0,317673.0
78,2021-10-08 13:26:49,35300.0,200.0,316673.0
79,2021-10-08 13:25:38,35200.0,1400.0,316473.0
80,2021-10-08 13:22:52,35300.0,1000.0,315073.0
81,2021-10-08 13:21:43,35300.0,2400.0,314073.0
82,2021-10-08 13:20:47,35300.0,5000.0,311673.0
83,2021-10-08 13:20:44,35300.0,6600.0,306673.0
84,2021-10-08 13:19:33,35400.0,3400.0,300073.0
85,2021-10-08 13:18:27,35400.0,1000.0,296673.0
86,2021-10-08 13:18:17,35400.0,100.0,295673.0
87,2021-10-08 13:17:13,35400.0,1000.0,295573.0
88,2021-10-08 13:16:58,35400.0,600.0,294573.0
89,2021-10-08 13:16:51,35400.0,100.0,293973.0
90,2021-10-08 13:16:19,35400.0,100.0,293873.0
91,2021-10-08 13:16:11,35400.0,1000.0,293773.0
92,2021-10-08 13:15:46,35500.0,100.0,292773.0
93,2021-10-08 13:15:34,35400.0,1400.0,292673.0
94,2021-10-08 13:15:31,35400.0,800.0,291273.0
95,2021-10-08 13:15:13,35400.0,500.0,290473.0
96,2021-10-08 13:14:47,35400.0,1700.0,289973.0
97,2021-10-08 13:14:43,35400.0,100.0,288273.0
98,2021-10-08 13:13:48,35400.0,1200.0,288173.0
99,2021-10-08 13:11:57,35500.0,100.0,286973.0
100,2021-10-08 13:11:52,35300.0,200.0,286873.0
101,2021-10-08 13:10:45,35500.0,100.0,286673.0
102,2021-10-08 13:10:14,35200.0,6700.0,286573.0
103,2021-10-08 13:08:49,35500.0,500.0,279873.0
104,2021-10-08 13:08:36,35500.0,100.0,279373.0
105,2021-10-08 13:07:42,35500.0,1000.0,279273.0
106,2021-10-08 13:04:58,35500.0,200.0,278273.0
107,2021-10-08 13:04:06,35300.0,2000.0,278073.0
108,2021-10-08 13:03:48,35400.0,100.0,276073.0
109,2021-10-08 13:01:39,35500.0,100.0,275973.0
110,2021-10-08 13:01:18,35500.0,100.0,275873.0
111,2021-10-08 13:01:04,35400.0,1900.0,275773.0
112,2021-10-08 13:00:12,35300.0,200.0,273873.0
113,2021-10-08 13:00:06,35300.0,3300.0,273673.0
114,2021-10-08 11:30:00,35300.0,1000.0,270373.0
115,2021-10-08 11:28:03,35400.0,1000.0,269373.0
116,2021-10-08 11:26:15,35400.0,2000.0,268373.0
117,2021-10-08 11:22:59,35400.0,200.0,266373.0
118,2021-10-08 11:22:16,35400.0,2000.0,266173.0
119,2021-10-08 11:20:27,35400.0,300.0,264173.0
120,2021-10-08 11:20:03,35400.0,200.0,263873.0
121,2021-10-08 11:19:55,35400.0,2000.0,263673.0
122,2021-10-08 11:19:22,35400.0,400.0,261673.0
123,2021-10-08 11:18:04,35500.0,100.0,261273.0
124,2021-10-08 11:17:51,35400.0,1000.0,261173.0
125,2021-10-08 11:17:20,35400.0,100.0,260173.0
126,2021-10-08 11:17:17,35300.0,2000.0,260073.0
127,2021-10-08 11:17:09,35400.0,1000.0,258073.0
128,2021-10-08 11:16:38,35500.0,100.0,257073.0
129,2021-10-08 11:16:18,35400.0,3000.0,256973.0
130,2021-10-08 11:15:54,35400.0,100.0,253973.0
131,2021-10-08 11:15:43,35400.0,500.0,253873.0
132,2021-10-08 11:15:02,35400.0,100.0,253373.0
133,2021-10-08 11:14:45,35400.0,500.0,253273.0
134,2021-10-08 11:14:27,35400.0,400.0,252773.0
135,2021-10-08 11:13:34,35400.0,1000.0,252373.0
136,2021-10-08 11:12:51,35400.0,600.0,251373.0
137,2021-10-08 11:11:49,35500.0,300.0,250773.0
138,2021-10-08 11:11:45,35400.0,1000.0,250473.0
139,2021-10-08 11:11:01,35400.0,2600.0,249473.0
140,2021-10-08 11:10:43,35400.0,400.0,246873.0
141,2021-10-08 11:10:39,35400.0,1000.0,246473.0
142,2021-10-08 11:10:34,35400.0,4000.0,245473.0
143,2021-10-08 11:10:18,35400.0,1100.0,241473.0
144,2021-10-08 11:10:13,35500.0,100.0,240373.0
145,2021-10-08 11:09:21,35500.0,100.0,240273.0
146,2021-10-08 11:08:57,35400.0,47.0,240173.0
147,2021-10-08 11:08:22,35400.0,1000.0,240126.0
148,2021-10-08 11:08:11,35500.0,2100.0,239126.0
149,2021-10-08 11:06:09,35500.0,3500.0,237026.0
150,2021-10-08 11:06:06,35500.0,1000.0,233526.0
151,2021-10-08 11:04:53,35500.0,1000.0,232526.0
152,2021-10-08 11:03:39,35400.0,3.0,231526.0
153,2021-10-08 11:03:03,35400.0,1000.0,231523.0
154,2021-10-08 11:02:46,35400.0,200.0,230523.0
155,2021-10-08 11:01:39,35500.0,300.0,230323.0
156,2021-10-08 11:01:29,35400.0,500.0,230023.0
157,2021-10-08 11:01:03,35400.0,500.0,229523.0
158,2021-10-08 11:00:31,35500.0,5000.0,229023.0
159,2021-10-08 11:00:13,35400.0,1100.0,224023.0
160,2021-10-08 10:59:56,35400.0,500.0,222923.0
161,2021-10-08 10:59:51,35500.0,36.0,222423.0
162,2021-10-08 10:59:15,35500.0,5000.0,222387.0
163,2021-10-08 10:59:13,35500.0,600.0,217387.0
164,2021-10-08 10:58:54,35500.0,400.0,216787.0
165,2021-10-08 10:58:26,35500.0,100.0,216387.0
166,2021-10-08 10:58:22,35400.0,1600.0,216287.0
167,2021-10-08 10:58:15,35500.0,5000.0,214687.0
168,2021-10-08 10:58:11,35500.0,300.0,209687.0
169,2021-10-08 10:58:08,35500.0,3000.0,209387.0
170,2021-10-08 10:57:44,35500.0,500.0,206387.0
171,2021-10-08 10:57:40,35400.0,1000.0,205887.0
172,2021-10-08 10:57:37,35400.0,2600.0,204887.0
173,2021-10-08 10:57:28,35400.0,400.0,202287.0
174,2021-10-08 10:56:51,35400.0,1000.0,201887.0
175,2021-10-08 10:56:47,35400.0,200.0,200887.0
176,2021-10-08 10:56:42,35400.0,200.0,200687.0
177,2021-10-08 10:56:41,35400.0,5000.0,200487.0
178,2021-10-08 10:56:35,35400.0,5000.0,195487.0
179,2021-10-08 10:56:20,35400.0,500.0,190487.0
180,2021-10-08 10:56:07,35400.0,300.0,189987.0
181,2021-10-08 10:55:09,35400.0,500.0,189687.0
182,2021-10-08 10:54:58,35300.0,800.0,189187.0
183,2021-10-08 10:54:50,35300.0,500.0,188387.0
184,2021-10-08 10:54:49,35300.0,300.0,187887.0
185,2021-10-08 10:54:27,35300.0,200.0,187587.0
186,2021-10-08 10:54:25,35300.0,200.0,187387.0
187,2021-10-08 10:54:23,35300.0,100.0,187187.0
188,2021-10-08 10:54:01,35300.0,300.0,187087.0
189,2021-10-08 10:54:00,35300.0,3700.0,186787.0
190,2021-10-08 10:53:59,35300.0,300.0,183087.0
191,2021-10-08 10:53:57,35300.0,6000.0,182787.0
192,2021-10-08 10:53:52,35300.0,1000.0,176787.0
193,2021-10-08 10:53:47,35300.0,500.0,175787.0
194,2021-10-08 10:53:42,35300.0,100.0,175287.0
195,2021-10-08 10:53:41,35300.0,300.0,175187.0
196,2021-10-08 10:53:31,35300.0,500.0,174887.0
197,2021-10-08 10:53:27,35300.0,5000.0,174387.0
198,2021-10-08 10:53:05,35300.0,1000.0,169387.0
199,2021-10-08 10:53:04,35300.0,2000.0,168387.0
200,2021-10-08 10:52:24,35200.0,1500.0,166387.0
201,2021-10-08 10:52:23,35200.0,1500.0,164887.0
202,2021-10-08 10:52:06,35200.0,300.0,163387.0
203,2021-10-08 10:51:25,35200.0,3000.0,163087.0
204,2021-10-08 10:51:05,35200.0,14000.0,160087.0
205,2021-10-08 10:49:08,35300.0,500.0,146087.0
206,2021-10-08 10:46:24,35300.0,1000.0,145587.0
207,2021-10-08 10:45:45,35200.0,300.0,144587.0
208,2021-10-08 10:44:21,35300.0,400.0,144287.0
209,2021-10-08 10:43:21,35200.0,300.0,143887.0
210,2021-10-08 10:42:56,35300.0,2000.0,143587.0
211,2021-10-08 10:42:01,35200.0,2300.0,141587.0
212,2021-10-08 10:41:41,35200.0,1200.0,139287.0
213,2021-10-08 10:38:55,35300.0,100.0,138087.0
214,2021-10-08 10:37:36,35200.0,2100.0,137987.0
215,2021-10-08 10:36:43,35200.0,900.0,135887.0
216,2021-10-08 10:35:58,35200.0,3000.0,134987.0
217,2021-10-08 10:35:16,35200.0,600.0,131987.0
218,2021-10-08 10:33:46,35200.0,400.0,131387.0
219,2021-10-08 10:33:41,35300.0,1000.0,130987.0
220,2021-10-08 10:33:16,35200.0,30.0,129987.0
221,2021-10-08 10:32:50,35200.0,300.0,129957.0
222,2021-10-08 10:29:16,35300.0,1500.0,129657.0
223,2021-10-08 10:28:59,35300.0,400.0,128157.0
224,2021-10-08 10:28:57,35200.0,7000.0,127757.0
225,2021-10-08 10:28:32,35300.0,500.0,120757.0
226,2021-10-08 10:27:02,35300.0,500.0,120257.0
227,2021-10-08 10:26:53,35300.0,100.0,119757.0
228,2021-10-08 10:26:41,35300.0,2000.0,119657.0
229,2021-10-08 10:24:38,35300.0,600.0,117657.0
230,2021-10-08 10:24:28,35300.0,500.0,117057.0
231,2021-10-08 10:22:39,35300.0,1500.0,116557.0
232,2021-10-08 10:21:11,35400.0,200.0,115057.0
233,2021-10-08 10:20:12,35400.0,5800.0,114857.0
234,2021-10-08 10:20:04,35400.0,900.0,109057.0
235,2021-10-08 10:18:04,35400.0,100.0,108157.0
236,2021-10-08 10:17:26,35300.0,100.0,108057.0
237,2021-10-08 10:17:03,35300.0,400.0,107957.0
238,2021-10-08 10:17:02,35300.0,4500.0,107557.0
239,2021-10-08 10:16:05,35300.0,100.0,103057.0
240,2021-10-08 10:15:48,35100.0,10000.0,102957.0
241,2021-10-08 10:15:35,35200.0,10100.0,92957.0
242,2021-10-08 10:15:28,35200.0,3000.0,82857.0
243,2021-10-08 10:14:18,35200.0,600.0,79857.0
244,2021-10-08 10:11:58,35100.0,1000.0,79257.0
245,2021-10-08 10:10:32,35200.0,1200.0,78257.0
246,2021-10-08 10:09:37,35200.0,100.0,77057.0
247,2021-10-08 10:06:38,35100.0,300.0,76957.0
248,2021-10-08 10:06:35,35200.0,500.0,76657.0
249,2021-10-08 10:05:50,35100.0,1000.0,76157.0
250,2021-10-08 10:05:42,35100.0,100.0,75157.0
251,2021-10-08 10:03:40,35100.0,700.0,75057.0
252,2021-10-08 10:03:34,35100.0,1500.0,74357.0
253,2021-10-08 09:57:32,35100.0,500.0,72857.0
254,2021-10-08 09:56:46,35100.0,100.0,72357.0
255,2021-10-08 09:54:48,35100.0,2900.0,72257.0
256,2021-10-08 09:54:28,35100.0,100.0,69357.0
257,2021-10-08 09:53:17,35000.0,11900.0,69257.0
258,2021-10-08 09:52:42,34900.0,2100.0,57357.0
259,2021-10-08 09:52:10,34900.0,200.0,55257.0
260,2021-10-08 09:52:04,34900.0,100.0,55057.0
261,2021-10-08 09:51:34,34900.0,200.0,54957.0
262,2021-10-08 09:51:05,34900.0,2300.0,54757.0
263,2021-10-08 09:49:19,34800.0,200.0,52457.0
264,2021-10-08 09:47:54,34800.0,100.0,52257.0
265,2021-10-08 09:46:44,34800.0,1500.0,52157.0
266,2021-10-08 09:46:43,34900.0,200.0,50657.0
267,2021-10-08 09:46:38,34900.0,500.0,50457.0
268,2021-10-08 09:46:25,34900.0,1300.0,49957.0
269,2021-10-08 09:44:41,34900.0,25.0,48657.0
270,2021-10-08 09:43:50,34900.0,1200.0,48632.0
271,2021-10-08 09:42:56,34900.0,100.0,47432.0
272,2021-10-08 09:42:27,34900.0,300.0,47332.0
273,2021-10-08 09:42:07,34800.0,100.0,47032.0
274,2021-10-08 09:41:25,34800.0,3.0,46932.0
275,2021-10-08 09:40:56,34800.0,100.0,46929.0
276,2021-10-08 09:40:38,34800.0,29.0,46829.0
277,2021-10-08 09:40:10,34800.0,1700.0,46800.0
278,2021-10-08 09:40:09,34900.0,200.0,45100.0
279,2021-10-08 09:39:11,34900.0,100.0,44900.0
280,2021-10-08 09:38:57,34900.0,1100.0,44800.0
281,2021-10-08 09:38:44,34900.0,1000.0,43700.0
282,2021-10-08 09:38:43,34900.0,200.0,42700.0
283,2021-10-08 09:38:23,34900.0,100.0,42500.0
284,2021-10-08 09:36:45,34900.0,100.0,42400.0
285,2021-10-08 09:36:32,34800.0,100.0,42300.0
286,2021-10-08 09:35:41,34700.0,10000.0,42200.0
287,2021-10-08 09:34:45,34800.0,400.0,32200.0
288,2021-10-08 09:34:42,34900.0,100.0,31800.0
289,2021-10-08 09:34:37,34800.0,2000.0,31700.0
290,2021-10-08 09:33:55,34800.0,2000.0,29700.0
291,2021-10-08 09:32:41,34800.0,300.0,27700.0
292,2021-10-08 09:32:22,34800.0,100.0,27400.0
293,2021-10-08 09:32:01,34800.0,200.0,27300.0
294,2021-10-08 09:31:47,34800.0,2000.0,27100.0
295,2021-10-08 09:31:46,34800.0,300.0,25100.0
296,2021-10-08 09:30:54,34800.0,1000.0,24800.0
297,2021-10-08 09:30:51,34800.0,1000.0,23800.0
298,2021-10-08 09:27:32,34800.0,2000.0,22800.0
299,2021-10-08 09:26:50,34800.0,2000.0,20800.0
300,2021-10-08 09:26:15,34800.0,100.0,18800.0
301,2021-10-08 09:25:51,34700.0,300.0,18700.0
302,2021-10-08 09:25:46,34700.0,600.0,18400.0
303,2021-10-08 09:25:30,34700.0,400.0,17800.0
304,2021-10-08 09:24:50,34700.0,1000.0,17400.0
305,2021-10-08 09:23:50,34700.0,3000.0,16400.0
306,2021-10-08 09:21:38,34800.0,2000.0,13400.0
307,2021-10-08 09:21:33,35000.0,500.0,11400.0
308,2021-10-08 09:21:23,35000.0,200.0,10900.0
309,2021-10-08 09:21:22,35000.0,500.0,10700.0
310,2021-10-08 09:21:17,35000.0,1500.0,10200.0
311,2021-10-08 09:19:28,35000.0,200.0,8700.0
312,2021-10-08 09:19:24,35000.0,100.0,8500.0
313,2021-10-08 09:18:57,35000.0,500.0,8400.0
314,2021-10-08 09:18:33,35000.0,600.0,7900.0
315,2021-10-08 09:15:14,35100.0,1000.0,7300.0
316,2021-10-08 09:12:24,35200.0,600.0,6300.0
317,2021-10-08 09:10:02,35200.0,300.0,5700.0
318,2021-10-08 09:09:14,35200.0,1400.0,5400.0
319,2021-10-08 09:05:22,35200.0,600.0,4000.0
320,2021-10-08 09:04:56,35200.0,200.0,3400.0
321,2021-10-08 09:02:37,35200.0,500.0,3200.0
322,2021-10-08 09:01:04,35000.0,200.0,2700.0
323,2021-10-08 09:00:42,35000.0,2200.0,2500.0
324,2021-10-08 09:00:16,35000.0,300.0,300.0
