,Time,Price,Volume_per_trade,Volume
0,2021-10-22 07:45:01,20850.0,1000.0,3726900.0
1,2021-10-22 07:45:01,20850.0,500.0,3725900.0
2,2021-10-22 07:45:01,20850.0,200.0,3725400.0
3,2021-10-22 07:45:01,20850.0,1300.0,3725200.0
4,2021-10-22 07:45:01,20850.0,100.0,3723900.0
5,2021-10-22 07:45:01,20850.0,1000.0,3723800.0
6,2021-10-22 07:45:01,20850.0,2600.0,3722800.0
7,2021-10-22 07:45:01,20850.0,100.0,3720200.0
8,2021-10-22 07:45:01,20850.0,200.0,3720100.0
9,2021-10-22 07:45:01,20850.0,1000.0,3719900.0
10,2021-10-22 07:45:01,20850.0,500.0,3718900.0
11,2021-10-22 07:45:01,20850.0,1300.0,3718400.0
12,2021-10-22 07:45:01,20850.0,100.0,3717100.0
13,2021-10-22 07:45:01,20850.0,3600.0,3717000.0
14,2021-10-22 07:45:01,20850.0,100.0,3713400.0
15,2021-10-22 07:45:01,20850.0,500.0,3713300.0
16,2021-10-22 07:45:01,20850.0,200.0,3712800.0
17,2021-10-22 07:45:01,20850.0,2800.0,3712600.0
18,2021-10-22 07:45:01,20850.0,3000.0,3709800.0
19,2021-10-22 07:45:01,20850.0,1000.0,3706800.0
20,2021-10-22 07:45:01,20850.0,100.0,3705800.0
21,2021-10-22 07:45:01,20850.0,600.0,3705700.0
22,2021-10-22 07:45:01,20850.0,2000.0,3705100.0
23,2021-10-22 07:45:01,20850.0,700.0,3703100.0
24,2021-10-22 07:45:01,20850.0,1000.0,3702400.0
25,2021-10-22 07:45:01,20850.0,700.0,3701400.0
26,2021-10-22 07:45:01,20850.0,500.0,3700700.0
27,2021-10-22 07:45:01,20850.0,100.0,3700200.0
28,2021-10-22 07:45:01,20850.0,1000.0,3700100.0
29,2021-10-22 07:45:01,20850.0,1000.0,3699100.0
30,2021-10-22 07:45:01,20850.0,500.0,3698100.0
31,2021-10-22 07:45:01,20850.0,1000.0,3697600.0
32,2021-10-22 07:45:01,20850.0,200.0,3696600.0
33,2021-10-22 07:45:01,20850.0,300.0,3696400.0
34,2021-10-22 07:45:01,20850.0,200.0,3696100.0
35,2021-10-22 07:45:01,20850.0,3000.0,3695900.0
36,2021-10-22 07:45:01,20850.0,200.0,3692900.0
37,2021-10-22 07:45:01,20850.0,1600.0,3692700.0
38,2021-10-22 07:45:01,20850.0,100.0,3691100.0
39,2021-10-22 07:45:01,20850.0,100.0,3691000.0
40,2021-10-22 07:45:01,20850.0,100.0,3690900.0
41,2021-10-22 07:45:01,20850.0,100.0,3690800.0
42,2021-10-22 07:45:01,20850.0,1000.0,3690700.0
43,2021-10-22 07:45:01,20850.0,100.0,3689700.0
44,2021-10-22 07:45:01,20850.0,1000.0,3689600.0
45,2021-10-22 07:45:01,20850.0,3000.0,3688600.0
46,2021-10-22 07:45:01,20850.0,100.0,3685600.0
47,2021-10-22 07:45:01,20850.0,200.0,3685500.0
48,2021-10-22 07:45:01,20850.0,500.0,3685300.0
49,2021-10-22 07:45:01,20850.0,2100.0,3684800.0
50,2021-10-22 07:45:01,20850.0,1000.0,3682700.0
51,2021-10-22 07:45:01,20850.0,1200.0,3681700.0
52,2021-10-22 07:45:01,20850.0,300.0,3680500.0
53,2021-10-22 07:45:01,20850.0,100.0,3680200.0
54,2021-10-22 07:45:01,20850.0,100.0,3680100.0
55,2021-10-22 07:45:01,20850.0,200.0,3680000.0
56,2021-10-22 07:45:01,20850.0,1000.0,3679800.0
57,2021-10-22 07:45:01,20850.0,2000.0,3678800.0
58,2021-10-22 07:45:01,20850.0,3000.0,3676800.0
59,2021-10-22 07:45:01,20850.0,3000.0,3673800.0
60,2021-10-22 07:45:01,20850.0,2000.0,3670800.0
61,2021-10-22 07:45:01,20850.0,100.0,3668800.0
62,2021-10-22 07:45:01,20850.0,100.0,3668700.0
63,2021-10-22 07:45:01,20850.0,2000.0,3668600.0
64,2021-10-22 07:45:01,20850.0,100.0,3666600.0
65,2021-10-22 07:45:01,20850.0,1000.0,3666500.0
66,2021-10-22 07:45:01,20850.0,1000.0,3665500.0
67,2021-10-22 07:45:01,20850.0,500.0,3664500.0
68,2021-10-22 07:45:01,20850.0,100.0,3664000.0
69,2021-10-22 07:45:01,20850.0,100.0,3663900.0
70,2021-10-22 07:45:01,20850.0,500.0,3663800.0
71,2021-10-22 07:45:01,20850.0,600.0,3663300.0
72,2021-10-22 07:45:01,20850.0,1000.0,3662700.0
73,2021-10-22 07:45:01,20850.0,200.0,3661700.0
74,2021-10-22 07:45:01,20850.0,200.0,3661500.0
75,2021-10-22 07:45:01,20850.0,100.0,3661300.0
76,2021-10-22 07:45:01,20850.0,2000.0,3661200.0
77,2021-10-22 07:45:01,20850.0,500.0,3659200.0
78,2021-10-22 07:45:01,20850.0,1000.0,3658700.0
79,2021-10-22 07:45:01,20850.0,1000.0,3657700.0
80,2021-10-22 07:45:01,20850.0,900.0,3656700.0
81,2021-10-22 07:45:01,20850.0,1000.0,3655800.0
82,2021-10-22 07:45:01,20850.0,300.0,3654800.0
83,2021-10-22 07:29:59,20900.0,400.0,3654500.0
84,2021-10-22 07:29:59,20900.0,100.0,3654100.0
85,2021-10-22 07:29:59,20900.0,500.0,3654000.0
86,2021-10-22 07:29:54,20900.0,500.0,3653500.0
87,2021-10-22 07:29:53,20850.0,3000.0,3653000.0
88,2021-10-22 07:29:49,20900.0,200.0,3650000.0
89,2021-10-22 07:29:49,20900.0,2800.0,3649800.0
90,2021-10-22 07:29:49,20900.0,500.0,3647000.0
91,2021-10-22 07:29:48,20900.0,300.0,3646500.0
92,2021-10-22 07:29:47,20850.0,100.0,3646200.0
93,2021-10-22 07:29:44,20900.0,100.0,3646100.0
94,2021-10-22 07:29:29,20900.0,2000.0,3646000.0
95,2021-10-22 07:29:20,20850.0,4000.0,3644000.0
96,2021-10-22 07:29:15,20900.0,1800.0,3640000.0
97,2021-10-22 07:29:14,20850.0,100.0,3638200.0
98,2021-10-22 07:29:04,20900.0,500.0,3638100.0
99,2021-10-22 07:29:04,20900.0,300.0,3637600.0
100,2021-10-22 07:29:04,20900.0,200.0,3637300.0
101,2021-10-22 07:29:02,20900.0,400.0,3637100.0
102,2021-10-22 07:29:02,20900.0,600.0,3636700.0
103,2021-10-22 07:28:55,20900.0,100.0,3636100.0
104,2021-10-22 07:28:47,20900.0,300.0,3636000.0
105,2021-10-22 07:28:47,20900.0,300.0,3635700.0
106,2021-10-22 07:28:47,20900.0,400.0,3635400.0
107,2021-10-22 07:28:44,20900.0,100.0,3635000.0
108,2021-10-22 07:28:36,20900.0,200.0,3634900.0
109,2021-10-22 07:28:35,20900.0,100.0,3634700.0
110,2021-10-22 07:28:24,20900.0,200.0,3634600.0
111,2021-10-22 07:28:24,20900.0,400.0,3634400.0
112,2021-10-22 07:28:13,20900.0,600.0,3634000.0
113,2021-10-22 07:28:04,20900.0,100.0,3633400.0
114,2021-10-22 07:27:57,20900.0,200.0,3633300.0
115,2021-10-22 07:27:42,20900.0,700.0,3633100.0
116,2021-10-22 07:27:36,20900.0,3000.0,3632400.0
117,2021-10-22 07:27:22,20900.0,5000.0,3629400.0
118,2021-10-22 07:27:22,20900.0,100.0,3624400.0
119,2021-10-22 07:27:22,20900.0,4900.0,3624300.0
120,2021-10-22 07:27:18,20900.0,10000.0,3619400.0
121,2021-10-22 07:27:07,20900.0,10000.0,3609400.0
122,2021-10-22 07:27:05,20850.0,100.0,3599400.0
123,2021-10-22 07:27:02,20900.0,500.0,3599300.0
124,2021-10-22 07:26:53,20900.0,500.0,3598800.0
125,2021-10-22 07:26:44,20900.0,1000.0,3598300.0
126,2021-10-22 07:26:38,20900.0,100.0,3597300.0
127,2021-10-22 07:26:37,20850.0,500.0,3597200.0
128,2021-10-22 07:26:37,20900.0,1000.0,3596700.0
129,2021-10-22 07:26:30,20900.0,100.0,3595700.0
130,2021-10-22 07:26:23,20900.0,1900.0,3595600.0
131,2021-10-22 07:26:23,20900.0,2000.0,3593700.0
132,2021-10-22 07:26:23,20900.0,1100.0,3591700.0
133,2021-10-22 07:26:19,20900.0,1000.0,3590600.0
134,2021-10-22 07:26:09,20850.0,200.0,3589600.0
135,2021-10-22 07:26:09,20850.0,200.0,3589400.0
136,2021-10-22 07:26:09,20850.0,100.0,3589200.0
137,2021-10-22 07:26:09,20850.0,100.0,3589100.0
138,2021-10-22 07:26:05,20900.0,400.0,3589000.0
139,2021-10-22 07:26:05,20900.0,1600.0,3588600.0
140,2021-10-22 07:26:04,20850.0,300.0,3587000.0
141,2021-10-22 07:25:55,20850.0,500.0,3586700.0
142,2021-10-22 07:25:47,20850.0,100.0,3586200.0
143,2021-10-22 07:25:46,20850.0,100.0,3586100.0
144,2021-10-22 07:25:44,20850.0,900.0,3586000.0
145,2021-10-22 07:25:44,20850.0,100.0,3585100.0
146,2021-10-22 07:25:43,20850.0,400.0,3585000.0
147,2021-10-22 07:25:43,20850.0,300.0,3584600.0
148,2021-10-22 07:25:43,20850.0,300.0,3584300.0
149,2021-10-22 07:25:41,20850.0,700.0,3584000.0
150,2021-10-22 07:25:35,20850.0,1000.0,3583300.0
151,2021-10-22 07:25:35,20850.0,2100.0,3582300.0
152,2021-10-22 07:25:22,20850.0,100.0,3580200.0
153,2021-10-22 07:25:22,20850.0,2800.0,3580100.0
154,2021-10-22 07:25:07,20850.0,500.0,3577300.0
155,2021-10-22 07:24:53,20850.0,2000.0,3576800.0
156,2021-10-22 07:24:50,20850.0,3000.0,3574800.0
157,2021-10-22 07:24:47,20850.0,600.0,3571800.0
158,2021-10-22 07:24:39,20850.0,1000.0,3571200.0
159,2021-10-22 07:24:39,20850.0,500.0,3570200.0
160,2021-10-22 07:24:33,20850.0,400.0,3569700.0
161,2021-10-22 07:24:33,20850.0,100.0,3569300.0
162,2021-10-22 07:24:31,20900.0,1200.0,3569200.0
163,2021-10-22 07:24:31,20900.0,200.0,3568000.0
164,2021-10-22 07:24:20,20850.0,4400.0,3567800.0
165,2021-10-22 07:23:58,20850.0,3000.0,3563400.0
166,2021-10-22 07:23:45,20900.0,4800.0,3560400.0
167,2021-10-22 07:23:45,20900.0,200.0,3555600.0
168,2021-10-22 07:23:39,20900.0,300.0,3555400.0
169,2021-10-22 07:23:24,20850.0,3900.0,3555100.0
170,2021-10-22 07:22:54,20900.0,100.0,3551200.0
171,2021-10-22 07:22:48,20850.0,500.0,3551100.0
172,2021-10-22 07:22:46,20900.0,100.0,3550600.0
173,2021-10-22 07:22:35,20850.0,500.0,3550500.0
174,2021-10-22 07:22:18,20900.0,100.0,3550000.0
175,2021-10-22 07:22:08,20850.0,2000.0,3549900.0
176,2021-10-22 07:21:52,20850.0,100.0,3547900.0
177,2021-10-22 07:21:44,20850.0,900.0,3547800.0
178,2021-10-22 07:21:34,20850.0,1000.0,3546900.0
179,2021-10-22 07:21:20,20850.0,2000.0,3545900.0
180,2021-10-22 07:21:14,20850.0,2500.0,3543900.0
181,2021-10-22 07:21:12,20850.0,3800.0,3541400.0
182,2021-10-22 07:21:01,20850.0,2000.0,3537600.0
183,2021-10-22 07:21:00,20850.0,200.0,3535600.0
184,2021-10-22 07:20:58,20850.0,500.0,3535400.0
185,2021-10-22 07:20:52,20850.0,2000.0,3534900.0
186,2021-10-22 07:20:52,20850.0,100.0,3532900.0
187,2021-10-22 07:20:52,20850.0,1000.0,3532800.0
188,2021-10-22 07:20:52,20850.0,500.0,3531800.0
189,2021-10-22 07:20:52,20850.0,5000.0,3531300.0
190,2021-10-22 07:20:48,20850.0,500.0,3526300.0
191,2021-10-22 07:20:44,20850.0,500.0,3525800.0
192,2021-10-22 07:20:38,20850.0,300.0,3525300.0
193,2021-10-22 07:20:38,20850.0,500.0,3525000.0
194,2021-10-22 07:20:37,20850.0,1000.0,3524500.0
195,2021-10-22 07:20:30,20850.0,1000.0,3523500.0
196,2021-10-22 07:20:27,20800.0,800.0,3522500.0
197,2021-10-22 07:20:27,20800.0,100.0,3521700.0
198,2021-10-22 07:20:27,20800.0,300.0,3521600.0
199,2021-10-22 07:20:27,20800.0,100.0,3521300.0
200,2021-10-22 07:20:27,20800.0,1900.0,3521200.0
201,2021-10-22 07:20:26,20850.0,100.0,3519300.0
202,2021-10-22 07:20:26,20850.0,100.0,3519200.0
203,2021-10-22 07:20:26,20850.0,100.0,3519100.0
204,2021-10-22 07:20:26,20850.0,200.0,3519000.0
205,2021-10-22 07:20:20,20850.0,300.0,3518800.0
206,2021-10-22 07:20:20,20850.0,2000.0,3518500.0
207,2021-10-22 07:20:20,20850.0,2700.0,3516500.0
208,2021-10-22 07:20:09,20850.0,1000.0,3513800.0
209,2021-10-22 07:20:07,20850.0,100.0,3512800.0
210,2021-10-22 07:20:05,20800.0,100.0,3512700.0
211,2021-10-22 07:20:05,20800.0,100.0,3512600.0
212,2021-10-22 07:20:05,20800.0,100.0,3512500.0
213,2021-10-22 07:20:05,20800.0,500.0,3512400.0
214,2021-10-22 07:20:05,20800.0,300.0,3511900.0
215,2021-10-22 07:20:05,20800.0,1500.0,3511600.0
216,2021-10-22 07:20:00,20850.0,300.0,3510100.0
217,2021-10-22 07:19:54,20850.0,4000.0,3509800.0
218,2021-10-22 07:19:52,20850.0,500.0,3505800.0
219,2021-10-22 07:19:47,20850.0,1000.0,3505300.0
220,2021-10-22 07:19:46,20850.0,900.0,3504300.0
221,2021-10-22 07:19:36,20800.0,200.0,3503400.0
222,2021-10-22 07:19:36,20800.0,300.0,3503200.0
223,2021-10-22 07:19:36,20800.0,100.0,3502900.0
224,2021-10-22 07:19:36,20850.0,3300.0,3502800.0
225,2021-10-22 07:19:36,20850.0,1700.0,3499500.0
226,2021-10-22 07:19:30,20850.0,300.0,3497800.0
227,2021-10-22 07:19:30,20850.0,1200.0,3497500.0
228,2021-10-22 07:19:18,20850.0,1000.0,3496300.0
229,2021-10-22 07:19:10,20850.0,300.0,3495300.0
230,2021-10-22 07:19:02,20850.0,100.0,3495000.0
231,2021-10-22 07:19:02,20850.0,100.0,3494900.0
232,2021-10-22 07:19:02,20850.0,100.0,3494800.0
233,2021-10-22 07:19:02,20850.0,800.0,3494700.0
234,2021-10-22 07:19:02,20850.0,200.0,3493900.0
235,2021-10-22 07:19:01,20850.0,300.0,3493700.0
236,2021-10-22 07:19:01,20850.0,200.0,3493400.0
237,2021-10-22 07:19:01,20850.0,100.0,3493200.0
238,2021-10-22 07:19:01,20850.0,1000.0,3493100.0
239,2021-10-22 07:19:01,20850.0,1000.0,3492100.0
240,2021-10-22 07:19:01,20850.0,200.0,3491100.0
241,2021-10-22 07:19:01,20850.0,400.0,3490900.0
242,2021-10-22 07:19:01,20850.0,800.0,3490500.0
243,2021-10-22 07:18:55,20850.0,200.0,3489700.0
244,2021-10-22 07:18:55,20850.0,800.0,3489500.0
245,2021-10-22 07:18:48,20850.0,200.0,3488700.0
246,2021-10-22 07:18:48,20850.0,500.0,3488500.0
247,2021-10-22 07:18:48,20850.0,1000.0,3488000.0
248,2021-10-22 07:18:48,20850.0,300.0,3487000.0
249,2021-10-22 07:18:48,20850.0,500.0,3486700.0
250,2021-10-22 07:18:39,20850.0,2000.0,3486200.0
251,2021-10-22 07:18:39,20850.0,500.0,3484200.0
252,2021-10-22 07:18:39,20850.0,100.0,3483700.0
253,2021-10-22 07:18:29,20850.0,1500.0,3483600.0
254,2021-10-22 07:18:29,20850.0,100.0,3482100.0
255,2021-10-22 07:18:29,20850.0,900.0,3482000.0
256,2021-10-22 07:18:24,20850.0,100.0,3481100.0
257,2021-10-22 07:18:24,20850.0,1000.0,3481000.0
258,2021-10-22 07:18:24,20850.0,1000.0,3480000.0
259,2021-10-22 07:18:24,20850.0,300.0,3479000.0
260,2021-10-22 07:18:24,20850.0,100.0,3478700.0
261,2021-10-22 07:18:24,20850.0,100.0,3478600.0
262,2021-10-22 07:18:24,20850.0,100.0,3478500.0
263,2021-10-22 07:18:24,20850.0,7300.0,3478400.0
264,2021-10-22 07:18:24,20850.0,2000.0,3471100.0
265,2021-10-22 07:18:19,20850.0,700.0,3469100.0
266,2021-10-22 07:18:19,20850.0,1000.0,3468400.0
267,2021-10-22 07:18:19,20850.0,500.0,3467400.0
268,2021-10-22 07:18:19,20850.0,200.0,3466900.0
269,2021-10-22 07:18:17,20850.0,800.0,3466700.0
270,2021-10-22 07:18:17,20850.0,200.0,3465900.0
271,2021-10-22 07:18:17,20850.0,10000.0,3465700.0
272,2021-10-22 07:18:17,20850.0,1000.0,3455700.0
273,2021-10-22 07:18:17,20850.0,300.0,3454700.0
274,2021-10-22 07:18:17,20850.0,400.0,3454400.0
275,2021-10-22 07:18:17,20850.0,200.0,3454000.0
276,2021-10-22 07:18:17,20850.0,200.0,3453800.0
277,2021-10-22 07:18:17,20850.0,100.0,3453600.0
278,2021-10-22 07:18:17,20850.0,6800.0,3453500.0
279,2021-10-22 07:18:14,20850.0,3200.0,3446700.0
280,2021-10-22 07:18:14,20850.0,300.0,3443500.0
281,2021-10-22 07:18:14,20850.0,500.0,3443200.0
282,2021-10-22 07:18:14,20850.0,200.0,3442700.0
283,2021-10-22 07:18:14,20850.0,100.0,3442500.0
284,2021-10-22 07:18:14,20850.0,100.0,3442400.0
285,2021-10-22 07:18:14,20850.0,500.0,3442300.0
286,2021-10-22 07:18:14,20850.0,500.0,3441800.0
287,2021-10-22 07:18:14,20850.0,200.0,3441300.0
288,2021-10-22 07:18:14,20850.0,5000.0,3441100.0
289,2021-10-22 07:18:14,20850.0,100.0,3436100.0
290,2021-10-22 07:18:14,20850.0,2000.0,3436000.0
291,2021-10-22 07:18:05,20900.0,100.0,3434000.0
292,2021-10-22 07:17:57,20850.0,100.0,3433900.0
293,2021-10-22 07:17:57,20850.0,100.0,3433800.0
294,2021-10-22 07:17:57,20850.0,1000.0,3433700.0
295,2021-10-22 07:17:57,20850.0,1000.0,3432700.0
296,2021-10-22 07:17:57,20850.0,100.0,3431700.0
297,2021-10-22 07:17:57,20850.0,100.0,3431600.0
298,2021-10-22 07:17:57,20850.0,100.0,3431500.0
299,2021-10-22 07:17:57,20850.0,800.0,3431400.0
300,2021-10-22 07:17:57,20850.0,100.0,3430600.0
301,2021-10-22 07:17:57,20850.0,100.0,3430500.0
302,2021-10-22 07:17:57,20850.0,100.0,3430400.0
303,2021-10-22 07:17:57,20850.0,300.0,3430300.0
304,2021-10-22 07:17:57,20850.0,100.0,3430000.0
305,2021-10-22 07:17:57,20850.0,700.0,3429900.0
306,2021-10-22 07:17:57,20850.0,1000.0,3429200.0
307,2021-10-22 07:17:57,20850.0,5000.0,3428200.0
308,2021-10-22 07:17:57,20850.0,300.0,3423200.0
309,2021-10-22 07:17:56,20850.0,1700.0,3422900.0
310,2021-10-22 07:17:56,20850.0,300.0,3421200.0
311,2021-10-22 07:17:56,20850.0,1500.0,3420900.0
312,2021-10-22 07:17:56,20850.0,1000.0,3419400.0
313,2021-10-22 07:17:56,20850.0,1000.0,3418400.0
314,2021-10-22 07:17:56,20850.0,100.0,3417400.0
315,2021-10-22 07:17:56,20850.0,200.0,3417300.0
316,2021-10-22 07:17:56,20850.0,100.0,3417100.0
317,2021-10-22 07:17:56,20850.0,100.0,3417000.0
318,2021-10-22 07:17:56,20850.0,800.0,3416900.0
319,2021-10-22 07:17:53,20850.0,100.0,3416100.0
320,2021-10-22 07:17:40,20850.0,600.0,3416000.0
321,2021-10-22 07:17:40,20850.0,1400.0,3415400.0
322,2021-10-22 07:17:37,20850.0,2900.0,3414000.0
323,2021-10-22 07:17:37,20900.0,500.0,3411100.0
324,2021-10-22 07:17:31,20850.0,19800.0,3410600.0
325,2021-10-22 07:17:31,20850.0,100.0,3390800.0
326,2021-10-22 07:17:31,20850.0,800.0,3390700.0
327,2021-10-22 07:17:31,20850.0,200.0,3389900.0
328,2021-10-22 07:17:31,20850.0,3000.0,3389700.0
329,2021-10-22 07:17:31,20850.0,1000.0,3386700.0
330,2021-10-22 07:17:31,20850.0,1000.0,3385700.0
331,2021-10-22 07:17:31,20850.0,100.0,3384700.0
332,2021-10-22 07:17:31,20850.0,200.0,3384600.0
333,2021-10-22 07:17:31,20850.0,1000.0,3384400.0
334,2021-10-22 07:17:31,20850.0,200.0,3383400.0
335,2021-10-22 07:17:31,20850.0,500.0,3383200.0
336,2021-10-22 07:17:31,20850.0,5000.0,3382700.0
337,2021-10-22 07:17:31,20850.0,1000.0,3377700.0
338,2021-10-22 07:17:31,20850.0,1000.0,3376700.0
339,2021-10-22 07:17:31,20850.0,1000.0,3375700.0
340,2021-10-22 07:17:31,20850.0,5000.0,3374700.0
341,2021-10-22 07:17:31,20850.0,30000.0,3369700.0
342,2021-10-22 07:17:31,20850.0,100.0,3339700.0
343,2021-10-22 07:17:31,20850.0,200.0,3339600.0
344,2021-10-22 07:17:31,20850.0,500.0,3339400.0
345,2021-10-22 07:17:31,20850.0,4800.0,3338900.0
346,2021-10-22 07:17:31,20850.0,7000.0,3334100.0
347,2021-10-22 07:17:31,20850.0,1000.0,3327100.0
348,2021-10-22 07:17:31,20850.0,100.0,3326100.0
349,2021-10-22 07:17:31,20850.0,2000.0,3326000.0
350,2021-10-22 07:17:31,20850.0,100.0,3324000.0
351,2021-10-22 07:17:31,20850.0,2000.0,3323900.0
352,2021-10-22 07:17:31,20850.0,100.0,3321900.0
353,2021-10-22 07:17:31,20850.0,3000.0,3321800.0
354,2021-10-22 07:17:31,20850.0,1000.0,3318800.0
355,2021-10-22 07:17:31,20850.0,100.0,3317800.0
356,2021-10-22 07:17:31,20850.0,100.0,3317700.0
357,2021-10-22 07:17:31,20850.0,100.0,3317600.0
358,2021-10-22 07:17:31,20850.0,1000.0,3317500.0
359,2021-10-22 07:17:31,20850.0,51500.0,3316500.0
360,2021-10-22 07:17:28,20850.0,600.0,3265000.0
361,2021-10-22 07:17:19,20850.0,1000.0,3264400.0
362,2021-10-22 07:17:12,20850.0,100.0,3263400.0
363,2021-10-22 07:17:05,20850.0,10000.0,3263300.0
364,2021-10-22 07:16:57,20850.0,3700.0,3253300.0
365,2021-10-22 07:16:56,20850.0,6000.0,3249600.0
366,2021-10-22 07:16:53,20850.0,2000.0,3243600.0
367,2021-10-22 07:16:42,20850.0,2000.0,3241600.0
368,2021-10-22 07:16:28,20850.0,5000.0,3239600.0
369,2021-10-22 07:16:14,20900.0,100.0,3234600.0
370,2021-10-22 07:16:12,20850.0,1000.0,3234500.0
371,2021-10-22 07:16:09,20900.0,500.0,3233500.0
372,2021-10-22 07:16:09,20900.0,4500.0,3233000.0
373,2021-10-22 07:15:46,20850.0,100.0,3228500.0
374,2021-10-22 07:15:32,20900.0,200.0,3228400.0
375,2021-10-22 07:15:30,20850.0,100.0,3228200.0
376,2021-10-22 07:15:01,20900.0,100.0,3228100.0
377,2021-10-22 07:14:56,20850.0,3600.0,3228000.0
378,2021-10-22 07:14:53,20850.0,6000.0,3224400.0
379,2021-10-22 07:14:40,20900.0,1000.0,3218400.0
380,2021-10-22 07:14:40,20900.0,9000.0,3217400.0
381,2021-10-22 07:14:31,20900.0,500.0,3208400.0
382,2021-10-22 07:14:20,20850.0,1200.0,3207900.0
383,2021-10-22 07:14:12,20850.0,6100.0,3206700.0
384,2021-10-22 07:14:12,20850.0,1000.0,3200600.0
385,2021-10-22 07:14:12,20850.0,500.0,3199600.0
386,2021-10-22 07:14:12,20850.0,2000.0,3199100.0
387,2021-10-22 07:14:12,20850.0,100.0,3197100.0
388,2021-10-22 07:14:12,20850.0,100.0,3197000.0
389,2021-10-22 07:14:12,20850.0,100.0,3196900.0
390,2021-10-22 07:14:12,20850.0,100.0,3196800.0
391,2021-10-22 07:14:12,20850.0,500.0,3196700.0
392,2021-10-22 07:14:12,20850.0,200.0,3196200.0
393,2021-10-22 07:14:12,20850.0,200.0,3196000.0
394,2021-10-22 07:14:12,20850.0,2400.0,3195800.0
395,2021-10-22 07:14:12,20850.0,5000.0,3193400.0
396,2021-10-22 07:14:12,20850.0,100.0,3188400.0
397,2021-10-22 07:14:12,20850.0,1000.0,3188300.0
398,2021-10-22 07:14:12,20850.0,500.0,3187300.0
399,2021-10-22 07:14:12,20850.0,500.0,3186800.0
400,2021-10-22 07:14:04,20850.0,5000.0,3186300.0
401,2021-10-22 07:13:46,20900.0,200.0,3181300.0
402,2021-10-22 07:13:39,20850.0,200.0,3181100.0
403,2021-10-22 07:13:32,20850.0,100.0,3180900.0
404,2021-10-22 07:13:14,20850.0,2000.0,3180800.0
405,2021-10-22 07:13:04,20850.0,500.0,3178800.0
406,2021-10-22 07:13:02,20900.0,1000.0,3178300.0
407,2021-10-22 07:13:00,20900.0,100.0,3177300.0
408,2021-10-22 07:12:52,20900.0,1000.0,3177200.0
409,2021-10-22 07:12:49,20850.0,100.0,3176200.0
410,2021-10-22 07:12:45,20850.0,3800.0,3176100.0
411,2021-10-22 07:12:39,20900.0,100.0,3172300.0
412,2021-10-22 07:12:32,20900.0,100.0,3172200.0
413,2021-10-22 07:12:31,20850.0,300.0,3172100.0
414,2021-10-22 07:12:30,20900.0,200.0,3171800.0
415,2021-10-22 07:11:50,20900.0,100.0,3171600.0
416,2021-10-22 07:11:40,20850.0,3500.0,3171500.0
417,2021-10-22 07:11:40,20850.0,2600.0,3168000.0
418,2021-10-22 07:11:30,20850.0,2400.0,3165400.0
419,2021-10-22 07:11:30,20850.0,1000.0,3163000.0
420,2021-10-22 07:11:30,20850.0,100.0,3162000.0
421,2021-10-22 07:11:30,20850.0,200.0,3161900.0
422,2021-10-22 07:11:30,20850.0,200.0,3161700.0
423,2021-10-22 07:11:30,20850.0,100.0,3161500.0
424,2021-10-22 07:11:30,20850.0,200.0,3161400.0
425,2021-10-22 07:11:30,20850.0,2000.0,3161200.0
426,2021-10-22 07:11:30,20850.0,1000.0,3159200.0
427,2021-10-22 07:11:30,20850.0,200.0,3158200.0
428,2021-10-22 07:11:30,20850.0,1000.0,3158000.0
429,2021-10-22 07:11:30,20850.0,5000.0,3157000.0
430,2021-10-22 07:11:30,20850.0,100.0,3152000.0
431,2021-10-22 07:11:30,20850.0,500.0,3151900.0
432,2021-10-22 07:11:22,20900.0,500.0,3151400.0
433,2021-10-22 07:11:15,20850.0,100.0,3150900.0
434,2021-10-22 07:11:15,20850.0,500.0,3150800.0
435,2021-10-22 07:11:15,20850.0,300.0,3150300.0
436,2021-10-22 07:11:15,20850.0,100.0,3150000.0
437,2021-10-22 07:11:15,20850.0,4000.0,3149900.0
438,2021-10-22 07:10:47,20850.0,6000.0,3145900.0
439,2021-10-22 07:10:47,20850.0,1000.0,3139900.0
440,2021-10-22 07:10:47,20850.0,1500.0,3138900.0
441,2021-10-22 07:10:47,20850.0,100.0,3137400.0
442,2021-10-22 07:10:47,20850.0,700.0,3137300.0
443,2021-10-22 07:10:47,20850.0,200.0,3136600.0
444,2021-10-22 07:10:47,20850.0,100.0,3136400.0
445,2021-10-22 07:10:47,20850.0,1000.0,3136300.0
446,2021-10-22 07:10:47,20850.0,100.0,3135300.0
447,2021-10-22 07:10:47,20850.0,200.0,3135200.0
448,2021-10-22 07:10:47,20850.0,1000.0,3135000.0
449,2021-10-22 07:10:47,20850.0,100.0,3134000.0
450,2021-10-22 07:10:47,20850.0,100.0,3133900.0
451,2021-10-22 07:10:47,20850.0,100.0,3133800.0
452,2021-10-22 07:10:47,20850.0,100.0,3133700.0
453,2021-10-22 07:10:47,20850.0,100.0,3133600.0
454,2021-10-22 07:10:47,20850.0,5000.0,3133500.0
455,2021-10-22 07:10:47,20850.0,100.0,3128500.0
456,2021-10-22 07:10:47,20850.0,100.0,3128400.0
457,2021-10-22 07:10:47,20850.0,100.0,3128300.0
458,2021-10-22 07:10:47,20850.0,1000.0,3128200.0
459,2021-10-22 07:10:47,20850.0,10000.0,3127200.0
460,2021-10-22 07:10:47,20850.0,100.0,3117200.0
461,2021-10-22 07:10:47,20850.0,200.0,3117100.0
462,2021-10-22 07:10:47,20850.0,100.0,3116900.0
463,2021-10-22 07:10:47,20850.0,5000.0,3116800.0
464,2021-10-22 07:10:47,20850.0,100.0,3111800.0
465,2021-10-22 07:10:47,20850.0,100.0,3111700.0
466,2021-10-22 07:10:47,20850.0,5000.0,3111600.0
467,2021-10-22 07:10:47,20850.0,100.0,3106600.0
468,2021-10-22 07:10:47,20850.0,200.0,3106500.0
469,2021-10-22 07:10:47,20850.0,100.0,3106300.0
470,2021-10-22 07:10:47,20850.0,5000.0,3106200.0
471,2021-10-22 07:10:47,20850.0,100.0,3101200.0
472,2021-10-22 07:10:47,20850.0,300.0,3101100.0
473,2021-10-22 07:10:47,20850.0,300.0,3100800.0
474,2021-10-22 07:10:47,20850.0,300.0,3100500.0
475,2021-10-22 07:10:47,20850.0,100.0,3100200.0
476,2021-10-22 07:10:47,20850.0,100.0,3100100.0
477,2021-10-22 07:10:47,20850.0,14100.0,3100000.0
478,2021-10-22 07:10:42,20900.0,200.0,3085900.0
479,2021-10-22 07:10:36,20850.0,1800.0,3085700.0
480,2021-10-22 07:10:35,20850.0,3800.0,3083900.0
481,2021-10-22 07:10:30,20900.0,200.0,3080100.0
482,2021-10-22 07:10:10,20850.0,100.0,3079900.0
483,2021-10-22 07:09:57,20850.0,200.0,3079800.0
484,2021-10-22 07:09:57,20850.0,800.0,3079600.0
485,2021-10-22 07:09:50,20900.0,200.0,3078800.0
486,2021-10-22 07:09:44,20850.0,200.0,3078600.0
487,2021-10-22 07:09:44,20850.0,200.0,3078400.0
488,2021-10-22 07:09:44,20850.0,200.0,3078200.0
489,2021-10-22 07:09:44,20850.0,400.0,3078000.0
490,2021-10-22 07:09:35,20900.0,200.0,3077600.0
491,2021-10-22 07:09:12,20900.0,400.0,3077400.0
492,2021-10-22 07:09:12,20900.0,100.0,3077000.0
493,2021-10-22 07:09:12,20900.0,500.0,3076900.0
494,2021-10-22 07:09:08,20900.0,500.0,3076400.0
495,2021-10-22 07:09:08,20900.0,1000.0,3075900.0
496,2021-10-22 07:09:08,20900.0,500.0,3074900.0
497,2021-10-22 07:08:58,20850.0,100.0,3074400.0
498,2021-10-22 07:08:58,20850.0,400.0,3074300.0
499,2021-10-22 07:08:53,20900.0,200.0,3073900.0
500,2021-10-22 07:08:41,20900.0,100.0,3073700.0
501,2021-10-22 07:08:34,20850.0,3500.0,3073600.0
502,2021-10-22 07:08:28,20900.0,500.0,3070100.0
503,2021-10-22 07:08:20,20900.0,100.0,3069600.0
504,2021-10-22 07:07:29,20900.0,300.0,3069500.0
505,2021-10-22 07:07:29,20900.0,800.0,3069200.0
506,2021-10-22 07:07:09,20900.0,100.0,3068400.0
507,2021-10-22 07:07:00,20900.0,500.0,3068300.0
508,2021-10-22 07:06:51,20850.0,300.0,3067800.0
509,2021-10-22 07:06:46,20900.0,100.0,3067500.0
510,2021-10-22 07:06:36,20900.0,1000.0,3067400.0
511,2021-10-22 07:06:29,20900.0,2800.0,3066400.0
512,2021-10-22 07:06:29,20900.0,1000.0,3063600.0
513,2021-10-22 07:06:29,20900.0,2000.0,3062600.0
514,2021-10-22 07:06:29,20900.0,1000.0,3060600.0
515,2021-10-22 07:06:29,20900.0,2200.0,3059600.0
516,2021-10-22 07:06:29,20900.0,1000.0,3057400.0
517,2021-10-22 07:06:26,20850.0,3700.0,3056400.0
518,2021-10-22 07:05:46,20850.0,1800.0,3052700.0
519,2021-10-22 07:05:37,20900.0,800.0,3050900.0
520,2021-10-22 07:05:37,20900.0,100.0,3050100.0
521,2021-10-22 07:05:37,20900.0,100.0,3050000.0
522,2021-10-22 07:05:26,20900.0,1000.0,3049900.0
523,2021-10-22 07:05:18,20900.0,200.0,3048900.0
524,2021-10-22 07:05:16,20900.0,700.0,3048700.0
525,2021-10-22 07:05:12,20900.0,300.0,3048000.0
526,2021-10-22 07:05:12,20900.0,200.0,3047700.0
527,2021-10-22 07:05:12,20900.0,200.0,3047500.0
528,2021-10-22 07:05:12,20900.0,300.0,3047300.0
529,2021-10-22 07:04:56,20900.0,1000.0,3047000.0
530,2021-10-22 07:04:56,20900.0,700.0,3046000.0
531,2021-10-22 07:04:46,20900.0,800.0,3045300.0
532,2021-10-22 07:04:46,20900.0,400.0,3044500.0
533,2021-10-22 07:04:46,20900.0,1800.0,3044100.0
534,2021-10-22 07:04:44,20900.0,500.0,3042300.0
535,2021-10-22 07:04:31,20900.0,400.0,3041800.0
536,2021-10-22 07:04:25,20850.0,3500.0,3041400.0
537,2021-10-22 07:04:24,20900.0,100.0,3037900.0
538,2021-10-22 07:04:24,20900.0,100.0,3037800.0
539,2021-10-22 07:04:24,20900.0,100.0,3037700.0
540,2021-10-22 07:04:07,20900.0,1000.0,3037600.0
541,2021-10-22 07:04:04,20950.0,1000.0,3036600.0
542,2021-10-22 07:04:03,20900.0,2000.0,3035600.0
543,2021-10-22 07:04:03,20900.0,100.0,3033600.0
544,2021-10-22 07:03:59,20900.0,900.0,3033500.0
545,2021-10-22 07:03:59,20900.0,900.0,3032600.0
546,2021-10-22 07:03:59,20900.0,300.0,3031700.0
547,2021-10-22 07:03:59,20900.0,500.0,3031400.0
548,2021-10-22 07:03:59,20900.0,1000.0,3030900.0
549,2021-10-22 07:03:59,20900.0,100.0,3029900.0
550,2021-10-22 07:03:59,20900.0,300.0,3029800.0
551,2021-10-22 07:03:56,20900.0,500.0,3029500.0
552,2021-10-22 07:03:47,20900.0,100.0,3029000.0
553,2021-10-22 07:03:25,20900.0,400.0,3028900.0
554,2021-10-22 07:03:22,20900.0,300.0,3028500.0
555,2021-10-22 07:03:13,20900.0,300.0,3028200.0
556,2021-10-22 07:03:13,20900.0,2000.0,3027900.0
557,2021-10-22 07:03:11,20900.0,1000.0,3025900.0
558,2021-10-22 07:03:04,20900.0,1000.0,3024900.0
559,2021-10-22 07:03:04,20900.0,900.0,3023900.0
560,2021-10-22 07:03:03,20900.0,1000.0,3023000.0
561,2021-10-22 07:02:46,20900.0,1700.0,3022000.0
562,2021-10-22 07:02:46,20900.0,1700.0,3020300.0
563,2021-10-22 07:02:46,20900.0,300.0,3018600.0
564,2021-10-22 07:02:44,20900.0,100.0,3018300.0
565,2021-10-22 07:02:35,20900.0,200.0,3018200.0
566,2021-10-22 07:02:35,20900.0,300.0,3018000.0
567,2021-10-22 07:02:33,20900.0,200.0,3017700.0
568,2021-10-22 07:02:33,20900.0,100.0,3017500.0
569,2021-10-22 07:02:33,20900.0,200.0,3017400.0
570,2021-10-22 07:02:32,20900.0,400.0,3017200.0
571,2021-10-22 07:02:27,20900.0,400.0,3016800.0
572,2021-10-22 07:02:27,20900.0,500.0,3016400.0
573,2021-10-22 07:02:27,20900.0,2000.0,3015900.0
574,2021-10-22 07:02:27,20900.0,500.0,3013900.0
575,2021-10-22 07:02:27,20900.0,300.0,3013400.0
576,2021-10-22 07:02:27,20900.0,1800.0,3013100.0
577,2021-10-22 07:02:24,20900.0,200.0,3011300.0
578,2021-10-22 07:02:19,20900.0,800.0,3011100.0
579,2021-10-22 07:02:19,20900.0,500.0,3010300.0
580,2021-10-22 07:02:19,20900.0,2400.0,3009800.0
581,2021-10-22 07:01:59,20900.0,200.0,3007400.0
582,2021-10-22 07:01:59,20900.0,800.0,3007200.0
583,2021-10-22 07:01:59,20900.0,1000.0,3006400.0
584,2021-10-22 07:01:59,20900.0,100.0,3005400.0
585,2021-10-22 07:01:59,20900.0,1000.0,3005300.0
586,2021-10-22 07:01:59,20900.0,1000.0,3004300.0
587,2021-10-22 07:01:59,20900.0,700.0,3003300.0
588,2021-10-22 07:01:59,20900.0,500.0,3002600.0
589,2021-10-22 07:01:59,20900.0,2300.0,3002100.0
590,2021-10-22 07:01:47,20900.0,500.0,2999800.0
591,2021-10-22 07:01:36,20900.0,500.0,2999300.0
592,2021-10-22 07:01:29,20900.0,1000.0,2998800.0
593,2021-10-22 07:01:26,20900.0,500.0,2997800.0
594,2021-10-22 07:01:24,20900.0,1000.0,2997300.0
595,2021-10-22 07:01:23,20900.0,100.0,2996300.0
596,2021-10-22 07:01:22,20900.0,100.0,2996200.0
597,2021-10-22 07:01:20,20900.0,500.0,2996100.0
598,2021-10-22 07:01:18,20900.0,200.0,2995600.0
599,2021-10-22 07:01:18,20900.0,300.0,2995400.0
600,2021-10-22 07:01:18,20900.0,300.0,2995100.0
601,2021-10-22 07:01:17,20900.0,2700.0,2994800.0
602,2021-10-22 07:01:17,20900.0,100.0,2992100.0
603,2021-10-22 07:01:17,20900.0,100.0,2992000.0
604,2021-10-22 07:01:17,20900.0,100.0,2991900.0
605,2021-10-22 07:01:12,20900.0,300.0,2991800.0
606,2021-10-22 07:00:51,20900.0,600.0,2991500.0
607,2021-10-22 07:00:51,20900.0,600.0,2990900.0
608,2021-10-22 07:00:51,20900.0,1000.0,2990300.0
609,2021-10-22 07:00:51,20900.0,100.0,2989300.0
610,2021-10-22 07:00:51,20900.0,2100.0,2989200.0
611,2021-10-22 07:00:47,20900.0,1000.0,2987100.0
612,2021-10-22 07:00:46,20900.0,2000.0,2986100.0
613,2021-10-22 07:00:36,20900.0,100.0,2984100.0
614,2021-10-22 07:00:30,20900.0,500.0,2984000.0
615,2021-10-22 07:00:20,20900.0,500.0,2983500.0
616,2021-10-22 07:00:19,20850.0,1800.0,2983000.0
617,2021-10-22 07:00:19,20850.0,100.0,2981200.0
618,2021-10-22 07:00:19,20850.0,1000.0,2981100.0
619,2021-10-22 07:00:19,20850.0,100.0,2980100.0
620,2021-10-22 07:00:19,20850.0,100.0,2980000.0
621,2021-10-22 07:00:19,20850.0,500.0,2979900.0
622,2021-10-22 07:00:12,20900.0,5000.0,2979400.0
623,2021-10-22 07:00:12,20900.0,1000.0,2974400.0
624,2021-10-22 07:00:02,20900.0,1000.0,2973400.0
625,2021-10-22 06:59:48,20900.0,800.0,2972400.0
626,2021-10-22 06:59:47,20900.0,500.0,2971600.0
627,2021-10-22 06:59:47,20900.0,1000.0,2971100.0
628,2021-10-22 06:59:47,20900.0,500.0,2970100.0
629,2021-10-22 06:59:47,20900.0,500.0,2969600.0
630,2021-10-22 06:59:47,20900.0,200.0,2969100.0
631,2021-10-22 06:59:41,20900.0,200.0,2968900.0
632,2021-10-22 06:59:28,20900.0,200.0,2968700.0
633,2021-10-22 06:59:28,20900.0,1000.0,2968500.0
634,2021-10-22 06:59:28,20900.0,100.0,2967500.0
635,2021-10-22 06:59:28,20900.0,200.0,2967400.0
636,2021-10-22 06:59:28,20900.0,100.0,2967200.0
637,2021-10-22 06:59:28,20900.0,100.0,2967100.0
638,2021-10-22 06:59:28,20900.0,2800.0,2967000.0
639,2021-10-22 06:59:27,20900.0,500.0,2964200.0
640,2021-10-22 06:59:15,20900.0,100.0,2963700.0
641,2021-10-22 06:59:13,20900.0,2900.0,2963600.0
642,2021-10-22 06:59:13,20900.0,100.0,2960700.0
643,2021-10-22 06:59:13,20900.0,2000.0,2960600.0
644,2021-10-22 06:59:12,20900.0,500.0,2958600.0
645,2021-10-22 06:59:04,20900.0,500.0,2958100.0
646,2021-10-22 06:58:56,20900.0,1000.0,2957600.0
647,2021-10-22 06:58:45,20900.0,400.0,2956600.0
648,2021-10-22 06:58:44,20900.0,100.0,2956200.0
649,2021-10-22 06:58:44,20900.0,500.0,2956100.0
650,2021-10-22 06:58:43,20900.0,200.0,2955600.0
651,2021-10-22 06:58:37,20900.0,100.0,2955400.0
652,2021-10-22 06:58:27,20900.0,100.0,2955300.0
653,2021-10-22 06:58:27,20900.0,500.0,2955200.0
654,2021-10-22 06:58:27,20900.0,4100.0,2954700.0
655,2021-10-22 06:58:23,20900.0,900.0,2950600.0
656,2021-10-22 06:58:23,20900.0,100.0,2949700.0
657,2021-10-22 06:58:23,20900.0,2000.0,2949600.0
658,2021-10-22 06:58:19,20900.0,200.0,2947600.0
659,2021-10-22 06:58:18,20900.0,7800.0,2947400.0
660,2021-10-22 06:58:18,20900.0,500.0,2939600.0
661,2021-10-22 06:58:18,20900.0,100.0,2939100.0
662,2021-10-22 06:58:18,20900.0,200.0,2939000.0
663,2021-10-22 06:58:18,20900.0,5000.0,2938800.0
664,2021-10-22 06:58:18,20900.0,16400.0,2933800.0
665,2021-10-22 06:58:16,20900.0,1000.0,2917400.0
666,2021-10-22 06:58:14,20900.0,100.0,2916400.0
667,2021-10-22 06:58:11,20900.0,500.0,2916300.0
668,2021-10-22 06:58:08,20900.0,3800.0,2915800.0
669,2021-10-22 06:57:57,20900.0,2000.0,2912000.0
670,2021-10-22 06:57:57,20900.0,100.0,2910000.0
671,2021-10-22 06:57:54,20900.0,24100.0,2909900.0
672,2021-10-22 06:57:54,20900.0,500.0,2885800.0
673,2021-10-22 06:57:54,20900.0,1000.0,2885300.0
674,2021-10-22 06:57:54,20900.0,500.0,2884300.0
675,2021-10-22 06:57:54,20900.0,1000.0,2883800.0
676,2021-10-22 06:57:54,20900.0,900.0,2882800.0
677,2021-10-22 06:57:45,20900.0,2600.0,2881900.0
678,2021-10-22 06:57:41,20900.0,500.0,2879300.0
679,2021-10-22 06:57:41,20900.0,500.0,2878800.0
680,2021-10-22 06:57:41,20900.0,200.0,2878300.0
681,2021-10-22 06:57:41,20900.0,600.0,2878100.0
682,2021-10-22 06:57:41,20900.0,500.0,2877500.0
683,2021-10-22 06:57:41,20900.0,3000.0,2877000.0
684,2021-10-22 06:57:41,20900.0,1000.0,2874000.0
685,2021-10-22 06:57:41,20900.0,100.0,2873000.0
686,2021-10-22 06:57:41,20900.0,300.0,2872900.0
687,2021-10-22 06:57:41,20900.0,2000.0,2872600.0
688,2021-10-22 06:57:41,20900.0,5000.0,2870600.0
689,2021-10-22 06:57:41,20900.0,1000.0,2865600.0
690,2021-10-22 06:57:41,20900.0,1000.0,2864600.0
691,2021-10-22 06:57:41,20900.0,10000.0,2863600.0
692,2021-10-22 06:57:41,20900.0,100.0,2853600.0
693,2021-10-22 06:57:41,20900.0,3000.0,2853500.0
694,2021-10-22 06:57:41,20900.0,100.0,2850500.0
695,2021-10-22 06:57:41,20900.0,800.0,2850400.0
696,2021-10-22 06:57:41,20900.0,200.0,2849600.0
697,2021-10-22 06:57:41,20900.0,100.0,2849400.0
698,2021-10-22 06:57:39,20900.0,1100.0,2849300.0
699,2021-10-22 06:57:39,20900.0,1000.0,2848200.0
700,2021-10-22 06:57:39,20900.0,100.0,2847200.0
701,2021-10-22 06:57:39,20900.0,3200.0,2847100.0
702,2021-10-22 06:57:39,20900.0,7700.0,2843900.0
703,2021-10-22 06:57:26,20900.0,10000.0,2836200.0
704,2021-10-22 06:57:24,20900.0,2300.0,2826200.0
705,2021-10-22 06:57:24,20900.0,1000.0,2823900.0
706,2021-10-22 06:57:24,20900.0,1000.0,2822900.0
707,2021-10-22 06:57:24,20900.0,300.0,2821900.0
708,2021-10-22 06:57:24,20900.0,300.0,2821600.0
709,2021-10-22 06:57:24,20900.0,100.0,2821300.0
710,2021-10-22 06:57:16,20900.0,800.0,2821200.0
711,2021-10-22 06:57:12,20900.0,1200.0,2820400.0
712,2021-10-22 06:57:12,20900.0,600.0,2819200.0
713,2021-10-22 06:57:12,20900.0,1000.0,2818600.0
714,2021-10-22 06:57:12,20900.0,1000.0,2817600.0
715,2021-10-22 06:57:12,20900.0,100.0,2816600.0
716,2021-10-22 06:57:12,20900.0,100.0,2816500.0
717,2021-10-22 06:57:12,20900.0,100.0,2816400.0
718,2021-10-22 06:57:12,20900.0,100.0,2816300.0
719,2021-10-22 06:57:12,20900.0,200.0,2816200.0
720,2021-10-22 06:57:12,20900.0,5000.0,2816000.0
721,2021-10-22 06:57:12,20900.0,100.0,2811000.0
722,2021-10-22 06:57:12,20900.0,500.0,2810900.0
723,2021-10-22 06:56:51,20900.0,300.0,2810400.0
724,2021-10-22 06:56:51,20900.0,1100.0,2810100.0
725,2021-10-22 06:56:51,20900.0,200.0,2809000.0
726,2021-10-22 06:56:51,20900.0,200.0,2808800.0
727,2021-10-22 06:56:50,20900.0,100.0,2808600.0
728,2021-10-22 06:56:50,20900.0,200.0,2808500.0
729,2021-10-22 06:56:50,20900.0,3700.0,2808300.0
730,2021-10-22 06:56:43,20900.0,5000.0,2804600.0
731,2021-10-22 06:56:27,20900.0,600.0,2799600.0
732,2021-10-22 06:56:12,20900.0,700.0,2799000.0
733,2021-10-22 06:56:12,20900.0,100.0,2798300.0
734,2021-10-22 06:56:12,20900.0,300.0,2798200.0
735,2021-10-22 06:56:12,20900.0,100.0,2797900.0
736,2021-10-22 06:56:12,20900.0,100.0,2797800.0
737,2021-10-22 06:56:12,20900.0,200.0,2797700.0
738,2021-10-22 06:56:11,20900.0,800.0,2797500.0
739,2021-10-22 06:56:11,20900.0,200.0,2796700.0
740,2021-10-22 06:56:11,20900.0,200.0,2796500.0
741,2021-10-22 06:56:11,20900.0,300.0,2796300.0
742,2021-10-22 06:56:07,20900.0,700.0,2796000.0
743,2021-10-22 06:56:07,20900.0,100.0,2795300.0
744,2021-10-22 06:56:07,20900.0,100.0,2795200.0
745,2021-10-22 06:56:07,20900.0,2700.0,2795100.0
746,2021-10-22 06:55:57,20950.0,100.0,2792400.0
747,2021-10-22 06:55:52,20950.0,300.0,2792300.0
748,2021-10-22 06:55:47,20950.0,100.0,2792000.0
749,2021-10-22 06:55:43,20900.0,300.0,2791900.0
750,2021-10-22 06:55:43,20900.0,1000.0,2791600.0
751,2021-10-22 06:55:43,20900.0,1000.0,2790600.0
752,2021-10-22 06:55:43,20900.0,100.0,2789600.0
753,2021-10-22 06:55:43,20900.0,1000.0,2789500.0
754,2021-10-22 06:55:43,20900.0,1100.0,2788500.0
755,2021-10-22 06:55:43,20900.0,100.0,2787400.0
756,2021-10-22 06:55:43,20900.0,100.0,2787300.0
757,2021-10-22 06:55:43,20900.0,2000.0,2787200.0
758,2021-10-22 06:55:43,20900.0,100.0,2785200.0
759,2021-10-22 06:55:43,20900.0,5000.0,2785100.0
760,2021-10-22 06:55:43,20900.0,100.0,2780100.0
761,2021-10-22 06:55:43,20900.0,100.0,2780000.0
762,2021-10-22 06:55:43,20900.0,2000.0,2779900.0
763,2021-10-22 06:55:43,20900.0,300.0,2777900.0
764,2021-10-22 06:55:43,20900.0,5000.0,2777600.0
765,2021-10-22 06:55:43,20900.0,100.0,2772600.0
766,2021-10-22 06:55:43,20900.0,400.0,2772500.0
767,2021-10-22 06:55:43,20900.0,500.0,2772100.0
768,2021-10-22 06:55:43,20900.0,200.0,2771600.0
769,2021-10-22 06:55:43,20900.0,200.0,2771400.0
770,2021-10-22 06:55:43,20900.0,100.0,2771200.0
771,2021-10-22 06:55:43,20900.0,3000.0,2771100.0
772,2021-10-22 06:55:43,20900.0,500.0,2768100.0
773,2021-10-22 06:55:43,20900.0,12000.0,2767600.0
774,2021-10-22 06:55:43,20900.0,100.0,2755600.0
775,2021-10-22 06:55:43,20900.0,2000.0,2755500.0
776,2021-10-22 06:55:43,20900.0,700.0,2753500.0
777,2021-10-22 06:55:43,20900.0,100.0,2752800.0
778,2021-10-22 06:55:43,20900.0,100.0,2752700.0
779,2021-10-22 06:55:43,20900.0,100.0,2752600.0
780,2021-10-22 06:55:43,20900.0,2000.0,2752500.0
781,2021-10-22 06:55:43,20900.0,1000.0,2750500.0
782,2021-10-22 06:55:43,20900.0,1000.0,2749500.0
783,2021-10-22 06:55:43,20900.0,100.0,2748500.0
784,2021-10-22 06:55:43,20900.0,1000.0,2748400.0
785,2021-10-22 06:55:43,20900.0,500.0,2747400.0
786,2021-10-22 06:55:43,20900.0,100.0,2746900.0
787,2021-10-22 06:55:43,20900.0,100.0,2746800.0
788,2021-10-22 06:55:43,20900.0,2000.0,2746700.0
789,2021-10-22 06:55:43,20900.0,500.0,2744700.0
790,2021-10-22 06:55:43,20900.0,1000.0,2744200.0
791,2021-10-22 06:55:43,20900.0,100.0,2743200.0
792,2021-10-22 06:55:43,20900.0,1000.0,2743100.0
793,2021-10-22 06:55:43,20900.0,200.0,2742100.0
794,2021-10-22 06:55:20,20950.0,200.0,2741900.0
795,2021-10-22 06:55:12,20900.0,400.0,2741700.0
796,2021-10-22 06:55:07,20900.0,1000.0,2741300.0
797,2021-10-22 06:54:43,20950.0,100.0,2740300.0
798,2021-10-22 06:54:36,20900.0,300.0,2740200.0
799,2021-10-22 06:54:28,20900.0,9300.0,2739900.0
800,2021-10-22 06:54:28,20900.0,200.0,2730600.0
801,2021-10-22 06:54:28,20900.0,100.0,2730400.0
802,2021-10-22 06:54:28,20900.0,1000.0,2730300.0
803,2021-10-22 06:54:28,20900.0,500.0,2729300.0
804,2021-10-22 06:54:28,20900.0,500.0,2728800.0
805,2021-10-22 06:54:28,20900.0,100.0,2728300.0
806,2021-10-22 06:54:28,20900.0,100.0,2728200.0
807,2021-10-22 06:54:28,20900.0,1500.0,2728100.0
808,2021-10-22 06:54:28,20900.0,1000.0,2726600.0
809,2021-10-22 06:54:28,20900.0,1000.0,2725600.0
810,2021-10-22 06:54:28,20900.0,100.0,2724600.0
811,2021-10-22 06:54:28,20900.0,100.0,2724500.0
812,2021-10-22 06:54:28,20900.0,1000.0,2724400.0
813,2021-10-22 06:54:28,20900.0,100.0,2723400.0
814,2021-10-22 06:54:28,20900.0,1000.0,2723300.0
815,2021-10-22 06:54:28,20900.0,2000.0,2722300.0
816,2021-10-22 06:54:28,20900.0,100.0,2720300.0
817,2021-10-22 06:54:28,20900.0,500.0,2720200.0
818,2021-10-22 06:54:28,20900.0,500.0,2719700.0
819,2021-10-22 06:54:28,20900.0,200.0,2719200.0
820,2021-10-22 06:54:28,20900.0,5000.0,2719000.0
821,2021-10-22 06:54:28,20900.0,100.0,2714000.0
822,2021-10-22 06:54:28,20900.0,100.0,2713900.0
823,2021-10-22 06:54:28,20900.0,200.0,2713800.0
824,2021-10-22 06:54:28,20900.0,4300.0,2713600.0
825,2021-10-22 06:54:28,20900.0,1000.0,2709300.0
826,2021-10-22 06:54:28,20900.0,200.0,2708300.0
827,2021-10-22 06:54:28,20900.0,400.0,2708100.0
828,2021-10-22 06:54:28,20900.0,17800.0,2707700.0
829,2021-10-22 06:54:10,20900.0,1100.0,2689900.0
830,2021-10-22 06:54:00,20900.0,1100.0,2688800.0
831,2021-10-22 06:54:00,20900.0,1000.0,2687700.0
832,2021-10-22 06:54:00,20900.0,100.0,2686700.0
833,2021-10-22 06:54:00,20900.0,300.0,2686600.0
834,2021-10-22 06:54:00,20900.0,100.0,2686300.0
835,2021-10-22 06:54:00,20900.0,100.0,2686200.0
836,2021-10-22 06:54:00,20900.0,500.0,2686100.0
837,2021-10-22 06:54:00,20900.0,100.0,2685600.0
838,2021-10-22 06:54:00,20900.0,100.0,2685500.0
839,2021-10-22 06:54:00,20900.0,100.0,2685400.0
840,2021-10-22 06:54:00,20900.0,200.0,2685300.0
841,2021-10-22 06:53:52,20900.0,100.0,2685100.0
842,2021-10-22 06:53:43,20900.0,500.0,2685000.0
843,2021-10-22 06:53:25,20950.0,300.0,2684500.0
844,2021-10-22 06:52:40,20950.0,3800.0,2684200.0
845,2021-10-22 06:52:32,20950.0,100.0,2680400.0
846,2021-10-22 06:52:28,20900.0,200.0,2680300.0
847,2021-10-22 06:52:28,20900.0,300.0,2680100.0
848,2021-10-22 06:52:19,20900.0,700.0,2679800.0
849,2021-10-22 06:52:19,20900.0,300.0,2679100.0
850,2021-10-22 06:52:13,20900.0,200.0,2678800.0
851,2021-10-22 06:52:09,20900.0,5000.0,2678600.0
852,2021-10-22 06:52:09,20900.0,500.0,2673600.0
853,2021-10-22 06:52:09,20900.0,100.0,2673100.0
854,2021-10-22 06:52:09,20900.0,300.0,2673000.0
855,2021-10-22 06:52:09,20900.0,300.0,2672700.0
856,2021-10-22 06:52:09,20900.0,100.0,2672400.0
857,2021-10-22 06:52:09,20900.0,1000.0,2672300.0
858,2021-10-22 06:52:09,20900.0,100.0,2671300.0
859,2021-10-22 06:52:07,20900.0,1000.0,2671200.0
860,2021-10-22 06:52:03,20950.0,3000.0,2670200.0
861,2021-10-22 06:52:01,20950.0,100.0,2667200.0
862,2021-10-22 06:51:53,20900.0,600.0,2667100.0
863,2021-10-22 06:51:51,20900.0,300.0,2666500.0
864,2021-10-22 06:51:51,20900.0,100.0,2666200.0
865,2021-10-22 06:51:51,20900.0,100.0,2666100.0
866,2021-10-22 06:51:51,20900.0,200.0,2666000.0
867,2021-10-22 06:51:51,20900.0,3100.0,2665800.0
868,2021-10-22 06:51:28,20900.0,800.0,2662700.0
869,2021-10-22 06:51:16,20950.0,100.0,2661900.0
870,2021-10-22 06:51:09,20900.0,200.0,2661800.0
871,2021-10-22 06:51:00,20950.0,2000.0,2661600.0
872,2021-10-22 06:50:57,20900.0,5900.0,2659600.0
873,2021-10-22 06:50:57,20900.0,100.0,2653700.0
874,2021-10-22 06:50:50,20900.0,1000.0,2653600.0
875,2021-10-22 06:50:50,20900.0,100.0,2652600.0
876,2021-10-22 06:50:50,20900.0,3300.0,2652500.0
877,2021-10-22 06:50:38,20900.0,2000.0,2649200.0
878,2021-10-22 06:50:23,20950.0,3100.0,2647200.0
879,2021-10-22 06:50:23,20950.0,400.0,2644100.0
880,2021-10-22 06:50:23,20950.0,300.0,2643700.0
881,2021-10-22 06:50:23,20950.0,2000.0,2643400.0
882,2021-10-22 06:50:23,20950.0,100.0,2641400.0
883,2021-10-22 06:50:23,20950.0,400.0,2641300.0
884,2021-10-22 06:50:23,20950.0,3700.0,2640900.0
885,2021-10-22 06:50:18,20900.0,4700.0,2637200.0
886,2021-10-22 06:50:18,20900.0,200.0,2632500.0
887,2021-10-22 06:50:18,20900.0,100.0,2632300.0
888,2021-10-22 06:50:18,20900.0,500.0,2632200.0
889,2021-10-22 06:50:18,20900.0,400.0,2631700.0
890,2021-10-22 06:50:18,20900.0,100.0,2631300.0
891,2021-10-22 06:50:18,20900.0,1000.0,2631200.0
892,2021-10-22 06:50:18,20900.0,100.0,2630200.0
893,2021-10-22 06:50:18,20900.0,100.0,2630100.0
894,2021-10-22 06:50:18,20900.0,100.0,2630000.0
895,2021-10-22 06:50:18,20900.0,200.0,2629900.0
896,2021-10-22 06:50:18,20900.0,100.0,2629700.0
897,2021-10-22 06:50:18,20900.0,1000.0,2629600.0
898,2021-10-22 06:50:18,20900.0,200.0,2628600.0
899,2021-10-22 06:50:18,20900.0,200.0,2628400.0
900,2021-10-22 06:50:18,20900.0,100.0,2628200.0
901,2021-10-22 06:50:18,20900.0,200.0,2628100.0
902,2021-10-22 06:50:18,20900.0,200.0,2627900.0
903,2021-10-22 06:50:18,20900.0,100.0,2627700.0
904,2021-10-22 06:50:18,20900.0,2000.0,2627600.0
905,2021-10-22 06:50:18,20900.0,300.0,2625600.0
906,2021-10-22 06:50:18,20900.0,200.0,2625300.0
907,2021-10-22 06:50:18,20900.0,100.0,2625100.0
908,2021-10-22 06:50:18,20900.0,1000.0,2625000.0
909,2021-10-22 06:50:18,20900.0,800.0,2624000.0
910,2021-10-22 06:50:10,20900.0,200.0,2623200.0
911,2021-10-22 06:50:10,20900.0,500.0,2623000.0
912,2021-10-22 06:50:10,20900.0,200.0,2622500.0
913,2021-10-22 06:50:10,20900.0,200.0,2622300.0
914,2021-10-22 06:50:10,20900.0,2000.0,2622100.0
915,2021-10-22 06:50:10,20900.0,2400.0,2620100.0
916,2021-10-22 06:50:10,20900.0,1000.0,2617700.0
917,2021-10-22 06:50:10,20900.0,10000.0,2616700.0
918,2021-10-22 06:50:10,20900.0,200.0,2606700.0
919,2021-10-22 06:50:10,20900.0,1000.0,2606500.0
920,2021-10-22 06:50:10,20900.0,1000.0,2605500.0
921,2021-10-22 06:50:10,20900.0,100.0,2604500.0
922,2021-10-22 06:50:10,20900.0,1000.0,2604400.0
923,2021-10-22 06:50:10,20900.0,400.0,2603400.0
924,2021-10-22 06:50:10,20900.0,2000.0,2603000.0
925,2021-10-22 06:50:10,20900.0,2500.0,2601000.0
926,2021-10-22 06:50:10,20900.0,300.0,2598500.0
927,2021-10-22 06:50:10,20900.0,500.0,2598200.0
928,2021-10-22 06:50:10,20900.0,500.0,2597700.0
929,2021-10-22 06:50:10,20900.0,5000.0,2597200.0
930,2021-10-22 06:50:10,20900.0,200.0,2592200.0
931,2021-10-22 06:50:10,20900.0,100.0,2592000.0
932,2021-10-22 06:50:10,20900.0,100.0,2591900.0
933,2021-10-22 06:50:10,20900.0,500.0,2591800.0
934,2021-10-22 06:50:10,20900.0,500.0,2591300.0
935,2021-10-22 06:50:10,20900.0,1400.0,2590800.0
936,2021-10-22 06:50:10,20900.0,500.0,2589400.0
937,2021-10-22 06:50:10,20900.0,100.0,2588900.0
938,2021-10-22 06:50:10,20900.0,500.0,2588800.0
939,2021-10-22 06:50:10,20900.0,1000.0,2588300.0
940,2021-10-22 06:50:10,20900.0,100.0,2587300.0
941,2021-10-22 06:50:10,20900.0,1000.0,2587200.0
942,2021-10-22 06:50:10,20900.0,500.0,2586200.0
943,2021-10-22 06:50:10,20900.0,1000.0,2585700.0
944,2021-10-22 06:50:10,20900.0,400.0,2584700.0
945,2021-10-22 06:50:10,20900.0,100.0,2584300.0
946,2021-10-22 06:50:10,20900.0,100.0,2584200.0
947,2021-10-22 06:50:10,20900.0,100.0,2584100.0
948,2021-10-22 06:50:10,20900.0,600.0,2584000.0
949,2021-10-22 06:50:10,20900.0,100.0,2583400.0
950,2021-10-22 06:50:10,20900.0,500.0,2583300.0
951,2021-10-22 06:50:10,20900.0,100.0,2582800.0
952,2021-10-22 06:50:10,20900.0,3000.0,2582700.0
953,2021-10-22 06:50:10,20900.0,300.0,2579700.0
954,2021-10-22 06:50:10,20900.0,100.0,2579400.0
955,2021-10-22 06:50:10,20900.0,300.0,2579300.0
956,2021-10-22 06:50:10,20900.0,100.0,2579000.0
957,2021-10-22 06:50:10,20900.0,500.0,2578900.0
958,2021-10-22 06:50:10,20900.0,200.0,2578400.0
959,2021-10-22 06:50:10,20900.0,1500.0,2578200.0
960,2021-10-22 06:50:10,20900.0,2000.0,2576700.0
961,2021-10-22 06:50:10,20900.0,100.0,2574700.0
962,2021-10-22 06:50:10,20900.0,1400.0,2574600.0
963,2021-10-22 06:50:02,20950.0,500.0,2573200.0
964,2021-10-22 06:49:51,20900.0,300.0,2572700.0
965,2021-10-22 06:49:51,20900.0,300.0,2572400.0
966,2021-10-22 06:49:51,20900.0,2900.0,2572100.0
967,2021-10-22 06:49:35,20950.0,500.0,2569200.0
968,2021-10-22 06:49:10,20950.0,2000.0,2568700.0
969,2021-10-22 06:48:54,20900.0,100.0,2566700.0
970,2021-10-22 06:48:54,20900.0,200.0,2566600.0
971,2021-10-22 06:48:54,20900.0,100.0,2566400.0
972,2021-10-22 06:48:54,20900.0,500.0,2566300.0
973,2021-10-22 06:48:54,20900.0,300.0,2565800.0
974,2021-10-22 06:48:54,20900.0,500.0,2565500.0
975,2021-10-22 06:48:54,20900.0,100.0,2565000.0
976,2021-10-22 06:48:54,20900.0,700.0,2564900.0
977,2021-10-22 06:48:52,20900.0,2600.0,2564200.0
978,2021-10-22 06:48:28,20900.0,200.0,2561600.0
979,2021-10-22 06:48:09,20900.0,1000.0,2561400.0
980,2021-10-22 06:48:04,20950.0,100.0,2560400.0
981,2021-10-22 06:47:52,20900.0,500.0,2560300.0
982,2021-10-22 06:47:52,20900.0,1000.0,2559800.0
983,2021-10-22 06:47:52,20900.0,100.0,2558800.0
984,2021-10-22 06:47:52,20900.0,100.0,2558700.0
985,2021-10-22 06:47:52,20900.0,500.0,2558600.0
986,2021-10-22 06:47:52,20900.0,100.0,2558100.0
987,2021-10-22 06:47:52,20900.0,1000.0,2558000.0
988,2021-10-22 06:47:52,20900.0,200.0,2557000.0
989,2021-10-22 06:47:52,20900.0,100.0,2556800.0
990,2021-10-22 06:47:52,20900.0,100.0,2556700.0
991,2021-10-22 06:47:52,20900.0,100.0,2556600.0
992,2021-10-22 06:47:52,20900.0,100.0,2556500.0
993,2021-10-22 06:47:52,20900.0,100.0,2556400.0
994,2021-10-22 06:47:44,20900.0,3500.0,2556300.0
995,2021-10-22 06:47:44,20900.0,200.0,2552800.0
996,2021-10-22 06:47:41,20950.0,200.0,2552600.0
997,2021-10-22 06:47:41,20950.0,100.0,2552400.0
998,2021-10-22 06:47:41,20950.0,1700.0,2552300.0
999,2021-10-22 06:47:36,20900.0,1800.0,2550600.0
1000,2021-10-22 06:47:36,20900.0,100.0,2548800.0
1001,2021-10-22 06:47:36,20900.0,100.0,2548700.0
1002,2021-10-22 06:47:36,20900.0,100.0,2548600.0
1003,2021-10-22 06:47:36,20900.0,30000.0,2548500.0
1004,2021-10-22 06:47:36,20900.0,2000.0,2518500.0
1005,2021-10-22 06:47:36,20900.0,500.0,2516500.0
1006,2021-10-22 06:47:36,20900.0,2000.0,2516000.0
1007,2021-10-22 06:47:36,20900.0,200.0,2514000.0
1008,2021-10-22 06:47:36,20900.0,100.0,2513800.0
1009,2021-10-22 06:47:36,20900.0,2000.0,2513700.0
1010,2021-10-22 06:47:36,20900.0,500.0,2511700.0
1011,2021-10-22 06:47:36,20900.0,2500.0,2511200.0
1012,2021-10-22 06:47:36,20900.0,200.0,2508700.0
1013,2021-10-22 06:47:36,20900.0,200.0,2508500.0
1014,2021-10-22 06:47:36,20900.0,100.0,2508300.0
1015,2021-10-22 06:47:36,20900.0,300.0,2508200.0
1016,2021-10-22 06:47:36,20900.0,500.0,2507900.0
1017,2021-10-22 06:47:36,20900.0,300.0,2507400.0
1018,2021-10-22 06:47:36,20900.0,100.0,2507100.0
1019,2021-10-22 06:47:36,20900.0,200.0,2507000.0
1020,2021-10-22 06:47:36,20900.0,100.0,2506800.0
1021,2021-10-22 06:47:36,20900.0,500.0,2506700.0
1022,2021-10-22 06:47:36,20900.0,500.0,2506200.0
1023,2021-10-22 06:47:36,20900.0,1000.0,2505700.0
1024,2021-10-22 06:47:36,20900.0,100.0,2504700.0
1025,2021-10-22 06:47:36,20900.0,200.0,2504600.0
1026,2021-10-22 06:47:36,20900.0,1500.0,2504400.0
1027,2021-10-22 06:47:36,20900.0,100.0,2502900.0
1028,2021-10-22 06:47:36,20900.0,2200.0,2502800.0
1029,2021-10-22 06:47:29,20950.0,500.0,2500600.0
1030,2021-10-22 06:47:05,20900.0,1000.0,2500100.0
1031,2021-10-22 06:47:05,20950.0,600.0,2499100.0
1032,2021-10-22 06:47:04,20900.0,1000.0,2498500.0
1033,2021-10-22 06:46:52,20950.0,300.0,2497500.0
1034,2021-10-22 06:46:40,20950.0,200.0,2497200.0
1035,2021-10-22 06:46:37,20950.0,100.0,2497000.0
1036,2021-10-22 06:46:36,20900.0,100.0,2496900.0
1037,2021-10-22 06:46:33,20950.0,100.0,2496800.0
1038,2021-10-22 06:46:20,20950.0,3000.0,2496700.0
1039,2021-10-22 06:46:18,20900.0,1800.0,2493700.0
1040,2021-10-22 06:46:18,20900.0,1300.0,2491900.0
1041,2021-10-22 06:46:18,20900.0,1000.0,2490600.0
1042,2021-10-22 06:46:18,20900.0,1000.0,2489600.0
1043,2021-10-22 06:46:18,20900.0,1000.0,2488600.0
1044,2021-10-22 06:46:18,20900.0,3400.0,2487600.0
1045,2021-10-22 06:46:18,20900.0,500.0,2484200.0
1046,2021-10-22 06:46:15,20900.0,100.0,2483700.0
1047,2021-10-22 06:46:10,20950.0,900.0,2483600.0
1048,2021-10-22 06:46:02,20950.0,1000.0,2482700.0
1049,2021-10-22 06:45:57,20900.0,400.0,2481700.0
1050,2021-10-22 06:45:57,20900.0,1000.0,2481300.0
1051,2021-10-22 06:45:57,20900.0,1000.0,2480300.0
1052,2021-10-22 06:45:57,20900.0,100.0,2479300.0
1053,2021-10-22 06:45:57,20900.0,1000.0,2479200.0
1054,2021-10-22 06:45:57,20900.0,100.0,2478200.0
1055,2021-10-22 06:45:57,20900.0,2000.0,2478100.0
1056,2021-10-22 06:45:57,20900.0,500.0,2476100.0
1057,2021-10-22 06:45:57,20900.0,600.0,2475600.0
1058,2021-10-22 06:45:57,20900.0,1000.0,2475000.0
1059,2021-10-22 06:45:57,20900.0,500.0,2474000.0
1060,2021-10-22 06:45:57,20900.0,100.0,2473500.0
1061,2021-10-22 06:45:57,20900.0,500.0,2473400.0
1062,2021-10-22 06:45:57,20900.0,1000.0,2472900.0
1063,2021-10-22 06:45:57,20900.0,500.0,2471900.0
1064,2021-10-22 06:45:57,20900.0,500.0,2471400.0
1065,2021-10-22 06:45:57,20900.0,3000.0,2470900.0
1066,2021-10-22 06:45:57,20900.0,11000.0,2467900.0
1067,2021-10-22 06:45:57,20900.0,200.0,2456900.0
1068,2021-10-22 06:45:57,20900.0,600.0,2456700.0
1069,2021-10-22 06:45:57,20900.0,500.0,2456100.0
1070,2021-10-22 06:45:57,20900.0,5000.0,2455600.0
1071,2021-10-22 06:45:57,20900.0,1500.0,2450600.0
1072,2021-10-22 06:45:57,20900.0,2000.0,2449100.0
1073,2021-10-22 06:45:57,20900.0,1000.0,2447100.0
1074,2021-10-22 06:45:57,20900.0,100.0,2446100.0
1075,2021-10-22 06:45:57,20900.0,200.0,2446000.0
1076,2021-10-22 06:45:57,20900.0,200.0,2445800.0
1077,2021-10-22 06:45:57,20900.0,100.0,2445600.0
1078,2021-10-22 06:45:57,20900.0,4700.0,2445500.0
1079,2021-10-22 06:45:57,20900.0,1000.0,2440800.0
1080,2021-10-22 06:45:57,20900.0,600.0,2439800.0
1081,2021-10-22 06:45:57,20900.0,2000.0,2439200.0
1082,2021-10-22 06:45:57,20900.0,600.0,2437200.0
1083,2021-10-22 06:45:57,20900.0,100.0,2436600.0
1084,2021-10-22 06:45:57,20900.0,2000.0,2436500.0
1085,2021-10-22 06:45:57,20900.0,400.0,2434500.0
1086,2021-10-22 06:45:57,20900.0,100.0,2434100.0
1087,2021-10-22 06:45:57,20900.0,100.0,2434000.0
1088,2021-10-22 06:45:57,20900.0,100.0,2433900.0
1089,2021-10-22 06:45:57,20900.0,500.0,2433800.0
1090,2021-10-22 06:45:57,20900.0,1000.0,2433300.0
1091,2021-10-22 06:45:57,20900.0,200.0,2432300.0
1092,2021-10-22 06:45:57,20900.0,400.0,2432100.0
1093,2021-10-22 06:45:43,20900.0,100.0,2431700.0
1094,2021-10-22 06:45:43,20900.0,1000.0,2431600.0
1095,2021-10-22 06:45:43,20900.0,1000.0,2430600.0
1096,2021-10-22 06:45:43,20900.0,100.0,2429600.0
1097,2021-10-22 06:45:43,20900.0,1000.0,2429500.0
1098,2021-10-22 06:45:43,20900.0,200.0,2428500.0
1099,2021-10-22 06:45:43,20900.0,100.0,2428300.0
1100,2021-10-22 06:45:42,20950.0,5000.0,2428200.0
1101,2021-10-22 06:45:39,20900.0,100.0,2423200.0
1102,2021-10-22 06:45:39,20900.0,300.0,2423100.0
1103,2021-10-22 06:45:39,20900.0,100.0,2422800.0
1104,2021-10-22 06:45:28,20900.0,100.0,2422700.0
1105,2021-10-22 06:45:24,20950.0,2000.0,2422600.0
1106,2021-10-22 06:45:14,20900.0,800.0,2420600.0
1107,2021-10-22 06:45:14,20900.0,400.0,2419800.0
1108,2021-10-22 06:45:14,20900.0,200.0,2419400.0
1109,2021-10-22 06:45:14,20900.0,500.0,2419200.0
1110,2021-10-22 06:45:14,20900.0,1000.0,2418700.0
1111,2021-10-22 06:45:14,20900.0,500.0,2417700.0
1112,2021-10-22 06:45:14,20900.0,100.0,2417200.0
1113,2021-10-22 06:45:14,20900.0,1000.0,2417100.0
1114,2021-10-22 06:45:14,20900.0,500.0,2416100.0
1115,2021-10-22 06:45:14,20900.0,100.0,2415600.0
1116,2021-10-22 06:45:14,20900.0,1000.0,2415500.0
1117,2021-10-22 06:45:14,20900.0,1000.0,2414500.0
1118,2021-10-22 06:45:14,20900.0,100.0,2413500.0
1119,2021-10-22 06:45:14,20900.0,300.0,2413400.0
1120,2021-10-22 06:45:14,20900.0,100.0,2413100.0
1121,2021-10-22 06:45:14,20900.0,500.0,2413000.0
1122,2021-10-22 06:45:14,20900.0,500.0,2412500.0
1123,2021-10-22 06:45:14,20900.0,500.0,2412000.0
1124,2021-10-22 06:45:14,20900.0,100.0,2411500.0
1125,2021-10-22 06:45:14,20900.0,200.0,2411400.0
1126,2021-10-22 06:45:14,20900.0,5000.0,2411200.0
1127,2021-10-22 06:45:14,20900.0,1000.0,2406200.0
1128,2021-10-22 06:45:14,20900.0,1000.0,2405200.0
1129,2021-10-22 06:45:14,20900.0,200.0,2404200.0
1130,2021-10-22 06:45:14,20900.0,1400.0,2404000.0
1131,2021-10-22 06:45:14,20900.0,500.0,2402600.0
1132,2021-10-22 06:45:14,20900.0,100.0,2402100.0
1133,2021-10-22 06:45:14,20900.0,200.0,2402000.0
1134,2021-10-22 06:45:14,20900.0,1500.0,2401800.0
1135,2021-10-22 06:45:14,20900.0,400.0,2400300.0
1136,2021-10-22 06:45:14,20900.0,1000.0,2399900.0
1137,2021-10-22 06:45:14,20900.0,1000.0,2398900.0
1138,2021-10-22 06:45:14,20900.0,200.0,2397900.0
1139,2021-10-22 06:45:14,20900.0,200.0,2397700.0
1140,2021-10-22 06:45:14,20900.0,200.0,2397500.0
1141,2021-10-22 06:45:14,20900.0,100.0,2397300.0
1142,2021-10-22 06:45:14,20900.0,3000.0,2397200.0
1143,2021-10-22 06:45:14,20900.0,5000.0,2394200.0
1144,2021-10-22 06:45:14,20900.0,1000.0,2389200.0
1145,2021-10-22 06:45:14,20900.0,600.0,2388200.0
1146,2021-10-22 06:45:14,20900.0,200.0,2387600.0
1147,2021-10-22 06:45:14,20900.0,200.0,2387400.0
1148,2021-10-22 06:45:14,20900.0,100.0,2387200.0
1149,2021-10-22 06:45:14,20900.0,300.0,2387100.0
1150,2021-10-22 06:45:14,20900.0,1000.0,2386800.0
1151,2021-10-22 06:45:14,20900.0,200.0,2385800.0
1152,2021-10-22 06:45:14,20900.0,1000.0,2385600.0
1153,2021-10-22 06:45:14,20900.0,1000.0,2384600.0
1154,2021-10-22 06:45:14,20900.0,2000.0,2383600.0
1155,2021-10-22 06:45:14,20900.0,1000.0,2381600.0
1156,2021-10-22 06:45:14,20900.0,500.0,2380600.0
1157,2021-10-22 06:45:14,20900.0,5000.0,2380100.0
1158,2021-10-22 06:45:14,20900.0,500.0,2375100.0
1159,2021-10-22 06:45:14,20900.0,4000.0,2374600.0
1160,2021-10-22 06:44:58,20950.0,1000.0,2370600.0
1161,2021-10-22 06:44:53,20950.0,3500.0,2369600.0
1162,2021-10-22 06:44:42,20950.0,1000.0,2366100.0
1163,2021-10-22 06:44:42,20950.0,1000.0,2365100.0
1164,2021-10-22 06:44:36,20950.0,500.0,2364100.0
1165,2021-10-22 06:44:23,20950.0,200.0,2363600.0
1166,2021-10-22 06:44:14,20900.0,500.0,2363400.0
1167,2021-10-22 06:44:10,20950.0,14000.0,2362900.0
1168,2021-10-22 06:43:33,20900.0,3800.0,2348900.0
1169,2021-10-22 06:43:02,20900.0,300.0,2345100.0
1170,2021-10-22 06:42:54,20950.0,600.0,2344800.0
1171,2021-10-22 06:42:52,20900.0,1300.0,2344200.0
1172,2021-10-22 06:42:28,20950.0,500.0,2342900.0
1173,2021-10-22 06:42:04,20950.0,400.0,2342400.0
1174,2021-10-22 06:41:54,20900.0,100.0,2342000.0
1175,2021-10-22 06:41:54,20900.0,200.0,2341900.0
1176,2021-10-22 06:41:54,20900.0,1000.0,2341700.0
1177,2021-10-22 06:41:54,20900.0,100.0,2340700.0
1178,2021-10-22 06:41:54,20900.0,11600.0,2340600.0
1179,2021-10-22 06:41:52,20900.0,3900.0,2329000.0
1180,2021-10-22 06:41:46,20950.0,5000.0,2325100.0
1181,2021-10-22 06:41:42,20900.0,100.0,2320100.0
1182,2021-10-22 06:41:24,20900.0,3800.0,2320000.0
1183,2021-10-22 06:41:17,20900.0,1000.0,2316200.0
1184,2021-10-22 06:40:46,20950.0,100.0,2315200.0
1185,2021-10-22 06:40:44,20950.0,15000.0,2315100.0
1186,2021-10-22 06:40:13,20900.0,200.0,2300100.0
1187,2021-10-22 06:39:55,20900.0,1000.0,2299900.0
1188,2021-10-22 06:39:54,20950.0,100.0,2298900.0
1189,2021-10-22 06:39:42,20900.0,5400.0,2298800.0
1190,2021-10-22 06:39:34,20900.0,2000.0,2293400.0
1191,2021-10-22 06:39:31,20950.0,4500.0,2291400.0
1192,2021-10-22 06:39:26,20900.0,1000.0,2286900.0
1193,2021-10-22 06:39:19,20900.0,1100.0,2285900.0
1194,2021-10-22 06:39:14,20900.0,3800.0,2284800.0
1195,2021-10-22 06:39:12,20900.0,1000.0,2281000.0
1196,2021-10-22 06:39:10,20900.0,1100.0,2280000.0
1197,2021-10-22 06:38:58,20900.0,100.0,2278900.0
1198,2021-10-22 06:38:55,20900.0,1300.0,2278800.0
1199,2021-10-22 06:38:52,20950.0,100.0,2277500.0
1200,2021-10-22 06:38:39,20900.0,500.0,2277400.0
1201,2021-10-22 06:38:36,20900.0,1400.0,2276900.0
1202,2021-10-22 06:38:27,20900.0,11200.0,2275500.0
1203,2021-10-22 06:38:16,20900.0,600.0,2264300.0
1204,2021-10-22 06:37:47,20950.0,100.0,2263700.0
1205,2021-10-22 06:37:38,20950.0,18500.0,2263600.0
1206,2021-10-22 06:37:37,20900.0,100.0,2245100.0
1207,2021-10-22 06:37:35,20950.0,500.0,2245000.0
1208,2021-10-22 06:37:27,20900.0,1100.0,2244500.0
1209,2021-10-22 06:37:19,20950.0,100.0,2243400.0
1210,2021-10-22 06:37:12,20900.0,3500.0,2243300.0
1211,2021-10-22 06:37:11,20950.0,200.0,2239800.0
1212,2021-10-22 06:37:09,20950.0,500.0,2239600.0
1213,2021-10-22 06:36:56,20950.0,1000.0,2239100.0
1214,2021-10-22 06:36:46,20900.0,2000.0,2238100.0
1215,2021-10-22 06:36:35,20950.0,400.0,2236100.0
1216,2021-10-22 06:36:26,20900.0,2000.0,2235700.0
1217,2021-10-22 06:36:24,20950.0,5000.0,2233700.0
1218,2021-10-22 06:36:23,20950.0,500.0,2228700.0
1219,2021-10-22 06:36:17,20950.0,1500.0,2228200.0
1220,2021-10-22 06:36:09,20950.0,100.0,2226700.0
1221,2021-10-22 06:35:51,20950.0,9000.0,2226600.0
1222,2021-10-22 06:35:39,20950.0,5000.0,2217600.0
1223,2021-10-22 06:35:35,20950.0,7600.0,2212600.0
1224,2021-10-22 06:35:32,20950.0,5000.0,2205000.0
1225,2021-10-22 06:35:30,20950.0,3500.0,2200000.0
1226,2021-10-22 06:35:26,20950.0,10000.0,2196500.0
1227,2021-10-22 06:35:13,20950.0,6000.0,2186500.0
1228,2021-10-22 06:35:07,20950.0,300.0,2180500.0
1229,2021-10-22 06:35:00,20900.0,3900.0,2180200.0
1230,2021-10-22 06:34:55,20900.0,500.0,2176300.0
1231,2021-10-22 06:34:48,20950.0,300.0,2175800.0
1232,2021-10-22 06:34:41,20950.0,20000.0,2175500.0
1233,2021-10-22 06:34:32,20900.0,1200.0,2155500.0
1234,2021-10-22 06:34:29,20900.0,800.0,2154300.0
1235,2021-10-22 06:33:50,20900.0,200.0,2153500.0
1236,2021-10-22 06:33:35,20900.0,400.0,2153300.0
1237,2021-10-22 06:33:34,20900.0,100.0,2152900.0
1238,2021-10-22 06:33:33,20950.0,5000.0,2152800.0
1239,2021-10-22 06:32:54,20900.0,2100.0,2147800.0
1240,2021-10-22 06:32:54,20900.0,1600.0,2145700.0
1241,2021-10-22 06:32:53,20900.0,2400.0,2144100.0
1242,2021-10-22 06:32:53,20900.0,100.0,2141700.0
1243,2021-10-22 06:32:53,20900.0,500.0,2141600.0
1244,2021-10-22 06:32:53,20900.0,700.0,2141100.0
1245,2021-10-22 06:32:53,20900.0,900.0,2140400.0
1246,2021-10-22 06:32:53,20900.0,1000.0,2139500.0
1247,2021-10-22 06:32:53,20900.0,1000.0,2138500.0
1248,2021-10-22 06:32:53,20900.0,500.0,2137500.0
1249,2021-10-22 06:32:53,20900.0,2000.0,2137000.0
1250,2021-10-22 06:32:53,20900.0,500.0,2135000.0
1251,2021-10-22 06:32:53,20900.0,700.0,2134500.0
1252,2021-10-22 06:32:53,20900.0,100.0,2133800.0
1253,2021-10-22 06:32:53,20900.0,6000.0,2133700.0
1254,2021-10-22 06:32:53,20900.0,200.0,2127700.0
1255,2021-10-22 06:32:53,20900.0,1000.0,2127500.0
1256,2021-10-22 06:32:53,20900.0,200.0,2126500.0
1257,2021-10-22 06:32:53,20900.0,200.0,2126300.0
1258,2021-10-22 06:32:53,20900.0,400.0,2126100.0
1259,2021-10-22 06:32:53,20900.0,100.0,2125700.0
1260,2021-10-22 06:32:53,20900.0,11500.0,2125600.0
1261,2021-10-22 06:32:50,20950.0,2000.0,2114100.0
1262,2021-10-22 06:32:31,20900.0,100.0,2112100.0
1263,2021-10-22 06:32:05,20900.0,500.0,2112000.0
1264,2021-10-22 06:31:52,20900.0,1000.0,2111500.0
1265,2021-10-22 06:31:46,20900.0,1000.0,2110500.0
1266,2021-10-22 06:31:40,20900.0,2000.0,2109500.0
1267,2021-10-22 06:31:14,20900.0,200.0,2107500.0
1268,2021-10-22 06:31:02,20900.0,5000.0,2107300.0
1269,2021-10-22 06:30:53,20900.0,3500.0,2102300.0
1270,2021-10-22 06:30:23,20950.0,1000.0,2098800.0
1271,2021-10-22 06:30:22,20950.0,100.0,2097800.0
1272,2021-10-22 06:30:18,20950.0,100.0,2097700.0
1273,2021-10-22 06:30:15,20950.0,1000.0,2097600.0
1274,2021-10-22 06:30:02,20950.0,200.0,2096600.0
1275,2021-10-22 06:29:53,20950.0,200.0,2096400.0
1276,2021-10-22 06:29:51,20950.0,400.0,2096200.0
1277,2021-10-22 06:29:48,20950.0,3100.0,2095800.0
1278,2021-10-22 06:29:39,20950.0,900.0,2092700.0
1279,2021-10-22 06:29:38,20950.0,1000.0,2091800.0
1280,2021-10-22 06:29:38,20950.0,3100.0,2090800.0
1281,2021-10-22 06:29:37,20950.0,3000.0,2087700.0
1282,2021-10-22 06:29:35,20950.0,100.0,2084700.0
1283,2021-10-22 06:29:35,20950.0,200.0,2084600.0
1284,2021-10-22 06:29:35,20950.0,100.0,2084400.0
1285,2021-10-22 06:29:35,20950.0,500.0,2084300.0
1286,2021-10-22 06:29:35,20950.0,200.0,2083800.0
1287,2021-10-22 06:29:35,20950.0,1000.0,2083600.0
1288,2021-10-22 06:29:35,20950.0,2000.0,2082600.0
1289,2021-10-22 06:28:51,20950.0,100.0,2080600.0
1290,2021-10-22 06:28:51,20950.0,200.0,2080500.0
1291,2021-10-22 06:28:51,20950.0,100.0,2080300.0
1292,2021-10-22 06:28:51,20950.0,1000.0,2080200.0
1293,2021-10-22 06:28:51,20950.0,200.0,2079200.0
1294,2021-10-22 06:28:51,20950.0,1000.0,2079000.0
1295,2021-10-22 06:28:51,20950.0,100.0,2078000.0
1296,2021-10-22 06:28:51,20950.0,900.0,2077900.0
1297,2021-10-22 06:28:50,20950.0,100.0,2077000.0
1298,2021-10-22 06:28:45,20950.0,100.0,2076900.0
1299,2021-10-22 06:28:38,20950.0,100.0,2076800.0
1300,2021-10-22 06:28:36,21000.0,5000.0,2076700.0
1301,2021-10-22 06:28:31,20950.0,800.0,2071700.0
1302,2021-10-22 06:28:31,20950.0,100.0,2070900.0
1303,2021-10-22 06:28:31,20950.0,100.0,2070800.0
1304,2021-10-22 06:28:10,20950.0,900.0,2070700.0
1305,2021-10-22 06:28:10,20950.0,100.0,2069800.0
1306,2021-10-22 06:28:10,20950.0,300.0,2069700.0
1307,2021-10-22 06:27:36,20950.0,700.0,2069400.0
1308,2021-10-22 06:27:35,20950.0,100.0,2068700.0
1309,2021-10-22 06:27:35,20950.0,200.0,2068600.0
1310,2021-10-22 06:27:31,20950.0,500.0,2068400.0
1311,2021-10-22 06:27:25,20950.0,300.0,2067900.0
1312,2021-10-22 06:27:24,20950.0,300.0,2067600.0
1313,2021-10-22 06:27:24,20950.0,2000.0,2067300.0
1314,2021-10-22 06:27:24,20950.0,400.0,2065300.0
1315,2021-10-22 06:27:24,20950.0,300.0,2064900.0
1316,2021-10-22 06:27:24,20950.0,100.0,2064600.0
1317,2021-10-22 06:27:24,20950.0,100.0,2064500.0
1318,2021-10-22 06:27:24,20950.0,100.0,2064400.0
1319,2021-10-22 06:27:24,20950.0,700.0,2064300.0
1320,2021-10-22 06:27:14,20950.0,1700.0,2063600.0
1321,2021-10-22 06:27:12,20950.0,1000.0,2061900.0
1322,2021-10-22 06:27:11,20950.0,400.0,2060900.0
1323,2021-10-22 06:27:03,20950.0,1000.0,2060500.0
1324,2021-10-22 06:27:01,20950.0,500.0,2059500.0
1325,2021-10-22 06:27:00,20950.0,1000.0,2059000.0
1326,2021-10-22 06:26:58,20950.0,100.0,2058000.0
1327,2021-10-22 06:26:50,20950.0,3000.0,2057900.0
1328,2021-10-22 06:26:48,20950.0,100.0,2054900.0
1329,2021-10-22 06:26:46,20950.0,1000.0,2054800.0
1330,2021-10-22 06:26:45,20900.0,3500.0,2053800.0
1331,2021-10-22 06:26:45,20900.0,200.0,2050300.0
1332,2021-10-22 06:26:43,20950.0,400.0,2050100.0
1333,2021-10-22 06:26:42,20950.0,2500.0,2049700.0
1334,2021-10-22 06:26:32,20950.0,100.0,2047200.0
1335,2021-10-22 06:26:27,20950.0,2000.0,2047100.0
1336,2021-10-22 06:26:26,20950.0,700.0,2045100.0
1337,2021-10-22 06:26:23,20950.0,100.0,2044400.0
1338,2021-10-22 06:26:16,20950.0,2000.0,2044300.0
1339,2021-10-22 06:26:14,20950.0,100.0,2042300.0
1340,2021-10-22 06:25:48,20950.0,5000.0,2042200.0
1341,2021-10-22 06:25:39,20950.0,1000.0,2037200.0
1342,2021-10-22 06:25:28,20950.0,2000.0,2036200.0
1343,2021-10-22 06:25:26,20950.0,1000.0,2034200.0
1344,2021-10-22 06:25:26,20950.0,500.0,2033200.0
1345,2021-10-22 06:25:26,20950.0,1000.0,2032700.0
1346,2021-10-22 06:25:26,20950.0,100.0,2031700.0
1347,2021-10-22 06:25:26,20950.0,100.0,2031600.0
1348,2021-10-22 06:25:26,20950.0,100.0,2031500.0
1349,2021-10-22 06:25:26,20950.0,200.0,2031400.0
1350,2021-10-22 06:25:26,20950.0,100.0,2031200.0
1351,2021-10-22 06:25:26,20950.0,2000.0,2031100.0
1352,2021-10-22 06:25:26,20950.0,300.0,2029100.0
1353,2021-10-22 06:25:26,20950.0,100.0,2028800.0
1354,2021-10-22 06:25:26,20950.0,100.0,2028700.0
1355,2021-10-22 06:25:26,20950.0,400.0,2028600.0
1356,2021-10-22 06:25:26,20950.0,300.0,2028200.0
1357,2021-10-22 06:25:26,20950.0,200.0,2027900.0
1358,2021-10-22 06:25:26,20950.0,100.0,2027700.0
1359,2021-10-22 06:25:26,20950.0,900.0,2027600.0
1360,2021-10-22 06:25:26,20950.0,100.0,2026700.0
1361,2021-10-22 06:25:26,20950.0,200.0,2026600.0
1362,2021-10-22 06:25:26,20950.0,100.0,2026400.0
1363,2021-10-22 06:25:26,20950.0,500.0,2026300.0
1364,2021-10-22 06:25:26,20950.0,100.0,2025800.0
1365,2021-10-22 06:25:26,20950.0,5200.0,2025700.0
1366,2021-10-22 06:25:26,20950.0,200.0,2020500.0
1367,2021-10-22 06:25:26,20950.0,300.0,2020300.0
1368,2021-10-22 06:25:26,20950.0,200.0,2020000.0
1369,2021-10-22 06:25:26,20950.0,100.0,2019800.0
1370,2021-10-22 06:25:26,20950.0,200.0,2019700.0
1371,2021-10-22 06:25:26,20950.0,100.0,2019500.0
1372,2021-10-22 06:25:26,20950.0,1000.0,2019400.0
1373,2021-10-22 06:25:26,20950.0,200.0,2018400.0
1374,2021-10-22 06:25:26,20950.0,100.0,2018200.0
1375,2021-10-22 06:25:26,20950.0,500.0,2018100.0
1376,2021-10-22 06:25:26,20950.0,100.0,2017600.0
1377,2021-10-22 06:25:26,20950.0,100.0,2017500.0
1378,2021-10-22 06:25:26,20950.0,2000.0,2017400.0
1379,2021-10-22 06:25:26,20950.0,100.0,2015400.0
1380,2021-10-22 06:25:26,20950.0,100.0,2015300.0
1381,2021-10-22 06:25:26,20950.0,100.0,2015200.0
1382,2021-10-22 06:25:26,20950.0,3000.0,2015100.0
1383,2021-10-22 06:25:26,20950.0,500.0,2012100.0
1384,2021-10-22 06:25:26,20950.0,300.0,2011600.0
1385,2021-10-22 06:25:26,20950.0,4700.0,2011300.0
1386,2021-10-22 06:25:03,20950.0,100.0,2006600.0
1387,2021-10-22 06:24:49,20950.0,500.0,2006500.0
1388,2021-10-22 06:24:49,21000.0,200.0,2006000.0
1389,2021-10-22 06:24:44,20950.0,3600.0,2005800.0
1390,2021-10-22 06:24:28,21000.0,100.0,2002200.0
1391,2021-10-22 06:24:08,21000.0,100.0,2002100.0
1392,2021-10-22 06:24:05,21000.0,5000.0,2002000.0
1393,2021-10-22 06:24:04,21000.0,100.0,1997000.0
1394,2021-10-22 06:23:54,20950.0,100.0,1996900.0
1395,2021-10-22 06:23:46,21000.0,100.0,1996800.0
1396,2021-10-22 06:23:26,20950.0,600.0,1996700.0
1397,2021-10-22 06:23:13,21000.0,100.0,1996100.0
1398,2021-10-22 06:23:03,20950.0,400.0,1996000.0
1399,2021-10-22 06:23:03,20950.0,500.0,1995600.0
1400,2021-10-22 06:23:03,20950.0,100.0,1995100.0
1401,2021-10-22 06:23:03,20950.0,1000.0,1995000.0
1402,2021-10-22 06:23:03,20950.0,100.0,1994000.0
1403,2021-10-22 06:23:03,20950.0,1000.0,1993900.0
1404,2021-10-22 06:23:03,20950.0,200.0,1992900.0
1405,2021-10-22 06:23:03,20950.0,500.0,1992700.0
1406,2021-10-22 06:23:03,20950.0,100.0,1992200.0
1407,2021-10-22 06:23:03,20950.0,100.0,1992100.0
1408,2021-10-22 06:23:02,20950.0,500.0,1992000.0
1409,2021-10-22 06:23:02,20950.0,100.0,1991500.0
1410,2021-10-22 06:23:02,20950.0,100.0,1991400.0
1411,2021-10-22 06:23:02,20950.0,100.0,1991300.0
1412,2021-10-22 06:23:02,20950.0,200.0,1991200.0
1413,2021-10-22 06:22:52,20950.0,200.0,1991000.0
1414,2021-10-22 06:22:52,20950.0,300.0,1990800.0
1415,2021-10-22 06:22:52,20950.0,1000.0,1990500.0
1416,2021-10-22 06:22:50,20950.0,100.0,1989500.0
1417,2021-10-22 06:22:32,20950.0,900.0,1989400.0
1418,2021-10-22 06:22:32,20950.0,500.0,1988500.0
1419,2021-10-22 06:22:32,20950.0,100.0,1988000.0
1420,2021-10-22 06:22:32,20950.0,2000.0,1987900.0
1421,2021-10-22 06:22:32,20950.0,100.0,1985900.0
1422,2021-10-22 06:22:32,20950.0,200.0,1985800.0
1423,2021-10-22 06:22:28,20950.0,100.0,1985600.0
1424,2021-10-22 06:22:25,20950.0,1700.0,1985500.0
1425,2021-10-22 06:22:25,20950.0,200.0,1983800.0
1426,2021-10-22 06:22:25,20950.0,1000.0,1983600.0
1427,2021-10-22 06:22:25,20950.0,200.0,1982600.0
1428,2021-10-22 06:22:25,20950.0,500.0,1982400.0
1429,2021-10-22 06:22:25,20950.0,2000.0,1981900.0
1430,2021-10-22 06:22:25,20950.0,500.0,1979900.0
1431,2021-10-22 06:22:25,20950.0,200.0,1979400.0
1432,2021-10-22 06:22:25,20950.0,1900.0,1979200.0
1433,2021-10-22 06:22:25,20950.0,500.0,1977300.0
1434,2021-10-22 06:22:25,20950.0,100.0,1976800.0
1435,2021-10-22 06:22:25,20950.0,100.0,1976700.0
1436,2021-10-22 06:22:25,20950.0,800.0,1976600.0
1437,2021-10-22 06:22:25,20950.0,500.0,1975800.0
1438,2021-10-22 06:22:25,20950.0,1000.0,1975300.0
1439,2021-10-22 06:22:25,20950.0,1000.0,1974300.0
1440,2021-10-22 06:22:25,20950.0,300.0,1973300.0
1441,2021-10-22 06:22:25,20950.0,1000.0,1973000.0
1442,2021-10-22 06:22:25,20950.0,100.0,1972000.0
1443,2021-10-22 06:22:25,20950.0,500.0,1971900.0
1444,2021-10-22 06:22:25,20950.0,1600.0,1971400.0
1445,2021-10-22 06:22:25,20950.0,4300.0,1969800.0
1446,2021-10-22 06:21:47,20950.0,3000.0,1965500.0
1447,2021-10-22 06:21:46,20950.0,2700.0,1962500.0
1448,2021-10-22 06:21:46,20950.0,100.0,1959800.0
1449,2021-10-22 06:21:46,20950.0,1000.0,1959700.0
1450,2021-10-22 06:21:46,20950.0,1000.0,1958700.0
1451,2021-10-22 06:21:46,20950.0,100.0,1957700.0
1452,2021-10-22 06:21:46,20950.0,1000.0,1957600.0
1453,2021-10-22 06:21:46,20950.0,100.0,1956600.0
1454,2021-10-22 06:21:46,20950.0,2000.0,1956500.0
1455,2021-10-22 06:21:46,20950.0,500.0,1954500.0
1456,2021-10-22 06:21:46,20950.0,300.0,1954000.0
1457,2021-10-22 06:21:46,20950.0,5500.0,1953700.0
1458,2021-10-22 06:21:36,20950.0,1000.0,1948200.0
1459,2021-10-22 06:21:29,20950.0,2000.0,1947200.0
1460,2021-10-22 06:21:20,20950.0,1500.0,1945200.0
1461,2021-10-22 06:21:20,20950.0,300.0,1943700.0
1462,2021-10-22 06:21:20,20950.0,2000.0,1943400.0
1463,2021-10-22 06:21:20,20950.0,3200.0,1941400.0
1464,2021-10-22 06:21:19,21000.0,300.0,1938200.0
1465,2021-10-22 06:20:57,21000.0,800.0,1937900.0
1466,2021-10-22 06:20:53,21000.0,500.0,1937100.0
1467,2021-10-22 06:20:52,20950.0,3900.0,1936600.0
1468,2021-10-22 06:20:40,21000.0,100.0,1932700.0
1469,2021-10-22 06:20:27,20950.0,2900.0,1932600.0
1470,2021-10-22 06:20:27,20950.0,200.0,1929700.0
1471,2021-10-22 06:20:27,20950.0,100.0,1929500.0
1472,2021-10-22 06:20:27,20950.0,400.0,1929400.0
1473,2021-10-22 06:20:27,20950.0,1600.0,1929000.0
1474,2021-10-22 06:20:27,20950.0,300.0,1927400.0
1475,2021-10-22 06:20:27,20950.0,100.0,1927100.0
1476,2021-10-22 06:20:13,20950.0,100.0,1927000.0
1477,2021-10-22 06:20:04,21000.0,200.0,1926900.0
1478,2021-10-22 06:20:04,21000.0,300.0,1926700.0
1479,2021-10-22 06:19:57,21000.0,700.0,1926400.0
1480,2021-10-22 06:19:57,21000.0,200.0,1925700.0
1481,2021-10-22 06:19:57,21000.0,1000.0,1925500.0
1482,2021-10-22 06:19:57,21000.0,1000.0,1924500.0
1483,2021-10-22 06:19:57,21000.0,100.0,1923500.0
1484,2021-10-22 06:19:39,21000.0,900.0,1923400.0
1485,2021-10-22 06:19:39,21000.0,100.0,1922500.0
1486,2021-10-22 06:19:35,21000.0,500.0,1922400.0
1487,2021-10-22 06:19:24,21000.0,800.0,1921900.0
1488,2021-10-22 06:19:24,21000.0,200.0,1921100.0
1489,2021-10-22 06:19:05,21000.0,200.0,1920900.0
1490,2021-10-22 06:19:05,21000.0,100.0,1920700.0
1491,2021-10-22 06:19:05,21000.0,700.0,1920600.0
1492,2021-10-22 06:18:51,20950.0,3900.0,1919900.0
1493,2021-10-22 06:18:51,20950.0,100.0,1916000.0
1494,2021-10-22 06:18:51,20950.0,400.0,1915900.0
1495,2021-10-22 06:18:33,20950.0,300.0,1915500.0
1496,2021-10-22 06:18:33,20950.0,100.0,1915200.0
1497,2021-10-22 06:18:33,20950.0,100.0,1915100.0
1498,2021-10-22 06:18:30,20950.0,400.0,1915000.0
1499,2021-10-22 06:18:19,20950.0,3000.0,1914600.0
1500,2021-10-22 06:18:19,20950.0,700.0,1911600.0
1501,2021-10-22 06:18:14,20950.0,400.0,1910900.0
1502,2021-10-22 06:18:13,20950.0,400.0,1910500.0
1503,2021-10-22 06:18:13,20950.0,200.0,1910100.0
1504,2021-10-22 06:18:11,20950.0,400.0,1909900.0
1505,2021-10-22 06:17:58,20950.0,200.0,1909500.0
1506,2021-10-22 06:17:55,20950.0,100.0,1909300.0
1507,2021-10-22 06:17:39,20950.0,100.0,1909200.0
1508,2021-10-22 06:17:39,20950.0,300.0,1909100.0
1509,2021-10-22 06:17:39,20950.0,1000.0,1908800.0
1510,2021-10-22 06:17:39,20950.0,2000.0,1907800.0
1511,2021-10-22 06:17:38,20950.0,2000.0,1905800.0
1512,2021-10-22 06:17:24,20950.0,1200.0,1903800.0
1513,2021-10-22 06:17:23,20950.0,3500.0,1902600.0
1514,2021-10-22 06:17:03,20950.0,10000.0,1899100.0
1515,2021-10-22 06:16:50,20950.0,500.0,1889100.0
1516,2021-10-22 06:16:33,21000.0,1000.0,1888600.0
1517,2021-10-22 06:16:17,21000.0,500.0,1887600.0
1518,2021-10-22 06:16:17,21000.0,500.0,1887100.0
1519,2021-10-22 06:16:15,20950.0,3600.0,1886600.0
1520,2021-10-22 06:16:09,20950.0,4000.0,1883000.0
1521,2021-10-22 06:15:53,21000.0,100.0,1879000.0
1522,2021-10-22 06:15:51,20950.0,2000.0,1878900.0
1523,2021-10-22 06:15:51,20950.0,11200.0,1876900.0
1524,2021-10-22 06:15:51,20950.0,2800.0,1865700.0
1525,2021-10-22 06:15:43,20950.0,3300.0,1862900.0
1526,2021-10-22 06:15:06,20950.0,100.0,1859600.0
1527,2021-10-22 06:14:45,21000.0,100.0,1859500.0
1528,2021-10-22 06:14:44,20950.0,1000.0,1859400.0
1529,2021-10-22 06:14:36,20950.0,1500.0,1858400.0
1530,2021-10-22 06:14:29,21000.0,100.0,1856900.0
1531,2021-10-22 06:14:07,20950.0,3800.0,1856800.0
1532,2021-10-22 06:14:05,20950.0,18700.0,1853000.0
1533,2021-10-22 06:14:01,21000.0,1000.0,1834300.0
1534,2021-10-22 06:13:53,21000.0,100.0,1833300.0
1535,2021-10-22 06:13:40,20950.0,200.0,1833200.0
1536,2021-10-22 06:13:16,20950.0,100.0,1833000.0
1537,2021-10-22 06:12:57,20950.0,5000.0,1832900.0
1538,2021-10-22 06:12:55,20950.0,1200.0,1827900.0
1539,2021-10-22 06:12:49,21000.0,100.0,1826700.0
1540,2021-10-22 06:12:43,20950.0,100.0,1826600.0
1541,2021-10-22 06:12:26,20950.0,100.0,1826500.0
1542,2021-10-22 06:12:26,20950.0,800.0,1826400.0
1543,2021-10-22 06:12:00,20950.0,3700.0,1825600.0
1544,2021-10-22 06:11:48,20950.0,600.0,1821900.0
1545,2021-10-22 06:11:40,21000.0,100.0,1821300.0
1546,2021-10-22 06:11:37,21000.0,2000.0,1821200.0
1547,2021-10-22 06:11:29,20950.0,3000.0,1819200.0
1548,2021-10-22 06:11:25,21000.0,3000.0,1816200.0
1549,2021-10-22 06:10:49,21000.0,100.0,1813200.0
1550,2021-10-22 06:10:37,21000.0,400.0,1813100.0
1551,2021-10-22 06:10:11,20950.0,100.0,1812700.0
1552,2021-10-22 06:09:52,20950.0,1000.0,1812600.0
1553,2021-10-22 06:09:50,20950.0,2900.0,1811600.0
1554,2021-10-22 06:09:50,20950.0,900.0,1808700.0
1555,2021-10-22 06:09:49,21000.0,700.0,1807800.0
1556,2021-10-22 06:09:23,20950.0,200.0,1807100.0
1557,2021-10-22 06:09:23,20950.0,400.0,1806900.0
1558,2021-10-22 06:07:38,20950.0,1000.0,1806500.0
1559,2021-10-22 06:06:58,21000.0,100.0,1805500.0
1560,2021-10-22 06:06:54,20950.0,3000.0,1805400.0
1561,2021-10-22 06:05:01,20950.0,5600.0,1802400.0
1562,2021-10-22 06:05:01,20950.0,8100.0,1796800.0
1563,2021-10-22 06:03:29,20950.0,1400.0,1788700.0
1564,2021-10-22 06:03:29,20950.0,1000.0,1787300.0
1565,2021-10-22 06:03:29,20950.0,1000.0,1786300.0
1566,2021-10-22 06:03:29,20950.0,6600.0,1785300.0
1567,2021-10-22 06:03:05,20950.0,200.0,1778700.0
1568,2021-10-22 06:02:58,20950.0,1000.0,1778500.0
1569,2021-10-22 06:02:50,20950.0,200.0,1777500.0
1570,2021-10-22 06:02:00,20950.0,100.0,1777300.0
1571,2021-10-22 06:02:00,20950.0,400.0,1777200.0
1572,2021-10-22 06:02:00,20950.0,400.0,1776800.0
1573,2021-10-22 06:01:25,20950.0,400.0,1776400.0
1574,2021-10-22 06:01:25,20950.0,1000.0,1776000.0
1575,2021-10-22 06:01:25,20950.0,100.0,1775000.0
1576,2021-10-22 06:01:25,20950.0,100.0,1774900.0
1577,2021-10-22 06:01:25,20950.0,2900.0,1774800.0
1578,2021-10-22 06:01:25,20950.0,100.0,1771900.0
1579,2021-10-22 06:01:25,20950.0,800.0,1771800.0
1580,2021-10-22 06:01:25,20950.0,2300.0,1771000.0
1581,2021-10-22 06:01:24,20950.0,100.0,1768700.0
1582,2021-10-22 06:01:05,20950.0,300.0,1768600.0
1583,2021-10-22 06:01:05,20950.0,100.0,1768300.0
1584,2021-10-22 06:00:43,20950.0,1000.0,1768200.0
1585,2021-10-22 06:00:34,20950.0,500.0,1767200.0
1586,2021-10-22 06:00:33,20950.0,100.0,1766700.0
1587,2021-10-22 06:00:32,20950.0,200.0,1766600.0
1588,2021-10-22 06:00:27,20950.0,100.0,1766400.0
1589,2021-10-22 06:00:25,20950.0,100.0,1766300.0
1590,2021-10-22 06:00:20,20950.0,100.0,1766200.0
1591,2021-10-22 06:00:19,20950.0,5100.0,1766100.0
1592,2021-10-22 06:00:18,20950.0,200.0,1761000.0
1593,2021-10-22 06:00:18,20950.0,300.0,1760800.0
1594,2021-10-22 06:00:18,20900.0,400.0,1760500.0
1595,2021-10-22 06:00:18,20950.0,500.0,1760100.0
1596,2021-10-22 06:00:18,20950.0,200.0,1759600.0
1597,2021-10-22 06:00:18,20950.0,100.0,1759400.0
1598,2021-10-22 06:00:16,20950.0,200.0,1759300.0
1599,2021-10-22 06:00:15,20950.0,100.0,1759100.0
1600,2021-10-22 06:00:14,20950.0,100.0,1759000.0
1601,2021-10-22 06:00:14,20950.0,600.0,1758900.0
1602,2021-10-22 06:00:14,20950.0,100.0,1758300.0
1603,2021-10-22 06:00:14,20950.0,800.0,1758200.0
1604,2021-10-22 06:00:14,20950.0,1000.0,1757400.0
1605,2021-10-22 06:00:14,20950.0,200.0,1756400.0
1606,2021-10-22 06:00:14,20950.0,200.0,1756200.0
1607,2021-10-22 06:00:14,20950.0,1600.0,1756000.0
1608,2021-10-22 06:00:14,20950.0,10000.0,1754400.0
1609,2021-10-22 06:00:14,20950.0,400.0,1744400.0
1610,2021-10-22 06:00:14,20950.0,1000.0,1744000.0
1611,2021-10-22 06:00:14,20950.0,200.0,1743000.0
1612,2021-10-22 06:00:14,20950.0,900.0,1742800.0
1613,2021-10-22 06:00:14,20950.0,2100.0,1741900.0
1614,2021-10-22 06:00:14,20950.0,800.0,1739800.0
1615,2021-10-22 06:00:14,20950.0,200.0,1739000.0
1616,2021-10-22 06:00:14,20950.0,1000.0,1738800.0
1617,2021-10-22 06:00:14,20950.0,2000.0,1737800.0
1618,2021-10-22 06:00:14,20950.0,1200.0,1735800.0
1619,2021-10-22 06:00:14,20950.0,500.0,1734600.0
1620,2021-10-22 06:00:14,20950.0,500.0,1734100.0
1621,2021-10-22 06:00:14,20950.0,400.0,1733600.0
1622,2021-10-22 06:00:14,20950.0,100.0,1733200.0
1623,2021-10-22 06:00:14,20950.0,3400.0,1733100.0
1624,2021-10-22 06:00:13,20950.0,1000.0,1729700.0
1625,2021-10-22 06:00:12,20950.0,1500.0,1728700.0
1626,2021-10-22 06:00:12,20950.0,300.0,1727200.0
1627,2021-10-22 06:00:12,20950.0,3800.0,1726900.0
1628,2021-10-22 06:00:12,20950.0,1200.0,1723100.0
1629,2021-10-22 06:00:11,20950.0,800.0,1721900.0
1630,2021-10-22 06:00:11,20950.0,4200.0,1721100.0
1631,2021-10-22 06:00:10,20950.0,1400.0,1716900.0
1632,2021-10-22 06:00:08,20950.0,3000.0,1715500.0
1633,2021-10-22 06:00:08,20950.0,1000.0,1712500.0
1634,2021-10-22 06:00:07,20950.0,100.0,1711500.0
1635,2021-10-22 06:00:06,20950.0,100.0,1711400.0
1636,2021-10-22 06:00:05,20950.0,1000.0,1711300.0
1637,2021-10-22 06:00:04,20900.0,300.0,1710300.0
1638,2021-10-22 06:00:04,20900.0,200.0,1710000.0
1639,2021-10-22 06:00:04,20900.0,500.0,1709800.0
1640,2021-10-22 06:00:04,20950.0,400.0,1709300.0
1641,2021-10-22 06:00:04,20950.0,100.0,1708900.0
1642,2021-10-22 06:00:04,20950.0,1500.0,1708800.0
1643,2021-10-22 06:00:04,20900.0,300.0,1707300.0
1644,2021-10-22 06:00:03,20950.0,100.0,1707000.0
1645,2021-10-22 06:00:03,20950.0,1400.0,1706900.0
1646,2021-10-22 06:00:02,20950.0,300.0,1705500.0
1647,2021-10-22 06:00:02,20950.0,500.0,1705200.0
1648,2021-10-22 06:00:01,20950.0,2000.0,1704700.0
1649,2021-10-22 06:00:01,20950.0,100.0,1702700.0
1650,2021-10-22 06:00:01,20950.0,500.0,1702600.0
1651,2021-10-22 04:29:37,20950.0,2300.0,1702100.0
1652,2021-10-22 04:29:37,20950.0,600.0,1699800.0
1653,2021-10-22 04:29:37,20950.0,100.0,1699200.0
1654,2021-10-22 04:29:33,20950.0,400.0,1699100.0
1655,2021-10-22 04:29:18,20900.0,200.0,1698700.0
1656,2021-10-22 04:29:18,20900.0,700.0,1698500.0
1657,2021-10-22 04:29:12,20950.0,100.0,1697800.0
1658,2021-10-22 04:29:12,20950.0,100.0,1697700.0
1659,2021-10-22 04:29:12,20950.0,300.0,1697600.0
1660,2021-10-22 04:29:12,20950.0,100.0,1697300.0
1661,2021-10-22 04:29:12,20950.0,5000.0,1697200.0
1662,2021-10-22 04:29:12,20950.0,100.0,1692200.0
1663,2021-10-22 04:29:12,20950.0,1200.0,1692100.0
1664,2021-10-22 04:29:12,20950.0,1000.0,1690900.0
1665,2021-10-22 04:29:12,20950.0,200.0,1689900.0
1666,2021-10-22 04:29:12,20950.0,300.0,1689700.0
1667,2021-10-22 04:29:12,20950.0,2000.0,1689400.0
1668,2021-10-22 04:29:12,20950.0,400.0,1687400.0
1669,2021-10-22 04:29:12,20950.0,700.0,1687000.0
1670,2021-10-22 04:29:12,20950.0,3600.0,1686300.0
1671,2021-10-22 04:29:09,20950.0,5000.0,1682700.0
1672,2021-10-22 04:29:03,20950.0,1000.0,1677700.0
1673,2021-10-22 04:29:01,20950.0,500.0,1676700.0
1674,2021-10-22 04:28:57,20950.0,2000.0,1676200.0
1675,2021-10-22 04:28:56,20950.0,500.0,1674200.0
1676,2021-10-22 04:28:54,20950.0,4000.0,1673700.0
1677,2021-10-22 04:28:51,20950.0,500.0,1669700.0
1678,2021-10-22 04:28:49,20950.0,100.0,1669200.0
1679,2021-10-22 04:28:49,20950.0,200.0,1669100.0
1680,2021-10-22 04:28:37,20950.0,100.0,1668900.0
1681,2021-10-22 04:28:36,20950.0,1000.0,1668800.0
1682,2021-10-22 04:28:30,20950.0,40500.0,1667800.0
1683,2021-10-22 04:28:25,20950.0,1000.0,1627300.0
1684,2021-10-22 04:28:22,20950.0,3000.0,1626300.0
1685,2021-10-22 04:28:12,20950.0,500.0,1623300.0
1686,2021-10-22 04:27:43,20950.0,500.0,1622800.0
1687,2021-10-22 04:27:29,20950.0,2000.0,1622300.0
1688,2021-10-22 04:27:28,20950.0,100.0,1620300.0
1689,2021-10-22 04:26:37,20950.0,1000.0,1620200.0
1690,2021-10-22 04:25:45,20900.0,300.0,1619200.0
1691,2021-10-22 04:25:45,20900.0,100.0,1618900.0
1692,2021-10-22 04:25:45,20900.0,100.0,1618800.0
1693,2021-10-22 04:25:45,20900.0,700.0,1618700.0
1694,2021-10-22 04:25:45,20900.0,100.0,1618000.0
1695,2021-10-22 04:25:45,20900.0,200.0,1617900.0
1696,2021-10-22 04:25:45,20900.0,200.0,1617700.0
1697,2021-10-22 04:25:45,20900.0,200.0,1617500.0
1698,2021-10-22 04:25:45,20900.0,500.0,1617300.0
1699,2021-10-22 04:25:45,20900.0,2600.0,1616800.0
1700,2021-10-22 04:25:16,20900.0,1000.0,1614200.0
1701,2021-10-22 04:24:57,20900.0,1400.0,1613200.0
1702,2021-10-22 04:24:57,20900.0,100.0,1611800.0
1703,2021-10-22 04:24:57,20900.0,300.0,1611700.0
1704,2021-10-22 04:24:57,20900.0,100.0,1611400.0
1705,2021-10-22 04:24:57,20900.0,600.0,1611300.0
1706,2021-10-22 04:24:49,20900.0,400.0,1610700.0
1707,2021-10-22 04:24:49,20900.0,100.0,1610300.0
1708,2021-10-22 04:24:49,20900.0,100.0,1610200.0
1709,2021-10-22 04:24:49,20900.0,1000.0,1610100.0
1710,2021-10-22 04:24:49,20900.0,1000.0,1609100.0
1711,2021-10-22 04:24:49,20900.0,300.0,1608100.0
1712,2021-10-22 04:24:49,20900.0,100.0,1607800.0
1713,2021-10-22 04:24:08,20950.0,200.0,1607700.0
1714,2021-10-22 04:24:07,20900.0,100.0,1607500.0
1715,2021-10-22 04:24:07,20900.0,100.0,1607400.0
1716,2021-10-22 04:24:07,20900.0,300.0,1607300.0
1717,2021-10-22 04:24:07,20900.0,100.0,1607000.0
1718,2021-10-22 04:24:07,20900.0,3600.0,1606900.0
1719,2021-10-22 04:23:56,20950.0,200.0,1603300.0
1720,2021-10-22 04:23:40,20950.0,2000.0,1603100.0
1721,2021-10-22 04:22:48,20950.0,300.0,1601100.0
1722,2021-10-22 04:22:45,20950.0,10000.0,1600800.0
1723,2021-10-22 04:22:08,20950.0,800.0,1590800.0
1724,2021-10-22 04:22:03,20950.0,200.0,1590000.0
1725,2021-10-22 04:21:52,20950.0,400.0,1589800.0
1726,2021-10-22 04:21:19,20950.0,2000.0,1589400.0
1727,2021-10-22 04:21:04,20900.0,1000.0,1587400.0
1728,2021-10-22 04:20:42,20900.0,400.0,1586400.0
1729,2021-10-22 04:20:42,20900.0,300.0,1586000.0
1730,2021-10-22 04:20:42,20900.0,100.0,1585700.0
1731,2021-10-22 04:20:42,20900.0,100.0,1585600.0
1732,2021-10-22 04:20:42,20900.0,100.0,1585500.0
1733,2021-10-22 04:20:42,20900.0,100.0,1585400.0
1734,2021-10-22 04:20:42,20900.0,100.0,1585300.0
1735,2021-10-22 04:20:42,20900.0,200.0,1585200.0
1736,2021-10-22 04:20:42,20900.0,200.0,1585000.0
1737,2021-10-22 04:20:42,20900.0,300.0,1584800.0
1738,2021-10-22 04:20:42,20900.0,200.0,1584500.0
1739,2021-10-22 04:20:30,20900.0,100.0,1584300.0
1740,2021-10-22 04:20:11,20900.0,200.0,1584200.0
1741,2021-10-22 04:20:10,20950.0,5000.0,1584000.0
1742,2021-10-22 04:19:46,20900.0,1000.0,1579000.0
1743,2021-10-22 04:19:27,20950.0,200.0,1578000.0
1744,2021-10-22 04:19:20,20950.0,500.0,1577800.0
1745,2021-10-22 04:19:15,20950.0,100.0,1577300.0
1746,2021-10-22 04:19:14,20950.0,500.0,1577200.0
1747,2021-10-22 04:19:11,20900.0,300.0,1576700.0
1748,2021-10-22 04:19:09,20950.0,200.0,1576400.0
1749,2021-10-22 04:18:59,20950.0,100.0,1576200.0
1750,2021-10-22 04:18:46,20950.0,900.0,1576100.0
1751,2021-10-22 04:18:35,20900.0,2000.0,1575200.0
1752,2021-10-22 04:18:18,20900.0,1000.0,1573200.0
1753,2021-10-22 04:18:13,20950.0,100.0,1572200.0
1754,2021-10-22 04:18:03,20900.0,4500.0,1572100.0
1755,2021-10-22 04:18:03,20900.0,500.0,1567600.0
1756,2021-10-22 04:18:01,20950.0,100.0,1567100.0
1757,2021-10-22 04:17:51,20950.0,100.0,1567000.0
1758,2021-10-22 04:17:45,20950.0,3000.0,1566900.0
1759,2021-10-22 04:17:21,20950.0,1000.0,1563900.0
1760,2021-10-22 04:17:02,20950.0,500.0,1562900.0
1761,2021-10-22 04:17:00,20950.0,20000.0,1562400.0
1762,2021-10-22 04:16:38,20950.0,15000.0,1542400.0
1763,2021-10-22 04:16:23,20900.0,700.0,1527400.0
1764,2021-10-22 04:15:52,20900.0,3000.0,1526700.0
1765,2021-10-22 04:15:22,20950.0,300.0,1523700.0
1766,2021-10-22 04:15:20,20950.0,2000.0,1523400.0
1767,2021-10-22 04:15:10,20950.0,900.0,1521400.0
1768,2021-10-22 04:15:08,20900.0,1000.0,1520500.0
1769,2021-10-22 04:15:03,20950.0,100.0,1519500.0
1770,2021-10-22 04:15:02,20900.0,400.0,1519400.0
1771,2021-10-22 04:14:52,20950.0,300.0,1519000.0
1772,2021-10-22 04:14:44,20950.0,500.0,1518700.0
1773,2021-10-22 04:14:42,20950.0,100.0,1518200.0
1774,2021-10-22 04:14:32,20950.0,300.0,1518100.0
1775,2021-10-22 04:14:31,20900.0,1000.0,1517800.0
1776,2021-10-22 04:14:05,20950.0,500.0,1516800.0
1777,2021-10-22 04:13:45,20950.0,5000.0,1516300.0
1778,2021-10-22 04:13:05,20950.0,10000.0,1511300.0
1779,2021-10-22 04:12:53,20950.0,800.0,1501300.0
1780,2021-10-22 04:12:47,20900.0,600.0,1500500.0
1781,2021-10-22 04:12:32,20950.0,200.0,1499900.0
1782,2021-10-22 04:12:20,20900.0,100.0,1499700.0
1783,2021-10-22 04:12:13,20950.0,1500.0,1499600.0
1784,2021-10-22 04:11:55,20900.0,400.0,1498100.0
1785,2021-10-22 04:11:43,20950.0,8000.0,1497700.0
1786,2021-10-22 04:11:42,20950.0,100.0,1489700.0
1787,2021-10-22 04:11:42,20950.0,1000.0,1489600.0
1788,2021-10-22 04:11:33,20950.0,100.0,1488600.0
1789,2021-10-22 04:11:25,20950.0,200.0,1488500.0
1790,2021-10-22 04:11:21,20950.0,500.0,1488300.0
1791,2021-10-22 04:11:13,20950.0,500.0,1487800.0
1792,2021-10-22 04:10:42,20950.0,10000.0,1487300.0
1793,2021-10-22 04:10:40,20900.0,500.0,1477300.0
1794,2021-10-22 04:10:38,20950.0,100.0,1476800.0
1795,2021-10-22 04:10:28,20900.0,1800.0,1476700.0
1796,2021-10-22 04:10:28,20900.0,100.0,1474900.0
1797,2021-10-22 04:10:28,20900.0,1200.0,1474800.0
1798,2021-10-22 04:10:28,20900.0,200.0,1473600.0
1799,2021-10-22 04:10:28,20900.0,1400.0,1473400.0
1800,2021-10-22 04:10:24,20900.0,600.0,1472000.0
1801,2021-10-22 04:10:24,20900.0,500.0,1471400.0
1802,2021-10-22 04:10:24,20900.0,1500.0,1470900.0
1803,2021-10-22 04:10:24,20900.0,500.0,1469400.0
1804,2021-10-22 04:10:24,20900.0,100.0,1468900.0
1805,2021-10-22 04:10:24,20900.0,100.0,1468800.0
1806,2021-10-22 04:10:24,20900.0,100.0,1468700.0
1807,2021-10-22 04:10:24,20900.0,200.0,1468600.0
1808,2021-10-22 04:10:24,20900.0,100.0,1468400.0
1809,2021-10-22 04:10:24,20900.0,300.0,1468300.0
1810,2021-10-22 04:10:11,20950.0,100.0,1468000.0
1811,2021-10-22 04:10:03,20900.0,5000.0,1467900.0
1812,2021-10-22 04:09:33,20950.0,300.0,1462900.0
1813,2021-10-22 04:09:32,20950.0,300.0,1462600.0
1814,2021-10-22 04:09:17,20950.0,400.0,1462300.0
1815,2021-10-22 04:09:15,20950.0,1900.0,1461900.0
1816,2021-10-22 04:09:01,20950.0,100.0,1460000.0
1817,2021-10-22 04:09:00,20950.0,200.0,1459900.0
1818,2021-10-22 04:08:52,20950.0,5000.0,1459700.0
1819,2021-10-22 04:08:18,20950.0,1000.0,1454700.0
1820,2021-10-22 04:08:08,20950.0,200.0,1453700.0
1821,2021-10-22 04:07:37,20950.0,300.0,1453500.0
1822,2021-10-22 04:07:21,20950.0,1000.0,1453200.0
1823,2021-10-22 04:07:17,20900.0,500.0,1452200.0
1824,2021-10-22 04:06:50,20950.0,1600.0,1451700.0
1825,2021-10-22 04:06:48,20900.0,2400.0,1450100.0
1826,2021-10-22 04:06:14,20900.0,2000.0,1447700.0
1827,2021-10-22 04:05:59,20950.0,1000.0,1445700.0
1828,2021-10-22 04:05:19,20950.0,100.0,1444700.0
1829,2021-10-22 04:04:31,20950.0,1000.0,1444600.0
1830,2021-10-22 04:04:29,20950.0,500.0,1443600.0
1831,2021-10-22 04:04:28,20900.0,5000.0,1443100.0
1832,2021-10-22 04:04:19,20950.0,1000.0,1438100.0
1833,2021-10-22 04:03:50,20950.0,100.0,1437100.0
1834,2021-10-22 04:03:44,20950.0,300.0,1437000.0
1835,2021-10-22 04:03:33,20950.0,100.0,1436700.0
1836,2021-10-22 04:03:14,20950.0,100.0,1436600.0
1837,2021-10-22 04:03:08,20950.0,200.0,1436500.0
1838,2021-10-22 04:02:06,20950.0,100.0,1436300.0
1839,2021-10-22 04:01:37,20950.0,300.0,1436200.0
1840,2021-10-22 04:00:35,20950.0,100.0,1435900.0
1841,2021-10-22 04:00:31,20900.0,100.0,1435800.0
1842,2021-10-22 04:00:03,20900.0,500.0,1435700.0
1843,2021-10-22 03:59:28,20900.0,400.0,1435200.0
1844,2021-10-22 03:59:06,20900.0,2500.0,1434800.0
1845,2021-10-22 03:58:56,20950.0,1500.0,1432300.0
1846,2021-10-22 03:57:41,20900.0,400.0,1430800.0
1847,2021-10-22 03:57:18,20900.0,400.0,1430400.0
1848,2021-10-22 03:57:18,20900.0,100.0,1430000.0
1849,2021-10-22 03:57:05,20900.0,700.0,1429900.0
1850,2021-10-22 03:56:58,20900.0,200.0,1429200.0
1851,2021-10-22 03:56:58,20900.0,100.0,1429000.0
1852,2021-10-22 03:56:58,20900.0,700.0,1428900.0
1853,2021-10-22 03:56:40,20900.0,300.0,1428200.0
1854,2021-10-22 03:56:32,20950.0,100.0,1427900.0
1855,2021-10-22 03:56:26,20950.0,100.0,1427800.0
1856,2021-10-22 03:56:26,20900.0,300.0,1427700.0
1857,2021-10-22 03:56:26,20900.0,100.0,1427400.0
1858,2021-10-22 03:56:26,20900.0,3000.0,1427300.0
1859,2021-10-22 03:56:26,20900.0,100.0,1424300.0
1860,2021-10-22 03:56:26,20900.0,200.0,1424200.0
1861,2021-10-22 03:56:26,20900.0,1300.0,1424000.0
1862,2021-10-22 03:55:36,20950.0,500.0,1422700.0
1863,2021-10-22 03:55:13,20950.0,6800.0,1422200.0
1864,2021-10-22 03:54:36,20950.0,100.0,1415400.0
1865,2021-10-22 03:54:04,20950.0,1000.0,1415300.0
1866,2021-10-22 03:54:04,20950.0,100.0,1414300.0
1867,2021-10-22 03:54:04,20950.0,200.0,1414200.0
1868,2021-10-22 03:54:04,20950.0,300.0,1414000.0
1869,2021-10-22 03:54:04,20950.0,100.0,1413700.0
1870,2021-10-22 03:54:04,20950.0,100.0,1413600.0
1871,2021-10-22 03:54:04,20950.0,1000.0,1413500.0
1872,2021-10-22 03:54:04,20950.0,1000.0,1412500.0
1873,2021-10-22 03:54:04,20950.0,100.0,1411500.0
1874,2021-10-22 03:54:04,20950.0,500.0,1411400.0
1875,2021-10-22 03:54:04,20950.0,300.0,1410900.0
1876,2021-10-22 03:54:04,20950.0,100.0,1410600.0
1877,2021-10-22 03:54:04,20950.0,100.0,1410500.0
1878,2021-10-22 03:54:04,20950.0,100.0,1410400.0
1879,2021-10-22 03:54:04,20950.0,1000.0,1410300.0
1880,2021-10-22 03:54:04,20950.0,20000.0,1409300.0
1881,2021-10-22 03:54:04,20950.0,1000.0,1389300.0
1882,2021-10-22 03:54:04,20950.0,14500.0,1388300.0
1883,2021-10-22 03:54:04,20950.0,1000.0,1373800.0
1884,2021-10-22 03:54:04,20950.0,1000.0,1372800.0
1885,2021-10-22 03:54:04,20950.0,100.0,1371800.0
1886,2021-10-22 03:54:04,20950.0,100.0,1371700.0
1887,2021-10-22 03:54:04,20950.0,100.0,1371600.0
1888,2021-10-22 03:54:04,20950.0,100.0,1371500.0
1889,2021-10-22 03:54:04,20950.0,500.0,1371400.0
1890,2021-10-22 03:54:04,20950.0,200.0,1370900.0
1891,2021-10-22 03:54:04,20950.0,300.0,1370700.0
1892,2021-10-22 03:54:04,20950.0,100.0,1370400.0
1893,2021-10-22 03:54:04,20950.0,5000.0,1370300.0
1894,2021-10-22 03:54:04,20950.0,700.0,1365300.0
1895,2021-10-22 03:54:04,20950.0,100.0,1364600.0
1896,2021-10-22 03:54:04,20950.0,100.0,1364500.0
1897,2021-10-22 03:54:04,20950.0,100.0,1364400.0
1898,2021-10-22 03:54:04,20950.0,1200.0,1364300.0
1899,2021-10-22 03:54:04,20950.0,1300.0,1363100.0
1900,2021-10-22 03:54:04,20950.0,400.0,1361800.0
1901,2021-10-22 03:54:04,20950.0,1000.0,1361400.0
1902,2021-10-22 03:54:04,20950.0,5000.0,1360400.0
1903,2021-10-22 03:54:04,20950.0,200.0,1355400.0
1904,2021-10-22 03:54:04,20950.0,600.0,1355200.0
1905,2021-10-22 03:54:04,20950.0,100.0,1354600.0
1906,2021-10-22 03:54:04,20950.0,1000.0,1354500.0
1907,2021-10-22 03:54:04,20950.0,100.0,1353500.0
1908,2021-10-22 03:54:04,20950.0,300.0,1353400.0
1909,2021-10-22 03:54:04,20950.0,500.0,1353100.0
1910,2021-10-22 03:54:04,20950.0,2300.0,1352600.0
1911,2021-10-22 03:54:04,20950.0,1000.0,1350300.0
1912,2021-10-22 03:54:04,20950.0,5000.0,1349300.0
1913,2021-10-22 03:54:04,20950.0,100.0,1344300.0
1914,2021-10-22 03:54:04,20950.0,9000.0,1344200.0
1915,2021-10-22 03:54:04,20950.0,1000.0,1335200.0
1916,2021-10-22 03:54:04,20950.0,500.0,1334200.0
1917,2021-10-22 03:54:04,20950.0,100.0,1333700.0
1918,2021-10-22 03:54:04,20950.0,100.0,1333600.0
1919,2021-10-22 03:54:04,20950.0,500.0,1333500.0
1920,2021-10-22 03:54:04,20950.0,1000.0,1333000.0
1921,2021-10-22 03:54:04,20950.0,5000.0,1332000.0
1922,2021-10-22 03:54:04,20950.0,2000.0,1327000.0
1923,2021-10-22 03:54:04,20950.0,200.0,1325000.0
1924,2021-10-22 03:54:04,20950.0,1000.0,1324800.0
1925,2021-10-22 03:54:04,20950.0,100.0,1323800.0
1926,2021-10-22 03:54:04,20950.0,600.0,1323700.0
1927,2021-10-22 03:54:04,20950.0,100.0,1323100.0
1928,2021-10-22 03:54:04,20950.0,100.0,1323000.0
1929,2021-10-22 03:54:04,20950.0,200.0,1322900.0
1930,2021-10-22 03:54:04,20950.0,7000.0,1322700.0
1931,2021-10-22 03:54:04,20950.0,300.0,1315700.0
1932,2021-10-22 03:54:04,20950.0,700.0,1315400.0
1933,2021-10-22 03:53:24,20950.0,200.0,1314700.0
1934,2021-10-22 03:53:18,20950.0,400.0,1314500.0
1935,2021-10-22 03:53:01,20950.0,300.0,1314100.0
1936,2021-10-22 03:52:45,21000.0,500.0,1313800.0
1937,2021-10-22 03:52:44,20950.0,300.0,1313300.0
1938,2021-10-22 03:52:15,21000.0,100.0,1313000.0
1939,2021-10-22 03:51:44,21000.0,6000.0,1312900.0
1940,2021-10-22 03:51:44,21000.0,2000.0,1306900.0
1941,2021-10-22 03:51:44,21000.0,500.0,1304900.0
1942,2021-10-22 03:51:44,21000.0,500.0,1304400.0
1943,2021-10-22 03:51:30,20950.0,3300.0,1303900.0
1944,2021-10-22 03:51:22,20950.0,5000.0,1300600.0
1945,2021-10-22 03:51:07,20950.0,5000.0,1295600.0
1946,2021-10-22 03:50:56,21000.0,200.0,1290600.0
1947,2021-10-22 03:50:42,21000.0,100.0,1290400.0
1948,2021-10-22 03:50:35,20950.0,1000.0,1290300.0
1949,2021-10-22 03:50:17,20950.0,100.0,1289300.0
1950,2021-10-22 03:50:12,21000.0,1200.0,1289200.0
1951,2021-10-22 03:50:12,21000.0,600.0,1288000.0
1952,2021-10-22 03:50:11,20950.0,500.0,1287400.0
1953,2021-10-22 03:49:29,20950.0,3000.0,1286900.0
1954,2021-10-22 03:49:25,20950.0,100.0,1283900.0
1955,2021-10-22 03:49:24,21000.0,300.0,1283800.0
1956,2021-10-22 03:49:18,20950.0,1100.0,1283500.0
1957,2021-10-22 03:49:18,20950.0,2700.0,1282400.0
1958,2021-10-22 03:49:18,20950.0,100.0,1279700.0
1959,2021-10-22 03:49:18,20950.0,700.0,1279600.0
1960,2021-10-22 03:49:18,20950.0,2000.0,1278900.0
1961,2021-10-22 03:49:18,20950.0,3400.0,1276900.0
1962,2021-10-22 03:49:17,20950.0,100.0,1273500.0
1963,2021-10-22 03:49:00,20950.0,16500.0,1273400.0
1964,2021-10-22 03:49:00,20950.0,100.0,1256900.0
1965,2021-10-22 03:49:00,20950.0,500.0,1256800.0
1966,2021-10-22 03:49:00,20950.0,2200.0,1256300.0
1967,2021-10-22 03:48:57,20950.0,100.0,1254100.0
1968,2021-10-22 03:48:42,20950.0,100.0,1254000.0
1969,2021-10-22 03:48:42,20950.0,200.0,1253900.0
1970,2021-10-22 03:48:42,20950.0,500.0,1253700.0
1971,2021-10-22 03:48:42,20950.0,200.0,1253200.0
1972,2021-10-22 03:48:24,20950.0,800.0,1253000.0
1973,2021-10-22 03:48:24,20950.0,4200.0,1252200.0
1974,2021-10-22 03:48:04,21000.0,400.0,1248000.0
1975,2021-10-22 03:47:52,21000.0,7600.0,1247600.0
1976,2021-10-22 03:46:57,20950.0,100.0,1240000.0
1977,2021-10-22 03:46:31,21000.0,100.0,1239900.0
1978,2021-10-22 03:45:56,20950.0,300.0,1239800.0
1979,2021-10-22 03:45:53,21000.0,300.0,1239500.0
1980,2021-10-22 03:45:36,20950.0,400.0,1239200.0
1981,2021-10-22 03:45:30,20950.0,100.0,1238800.0
1982,2021-10-22 03:45:30,20950.0,300.0,1238700.0
1983,2021-10-22 03:45:30,20950.0,3100.0,1238400.0
1984,2021-10-22 03:44:51,21000.0,700.0,1235300.0
1985,2021-10-22 03:44:51,21000.0,300.0,1234600.0
1986,2021-10-22 03:44:18,21000.0,1000.0,1234300.0
1987,2021-10-22 03:44:03,21000.0,1700.0,1233300.0
1988,2021-10-22 03:44:03,21000.0,300.0,1231600.0
1989,2021-10-22 03:42:19,21000.0,100.0,1231300.0
1990,2021-10-22 03:42:15,21000.0,600.0,1231200.0
1991,2021-10-22 03:42:15,21000.0,100.0,1230600.0
1992,2021-10-22 03:42:15,21000.0,4300.0,1230500.0
1993,2021-10-22 03:41:43,21000.0,500.0,1226200.0
1994,2021-10-22 03:41:24,21000.0,100.0,1225700.0
1995,2021-10-22 03:41:00,20950.0,400.0,1225600.0
1996,2021-10-22 03:40:09,20950.0,1200.0,1225200.0
1997,2021-10-22 03:39:37,20950.0,300.0,1224000.0
1998,2021-10-22 03:38:58,21000.0,300.0,1223700.0
1999,2021-10-22 03:38:33,21000.0,200.0,1223400.0
2000,2021-10-22 03:38:11,20950.0,900.0,1223200.0
2001,2021-10-22 03:38:11,20950.0,100.0,1222300.0
2002,2021-10-22 03:38:09,20950.0,1500.0,1222200.0
2003,2021-10-22 03:37:26,20950.0,3400.0,1220700.0
2004,2021-10-22 03:37:26,20950.0,900.0,1217300.0
2005,2021-10-22 03:37:26,20950.0,300.0,1216400.0
2006,2021-10-22 03:36:59,21000.0,300.0,1216100.0
2007,2021-10-22 03:36:44,21000.0,100.0,1215800.0
2008,2021-10-22 03:36:18,21000.0,1300.0,1215700.0
2009,2021-10-22 03:35:46,20950.0,300.0,1214400.0
2010,2021-10-22 03:35:45,21000.0,1800.0,1214100.0
2011,2021-10-22 03:35:09,21000.0,100.0,1212300.0
2012,2021-10-22 03:34:42,21000.0,100.0,1212200.0
2013,2021-10-22 03:34:36,20950.0,500.0,1212100.0
2014,2021-10-22 03:34:36,20950.0,200.0,1211600.0
2015,2021-10-22 03:34:36,20950.0,200.0,1211400.0
2016,2021-10-22 03:34:36,20950.0,100.0,1211200.0
2017,2021-10-22 03:34:35,20950.0,400.0,1211100.0
2018,2021-10-22 03:34:35,20950.0,500.0,1210700.0
2019,2021-10-22 03:34:35,20950.0,1100.0,1210200.0
2020,2021-10-22 03:34:34,20950.0,400.0,1209100.0
2021,2021-10-22 03:33:19,20950.0,500.0,1208700.0
2022,2021-10-22 03:32:55,20950.0,300.0,1208200.0
2023,2021-10-22 03:32:34,21000.0,200.0,1207900.0
2024,2021-10-22 03:32:03,21000.0,700.0,1207700.0
2025,2021-10-22 03:32:03,21000.0,1000.0,1207000.0
2026,2021-10-22 03:32:03,21000.0,300.0,1206000.0
2027,2021-10-22 03:32:01,20950.0,2400.0,1205700.0
2028,2021-10-22 03:31:22,21000.0,100.0,1203300.0
2029,2021-10-22 03:31:17,20950.0,300.0,1203200.0
2030,2021-10-22 03:31:17,20950.0,400.0,1202900.0
2031,2021-10-22 03:31:06,21000.0,100.0,1202500.0
2032,2021-10-22 03:30:39,20950.0,100.0,1202400.0
2033,2021-10-22 03:30:18,20950.0,500.0,1202300.0
2034,2021-10-22 03:29:48,20950.0,1000.0,1201800.0
2035,2021-10-22 03:29:37,20950.0,200.0,1200800.0
2036,2021-10-22 03:29:25,20950.0,100.0,1200600.0
2037,2021-10-22 03:29:01,20950.0,100.0,1200500.0
2038,2021-10-22 03:28:53,20950.0,100.0,1200400.0
2039,2021-10-22 03:28:53,20950.0,100.0,1200300.0
2040,2021-10-22 03:28:29,20950.0,1000.0,1200200.0
2041,2021-10-22 03:28:24,20950.0,100.0,1199200.0
2042,2021-10-22 03:28:15,20950.0,2500.0,1199100.0
2043,2021-10-22 03:28:15,20950.0,500.0,1196600.0
2044,2021-10-22 03:28:15,20950.0,1000.0,1196100.0
2045,2021-10-22 03:28:15,20950.0,100.0,1195100.0
2046,2021-10-22 03:28:15,20950.0,100.0,1195000.0
