,Time,Price,Volume_per_trade,Volume
0,2021-10-17 07:45:01,22000.0,400.0,6073500.0
1,2021-10-17 07:45:01,22000.0,1000.0,6073100.0
2,2021-10-17 07:45:01,22000.0,600.0,6072100.0
3,2021-10-17 07:45:01,22000.0,100.0,6071500.0
4,2021-10-17 07:45:01,22000.0,1000.0,6071400.0
5,2021-10-17 07:45:01,22000.0,100.0,6070400.0
6,2021-10-17 07:45:01,22000.0,100.0,6070300.0
7,2021-10-17 07:45:01,22000.0,100.0,6070200.0
8,2021-10-17 07:45:01,22000.0,800.0,6070100.0
9,2021-10-17 07:45:01,22000.0,1400.0,6069300.0
10,2021-10-17 07:45:01,22000.0,100.0,6067900.0
11,2021-10-17 07:45:01,22000.0,7700.0,6067800.0
12,2021-10-17 07:45:01,22000.0,100.0,6060100.0
13,2021-10-17 07:45:01,22000.0,300.0,6060000.0
14,2021-10-17 07:45:01,22000.0,100.0,6059700.0
15,2021-10-17 07:45:01,22000.0,100.0,6059600.0
16,2021-10-17 07:45:01,22000.0,3000.0,6059500.0
17,2021-10-17 07:45:01,22000.0,100.0,6056500.0
18,2021-10-17 07:45:01,22000.0,13500.0,6056400.0
19,2021-10-17 07:45:01,22000.0,1800.0,6042900.0
20,2021-10-17 07:45:01,22000.0,1200.0,6041100.0
21,2021-10-17 07:45:01,22000.0,900.0,6039900.0
22,2021-10-17 07:45:01,22000.0,900.0,6039000.0
23,2021-10-17 07:45:01,22000.0,2100.0,6038100.0
24,2021-10-17 07:45:01,22000.0,5000.0,6036000.0
25,2021-10-17 07:45:01,22000.0,5500.0,6031000.0
26,2021-10-17 07:45:01,22000.0,1000.0,6025500.0
27,2021-10-17 07:45:01,22000.0,4000.0,6024500.0
28,2021-10-17 07:45:01,22000.0,500.0,6020500.0
29,2021-10-17 07:45:01,22000.0,5000.0,6020000.0
30,2021-10-17 07:45:01,22000.0,200.0,6015000.0
31,2021-10-17 07:45:01,22000.0,300.0,6014800.0
32,2021-10-17 07:45:01,22000.0,2000.0,6014500.0
33,2021-10-17 07:45:01,22000.0,500.0,6012500.0
34,2021-10-17 07:45:01,22000.0,1000.0,6012000.0
35,2021-10-17 07:45:01,22000.0,200.0,6011000.0
36,2021-10-17 07:45:01,22000.0,500.0,6010800.0
37,2021-10-17 07:45:01,22000.0,3000.0,6010300.0
38,2021-10-17 07:45:01,22000.0,100.0,6007300.0
39,2021-10-17 07:45:01,22000.0,1300.0,6007200.0
40,2021-10-17 07:45:01,22000.0,200.0,6005900.0
41,2021-10-17 07:45:01,22000.0,100.0,6005700.0
42,2021-10-17 07:45:01,22000.0,500.0,6005600.0
43,2021-10-17 07:45:01,22000.0,1200.0,6005100.0
44,2021-10-17 07:45:01,22000.0,20000.0,6003900.0
45,2021-10-17 07:45:01,22000.0,300.0,5983900.0
46,2021-10-17 07:45:01,22000.0,2000.0,5983600.0
47,2021-10-17 07:45:01,22000.0,9600.0,5981600.0
48,2021-10-17 07:45:01,22000.0,400.0,5972000.0
49,2021-10-17 07:45:01,22000.0,500.0,5971600.0
50,2021-10-17 07:45:01,22000.0,12700.0,5971100.0
51,2021-10-17 07:45:01,22000.0,200.0,5958400.0
52,2021-10-17 07:45:01,22000.0,1300.0,5958200.0
53,2021-10-17 07:45:01,22000.0,1000.0,5956900.0
54,2021-10-17 07:45:01,22000.0,800.0,5955900.0
55,2021-10-17 07:45:01,22000.0,400.0,5955100.0
56,2021-10-17 07:45:01,22000.0,200.0,5954700.0
57,2021-10-17 07:45:01,22000.0,500.0,5954500.0
58,2021-10-17 07:45:01,22000.0,300.0,5954000.0
59,2021-10-17 07:45:01,22000.0,6700.0,5953700.0
60,2021-10-17 07:45:01,22000.0,100.0,5947000.0
61,2021-10-17 07:45:01,22000.0,200.0,5946900.0
62,2021-10-17 07:45:01,22000.0,300.0,5946700.0
63,2021-10-17 07:45:01,22000.0,7700.0,5946400.0
64,2021-10-17 07:45:01,22000.0,300.0,5938700.0
65,2021-10-17 07:45:01,22000.0,1000.0,5938400.0
66,2021-10-17 07:45:01,22000.0,300.0,5937400.0
67,2021-10-17 07:45:01,22000.0,600.0,5937100.0
68,2021-10-17 07:45:01,22000.0,1000.0,5936500.0
69,2021-10-17 07:45:01,22000.0,1000.0,5935500.0
70,2021-10-17 07:45:01,22000.0,3700.0,5934500.0
71,2021-10-17 07:45:01,22000.0,500.0,5930800.0
72,2021-10-17 07:45:01,22000.0,8900.0,5930300.0
73,2021-10-17 07:45:01,22000.0,100.0,5921400.0
74,2021-10-17 07:45:01,22000.0,1000.0,5921300.0
75,2021-10-17 07:45:01,22000.0,200.0,5920300.0
76,2021-10-17 07:45:01,22000.0,4800.0,5920100.0
77,2021-10-17 07:45:01,22000.0,1200.0,5915300.0
78,2021-10-17 07:45:01,22000.0,10000.0,5914100.0
79,2021-10-17 07:45:01,22000.0,1000.0,5904100.0
80,2021-10-17 07:45:01,22000.0,100.0,5903100.0
81,2021-10-17 07:45:01,22000.0,500.0,5903000.0
82,2021-10-17 07:45:01,22000.0,200.0,5902500.0
83,2021-10-17 07:45:01,22000.0,100.0,5902300.0
84,2021-10-17 07:45:01,22000.0,500.0,5902200.0
85,2021-10-17 07:45:01,22000.0,1000.0,5901700.0
86,2021-10-17 07:45:01,22000.0,6600.0,5900700.0
87,2021-10-17 07:45:01,22000.0,1000.0,5894100.0
88,2021-10-17 07:45:01,22000.0,2400.0,5893100.0
89,2021-10-17 07:45:01,22000.0,100.0,5890700.0
90,2021-10-17 07:45:01,22000.0,1000.0,5890600.0
91,2021-10-17 07:29:48,21950.0,100.0,5889600.0
92,2021-10-17 07:29:36,21900.0,1000.0,5889500.0
93,2021-10-17 07:29:34,21950.0,100.0,5888500.0
94,2021-10-17 07:29:26,21900.0,1100.0,5888400.0
95,2021-10-17 07:29:23,21950.0,200.0,5887300.0
96,2021-10-17 07:29:20,21950.0,7300.0,5887100.0
97,2021-10-17 07:29:03,21950.0,300.0,5879800.0
98,2021-10-17 07:29:02,21900.0,100.0,5879500.0
99,2021-10-17 07:29:00,21900.0,2100.0,5879400.0
100,2021-10-17 07:29:00,21900.0,700.0,5877300.0
101,2021-10-17 07:29:00,21900.0,700.0,5876600.0
102,2021-10-17 07:29:00,21900.0,500.0,5875900.0
103,2021-10-17 07:29:00,21900.0,3300.0,5875400.0
104,2021-10-17 07:29:00,21900.0,300.0,5872100.0
105,2021-10-17 07:29:00,21900.0,200.0,5871800.0
106,2021-10-17 07:28:57,21900.0,2000.0,5871600.0
107,2021-10-17 07:28:57,21900.0,200.0,5869600.0
108,2021-10-17 07:28:52,21850.0,100.0,5869400.0
109,2021-10-17 07:28:50,21900.0,300.0,5869300.0
110,2021-10-17 07:28:48,21900.0,300.0,5869000.0
111,2021-10-17 07:28:36,21850.0,200.0,5868700.0
112,2021-10-17 07:28:27,21850.0,1300.0,5868500.0
113,2021-10-17 07:28:19,21850.0,200.0,5867200.0
114,2021-10-17 07:28:19,21850.0,200.0,5867000.0
115,2021-10-17 07:28:19,21850.0,400.0,5866800.0
116,2021-10-17 07:28:19,21850.0,1000.0,5866400.0
117,2021-10-17 07:28:19,21850.0,400.0,5865400.0
118,2021-10-17 07:28:19,21850.0,500.0,5865000.0
119,2021-10-17 07:28:19,21850.0,400.0,5864500.0
120,2021-10-17 07:28:14,21850.0,300.0,5864100.0
121,2021-10-17 07:28:13,21800.0,1200.0,5863800.0
122,2021-10-17 07:28:12,21850.0,2100.0,5862600.0
123,2021-10-17 07:28:12,21850.0,2300.0,5860500.0
124,2021-10-17 07:28:10,21850.0,400.0,5858200.0
125,2021-10-17 07:28:00,21850.0,3200.0,5857800.0
126,2021-10-17 07:27:37,21800.0,400.0,5854600.0
127,2021-10-17 07:27:37,21800.0,3700.0,5854200.0
128,2021-10-17 07:27:37,21800.0,500.0,5850500.0
129,2021-10-17 07:27:37,21800.0,100.0,5850000.0
130,2021-10-17 07:27:37,21800.0,1000.0,5849900.0
131,2021-10-17 07:27:37,21800.0,300.0,5848900.0
132,2021-10-17 07:27:36,21800.0,300.0,5848600.0
133,2021-10-17 07:27:32,21800.0,100.0,5848300.0
134,2021-10-17 07:27:32,21800.0,1200.0,5848200.0
135,2021-10-17 07:27:32,21800.0,1300.0,5847000.0
136,2021-10-17 07:27:32,21800.0,100.0,5845700.0
137,2021-10-17 07:27:32,21800.0,2000.0,5845600.0
138,2021-10-17 07:27:32,21800.0,200.0,5843600.0
139,2021-10-17 07:27:32,21800.0,100.0,5843400.0
140,2021-10-17 07:27:32,21800.0,300.0,5843300.0
141,2021-10-17 07:27:17,21750.0,3000.0,5843000.0
142,2021-10-17 07:27:17,21750.0,100.0,5840000.0
143,2021-10-17 07:27:15,21750.0,100.0,5839900.0
144,2021-10-17 07:26:59,21800.0,300.0,5839800.0
145,2021-10-17 07:26:54,21800.0,300.0,5839500.0
146,2021-10-17 07:26:52,21750.0,700.0,5839200.0
147,2021-10-17 07:26:43,21750.0,200.0,5838500.0
148,2021-10-17 07:26:40,21800.0,4000.0,5838300.0
149,2021-10-17 07:26:35,21800.0,1000.0,5834300.0
150,2021-10-17 07:26:31,21800.0,300.0,5833300.0
151,2021-10-17 07:26:31,21800.0,400.0,5833000.0
152,2021-10-17 07:26:17,21800.0,5200.0,5832600.0
153,2021-10-17 07:26:17,21800.0,10000.0,5827400.0
154,2021-10-17 07:26:17,21800.0,100.0,5817400.0
155,2021-10-17 07:26:17,21800.0,1000.0,5817300.0
156,2021-10-17 07:26:17,21800.0,1000.0,5816300.0
157,2021-10-17 07:26:17,21800.0,12000.0,5815300.0
158,2021-10-17 07:26:17,21800.0,1100.0,5803300.0
159,2021-10-17 07:26:17,21800.0,1000.0,5802200.0
160,2021-10-17 07:26:17,21800.0,2300.0,5801200.0
161,2021-10-17 07:26:17,21800.0,16300.0,5798900.0
162,2021-10-17 07:26:15,21800.0,2000.0,5782600.0
163,2021-10-17 07:26:06,21800.0,500.0,5780600.0
164,2021-10-17 07:26:06,21800.0,300.0,5780100.0
165,2021-10-17 07:25:59,21800.0,400.0,5779800.0
166,2021-10-17 07:25:47,21800.0,200.0,5779400.0
167,2021-10-17 07:25:45,21800.0,300.0,5779200.0
168,2021-10-17 07:25:45,21800.0,700.0,5778900.0
169,2021-10-17 07:25:36,21800.0,1000.0,5778200.0
170,2021-10-17 07:25:33,21750.0,500.0,5777200.0
171,2021-10-17 07:25:23,21800.0,400.0,5776700.0
172,2021-10-17 07:25:19,21800.0,3600.0,5776300.0
173,2021-10-17 07:25:19,21800.0,200.0,5772700.0
174,2021-10-17 07:25:00,21800.0,500.0,5772500.0
175,2021-10-17 07:25:00,21800.0,2700.0,5772000.0
176,2021-10-17 07:25:00,21800.0,2200.0,5769300.0
177,2021-10-17 07:24:50,21800.0,1000.0,5767100.0
178,2021-10-17 07:24:42,21800.0,500.0,5766100.0
179,2021-10-17 07:24:21,21750.0,4500.0,5765600.0
180,2021-10-17 07:24:15,21750.0,200.0,5761100.0
181,2021-10-17 07:24:15,21750.0,300.0,5760900.0
182,2021-10-17 07:24:09,21800.0,100.0,5760600.0
183,2021-10-17 07:24:03,21750.0,300.0,5760500.0
184,2021-10-17 07:24:03,21750.0,9700.0,5760200.0
185,2021-10-17 07:23:58,21800.0,300.0,5750500.0
186,2021-10-17 07:23:58,21750.0,500.0,5750200.0
187,2021-10-17 07:23:42,21800.0,100.0,5749700.0
188,2021-10-17 07:23:40,21800.0,1000.0,5749600.0
189,2021-10-17 07:23:32,21800.0,3600.0,5748600.0
190,2021-10-17 07:23:32,21800.0,6400.0,5745000.0
191,2021-10-17 07:23:30,21750.0,9800.0,5738600.0
192,2021-10-17 07:23:30,21750.0,3000.0,5728800.0
193,2021-10-17 07:23:30,21750.0,800.0,5725800.0
194,2021-10-17 07:23:30,21750.0,400.0,5725000.0
195,2021-10-17 07:23:30,21750.0,2000.0,5724600.0
196,2021-10-17 07:23:30,21750.0,300.0,5722600.0
197,2021-10-17 07:23:30,21750.0,3700.0,5722300.0
198,2021-10-17 07:23:27,21800.0,900.0,5718600.0
199,2021-10-17 07:23:12,21800.0,2700.0,5717700.0
200,2021-10-17 07:23:11,21800.0,100.0,5715000.0
201,2021-10-17 07:23:07,21800.0,2000.0,5714900.0
202,2021-10-17 07:23:05,21800.0,500.0,5712900.0
203,2021-10-17 07:23:05,21800.0,400.0,5712400.0
204,2021-10-17 07:23:05,21800.0,500.0,5712000.0
205,2021-10-17 07:23:05,21800.0,200.0,5711500.0
206,2021-10-17 07:23:05,21800.0,400.0,5711300.0
207,2021-10-17 07:23:03,21800.0,4600.0,5710900.0
208,2021-10-17 07:23:01,21800.0,1000.0,5706300.0
209,2021-10-17 07:22:46,21800.0,100.0,5705300.0
210,2021-10-17 07:22:39,21800.0,200.0,5705200.0
211,2021-10-17 07:22:36,21800.0,100.0,5705000.0
212,2021-10-17 07:22:35,21800.0,200.0,5704900.0
213,2021-10-17 07:22:30,21800.0,300.0,5704700.0
214,2021-10-17 07:22:30,21800.0,3100.0,5704400.0
215,2021-10-17 07:22:23,21800.0,500.0,5701300.0
216,2021-10-17 07:22:23,21800.0,500.0,5700800.0
217,2021-10-17 07:22:23,21800.0,300.0,5700300.0
218,2021-10-17 07:22:23,21800.0,2000.0,5700000.0
219,2021-10-17 07:22:23,21800.0,3600.0,5698000.0
220,2021-10-17 07:22:10,21850.0,100.0,5694400.0
221,2021-10-17 07:22:10,21850.0,400.0,5694300.0
222,2021-10-17 07:21:59,21800.0,1400.0,5693900.0
223,2021-10-17 07:21:59,21800.0,5300.0,5692500.0
224,2021-10-17 07:21:59,21800.0,100.0,5687200.0
225,2021-10-17 07:21:49,21800.0,100.0,5687100.0
226,2021-10-17 07:21:42,21800.0,1000.0,5687000.0
227,2021-10-17 07:21:41,21800.0,3000.0,5686000.0
228,2021-10-17 07:21:37,21800.0,100.0,5683000.0
229,2021-10-17 07:21:32,21800.0,200.0,5682900.0
230,2021-10-17 07:21:12,21800.0,300.0,5682700.0
231,2021-10-17 07:21:10,21850.0,1000.0,5682400.0
232,2021-10-17 07:21:10,21800.0,200.0,5681400.0
233,2021-10-17 07:21:10,21850.0,4600.0,5681200.0
234,2021-10-17 07:21:09,21800.0,200.0,5676600.0
235,2021-10-17 07:21:09,21800.0,1800.0,5676400.0
236,2021-10-17 07:21:07,21800.0,10200.0,5674600.0
237,2021-10-17 07:21:07,21800.0,300.0,5664400.0
238,2021-10-17 07:21:07,21800.0,5600.0,5664100.0
239,2021-10-17 07:20:57,21800.0,500.0,5658500.0
240,2021-10-17 07:20:53,21800.0,2000.0,5658000.0
241,2021-10-17 07:20:51,21850.0,300.0,5656000.0
242,2021-10-17 07:20:49,21800.0,100.0,5655700.0
243,2021-10-17 07:20:40,21800.0,1000.0,5655600.0
244,2021-10-17 07:20:37,21800.0,600.0,5654600.0
245,2021-10-17 07:20:37,21800.0,200.0,5654000.0
246,2021-10-17 07:20:14,21800.0,400.0,5653800.0
247,2021-10-17 07:20:14,21800.0,200.0,5653400.0
248,2021-10-17 07:20:14,21800.0,500.0,5653200.0
249,2021-10-17 07:20:14,21800.0,400.0,5652700.0
250,2021-10-17 07:20:02,21700.0,800.0,5652300.0
251,2021-10-17 07:20:02,21700.0,600.0,5651500.0
252,2021-10-17 07:20:02,21700.0,500.0,5650900.0
253,2021-10-17 07:20:02,21700.0,2000.0,5650400.0
254,2021-10-17 07:20:02,21700.0,5000.0,5648400.0
255,2021-10-17 07:20:02,21700.0,1000.0,5643400.0
256,2021-10-17 07:20:02,21700.0,500.0,5642400.0
257,2021-10-17 07:20:02,21700.0,100.0,5641900.0
258,2021-10-17 07:20:02,21700.0,500.0,5641800.0
259,2021-10-17 07:20:02,21750.0,200.0,5641300.0
260,2021-10-17 07:20:02,21750.0,600.0,5641100.0
261,2021-10-17 07:20:02,21750.0,1000.0,5640500.0
262,2021-10-17 07:20:02,21800.0,500.0,5639500.0
263,2021-10-17 07:19:58,21800.0,400.0,5639000.0
264,2021-10-17 07:19:58,21800.0,200.0,5638600.0
265,2021-10-17 07:19:52,21800.0,500.0,5638400.0
266,2021-10-17 07:19:48,21800.0,1000.0,5637900.0
267,2021-10-17 07:19:45,21800.0,500.0,5636900.0
268,2021-10-17 07:19:44,21800.0,5000.0,5636400.0
269,2021-10-17 07:19:39,21800.0,2800.0,5631400.0
270,2021-10-17 07:19:39,21800.0,200.0,5628600.0
271,2021-10-17 07:19:28,21800.0,5000.0,5628400.0
272,2021-10-17 07:19:25,21800.0,500.0,5623400.0
273,2021-10-17 07:19:25,21800.0,300.0,5622900.0
274,2021-10-17 07:19:22,21800.0,200.0,5622600.0
275,2021-10-17 07:19:22,21800.0,800.0,5622400.0
276,2021-10-17 07:19:22,21700.0,500.0,5621600.0
277,2021-10-17 07:19:22,21700.0,1800.0,5621100.0
278,2021-10-17 07:19:22,21700.0,100.0,5619300.0
279,2021-10-17 07:19:22,21700.0,100.0,5619200.0
280,2021-10-17 07:19:22,21700.0,100.0,5619100.0
281,2021-10-17 07:19:22,21700.0,100.0,5619000.0
282,2021-10-17 07:19:22,21700.0,600.0,5618900.0
283,2021-10-17 07:19:22,21700.0,400.0,5618300.0
284,2021-10-17 07:19:22,21750.0,300.0,5617900.0
285,2021-10-17 07:19:22,21750.0,500.0,5617600.0
286,2021-10-17 07:19:22,21750.0,300.0,5617100.0
287,2021-10-17 07:19:22,21750.0,2000.0,5616800.0
288,2021-10-17 07:19:22,21750.0,10000.0,5614800.0
289,2021-10-17 07:19:22,21750.0,3200.0,5604800.0
290,2021-10-17 07:19:17,21800.0,5000.0,5601600.0
291,2021-10-17 07:19:15,21800.0,700.0,5596600.0
292,2021-10-17 07:19:10,21800.0,5300.0,5595900.0
293,2021-10-17 07:19:10,21800.0,5800.0,5590600.0
294,2021-10-17 07:19:10,21800.0,500.0,5584800.0
295,2021-10-17 07:19:10,21800.0,1000.0,5584300.0
296,2021-10-17 07:19:10,21800.0,100.0,5583300.0
297,2021-10-17 07:19:10,21800.0,2600.0,5583200.0
298,2021-10-17 07:19:06,21800.0,1000.0,5580600.0
299,2021-10-17 07:19:01,21800.0,1000.0,5579600.0
300,2021-10-17 07:18:52,21800.0,200.0,5578600.0
301,2021-10-17 07:18:52,21800.0,3200.0,5578400.0
302,2021-10-17 07:18:49,21800.0,2600.0,5575200.0
303,2021-10-17 07:18:48,21800.0,500.0,5572600.0
304,2021-10-17 07:18:43,21800.0,200.0,5572100.0
305,2021-10-17 07:18:38,21800.0,100.0,5571900.0
306,2021-10-17 07:18:38,21800.0,3400.0,5571800.0
307,2021-10-17 07:18:35,21750.0,1800.0,5568400.0
308,2021-10-17 07:18:35,21750.0,200.0,5566600.0
309,2021-10-17 07:18:20,21800.0,10000.0,5566400.0
310,2021-10-17 07:18:20,21800.0,500.0,5556400.0
311,2021-10-17 07:18:20,21800.0,100.0,5555900.0
312,2021-10-17 07:18:20,21800.0,400.0,5555800.0
313,2021-10-17 07:18:20,21800.0,9000.0,5555400.0
314,2021-10-17 07:18:20,21800.0,100.0,5546400.0
315,2021-10-17 07:18:20,21800.0,100.0,5546300.0
316,2021-10-17 07:18:20,21800.0,100.0,5546200.0
317,2021-10-17 07:18:20,21800.0,100.0,5546100.0
318,2021-10-17 07:18:20,21800.0,800.0,5546000.0
319,2021-10-17 07:18:20,21800.0,500.0,5545200.0
320,2021-10-17 07:18:20,21800.0,100.0,5544700.0
321,2021-10-17 07:18:20,21800.0,100.0,5544600.0
322,2021-10-17 07:18:20,21800.0,100.0,5544500.0
323,2021-10-17 07:18:20,21800.0,3000.0,5544400.0
324,2021-10-17 07:18:20,21800.0,300.0,5541400.0
325,2021-10-17 07:18:20,21800.0,100.0,5541100.0
326,2021-10-17 07:18:20,21800.0,21200.0,5541000.0
327,2021-10-17 07:18:06,21850.0,100.0,5519800.0
328,2021-10-17 07:17:56,21850.0,200.0,5519700.0
329,2021-10-17 07:17:56,21850.0,500.0,5519500.0
330,2021-10-17 07:17:56,21850.0,2300.0,5519000.0
331,2021-10-17 07:17:56,21850.0,100.0,5516700.0
332,2021-10-17 07:17:56,21850.0,200.0,5516600.0
333,2021-10-17 07:17:56,21850.0,8600.0,5516400.0
334,2021-10-17 07:17:48,21850.0,500.0,5507800.0
335,2021-10-17 07:17:48,21850.0,900.0,5507300.0
336,2021-10-17 07:17:37,21900.0,1000.0,5506400.0
337,2021-10-17 07:17:36,21900.0,100.0,5505400.0
338,2021-10-17 07:17:33,21900.0,400.0,5505300.0
339,2021-10-17 07:17:23,21900.0,1600.0,5504900.0
340,2021-10-17 07:17:23,21900.0,3700.0,5503300.0
341,2021-10-17 07:17:23,21900.0,300.0,5499600.0
342,2021-10-17 07:17:23,21900.0,200.0,5499300.0
343,2021-10-17 07:17:23,21900.0,100.0,5499100.0
344,2021-10-17 07:17:23,21900.0,100.0,5499000.0
345,2021-10-17 07:17:23,21900.0,900.0,5498900.0
346,2021-10-17 07:17:23,21900.0,100.0,5498000.0
347,2021-10-17 07:17:23,21900.0,1000.0,5497900.0
348,2021-10-17 07:17:23,21900.0,300.0,5496900.0
349,2021-10-17 07:17:23,21900.0,1000.0,5496600.0
350,2021-10-17 07:17:23,21900.0,1000.0,5495600.0
351,2021-10-17 07:17:23,21900.0,100.0,5494600.0
352,2021-10-17 07:17:23,21900.0,100.0,5494500.0
353,2021-10-17 07:17:23,21900.0,100.0,5494400.0
354,2021-10-17 07:17:23,21900.0,500.0,5494300.0
355,2021-10-17 07:17:23,21900.0,500.0,5493800.0
356,2021-10-17 07:17:22,21900.0,500.0,5493300.0
357,2021-10-17 07:17:22,21900.0,1000.0,5492800.0
358,2021-10-17 07:17:22,21900.0,200.0,5491800.0
359,2021-10-17 07:17:22,21900.0,300.0,5491600.0
360,2021-10-17 07:17:18,21900.0,200.0,5491300.0
361,2021-10-17 07:17:18,21900.0,300.0,5491100.0
362,2021-10-17 07:17:18,21900.0,200.0,5490800.0
363,2021-10-17 07:17:18,21900.0,100.0,5490600.0
364,2021-10-17 07:17:18,21900.0,100.0,5490500.0
365,2021-10-17 07:17:18,21900.0,200.0,5490400.0
366,2021-10-17 07:17:18,21900.0,10000.0,5490200.0
367,2021-10-17 07:17:18,21900.0,3900.0,5480200.0
368,2021-10-17 07:17:14,21900.0,100.0,5476300.0
369,2021-10-17 07:17:12,21950.0,1000.0,5476200.0
370,2021-10-17 07:17:12,21900.0,500.0,5475200.0
371,2021-10-17 07:17:03,21900.0,10000.0,5474700.0
372,2021-10-17 07:16:40,21950.0,1000.0,5464700.0
373,2021-10-17 07:16:40,21950.0,200.0,5463700.0
374,2021-10-17 07:16:40,21950.0,900.0,5463500.0
375,2021-10-17 07:16:40,21950.0,1400.0,5462600.0
376,2021-10-17 07:16:40,21950.0,2100.0,5461200.0
377,2021-10-17 07:16:39,22000.0,300.0,5459100.0
378,2021-10-17 07:16:35,21950.0,2900.0,5458800.0
379,2021-10-17 07:16:35,21950.0,1000.0,5455900.0
380,2021-10-17 07:16:35,21950.0,1000.0,5454900.0
381,2021-10-17 07:16:30,21950.0,500.0,5453900.0
382,2021-10-17 07:16:28,21950.0,800.0,5453400.0
383,2021-10-17 07:16:28,21950.0,400.0,5452600.0
384,2021-10-17 07:16:28,21950.0,500.0,5452200.0
385,2021-10-17 07:16:28,21950.0,800.0,5451700.0
386,2021-10-17 07:16:28,21950.0,5000.0,5450900.0
387,2021-10-17 07:16:28,21950.0,400.0,5445900.0
388,2021-10-17 07:16:28,21950.0,3000.0,5445500.0
389,2021-10-17 07:16:28,21950.0,500.0,5442500.0
390,2021-10-17 07:16:28,21950.0,400.0,5442000.0
391,2021-10-17 07:16:28,21950.0,100.0,5441600.0
392,2021-10-17 07:16:28,21950.0,8100.0,5441500.0
393,2021-10-17 07:16:28,21950.0,1900.0,5433400.0
394,2021-10-17 07:16:28,21950.0,300.0,5431500.0
395,2021-10-17 07:16:24,21950.0,100.0,5431200.0
396,2021-10-17 07:16:10,21950.0,500.0,5431100.0
397,2021-10-17 07:16:04,22000.0,200.0,5430600.0
398,2021-10-17 07:16:03,21950.0,5000.0,5430400.0
399,2021-10-17 07:15:58,22000.0,200.0,5425400.0
400,2021-10-17 07:15:56,22000.0,2000.0,5425200.0
401,2021-10-17 07:15:55,21950.0,10000.0,5423200.0
402,2021-10-17 07:15:54,21950.0,500.0,5413200.0
403,2021-10-17 07:15:39,22000.0,300.0,5412700.0
404,2021-10-17 07:15:37,22000.0,100.0,5412400.0
405,2021-10-17 07:15:19,22000.0,200.0,5412300.0
406,2021-10-17 07:15:18,22000.0,2200.0,5412100.0
407,2021-10-17 07:15:17,22000.0,5400.0,5409900.0
408,2021-10-17 07:15:07,22000.0,400.0,5404500.0
409,2021-10-17 07:14:58,21950.0,9500.0,5404100.0
410,2021-10-17 07:14:58,21950.0,20000.0,5394600.0
411,2021-10-17 07:14:58,21950.0,500.0,5374600.0
412,2021-10-17 07:14:47,22000.0,200.0,5374100.0
413,2021-10-17 07:14:45,22000.0,1100.0,5373900.0
414,2021-10-17 07:14:12,22000.0,1900.0,5372800.0
415,2021-10-17 07:14:12,22000.0,1100.0,5370900.0
416,2021-10-17 07:14:08,22000.0,500.0,5369800.0
417,2021-10-17 07:14:08,22000.0,600.0,5369300.0
418,2021-10-17 07:14:08,22000.0,300.0,5368700.0
419,2021-10-17 07:14:08,22000.0,100.0,5368400.0
420,2021-10-17 07:14:08,22000.0,5300.0,5368300.0
421,2021-10-17 07:14:08,22000.0,2000.0,5363000.0
422,2021-10-17 07:14:08,22000.0,500.0,5361000.0
423,2021-10-17 07:14:08,22000.0,300.0,5360500.0
424,2021-10-17 07:14:08,22000.0,300.0,5360200.0
425,2021-10-17 07:14:08,22000.0,200.0,5359900.0
426,2021-10-17 07:14:08,22000.0,200.0,5359700.0
427,2021-10-17 07:14:08,22000.0,2000.0,5359500.0
428,2021-10-17 07:14:08,22000.0,200.0,5357500.0
429,2021-10-17 07:14:08,22000.0,200.0,5357300.0
430,2021-10-17 07:14:08,22000.0,900.0,5357100.0
431,2021-10-17 07:14:08,22000.0,500.0,5356200.0
432,2021-10-17 07:14:08,22000.0,200.0,5355700.0
433,2021-10-17 07:14:08,22000.0,300.0,5355500.0
434,2021-10-17 07:14:08,22000.0,1000.0,5355200.0
435,2021-10-17 07:14:08,22000.0,500.0,5354200.0
436,2021-10-17 07:14:08,22000.0,4800.0,5353700.0
437,2021-10-17 07:14:08,22000.0,2000.0,5348900.0
438,2021-10-17 07:14:08,22000.0,5000.0,5346900.0
439,2021-10-17 07:14:08,22000.0,30000.0,5341900.0
440,2021-10-17 07:14:08,22000.0,300.0,5311900.0
441,2021-10-17 07:14:08,22000.0,300.0,5311600.0
442,2021-10-17 07:14:08,22000.0,2000.0,5311300.0
443,2021-10-17 07:14:08,22000.0,100.0,5309300.0
444,2021-10-17 07:14:08,22000.0,1000.0,5309200.0
445,2021-10-17 07:14:08,22000.0,2800.0,5308200.0
446,2021-10-17 07:14:08,22000.0,100.0,5305400.0
447,2021-10-17 07:14:08,22000.0,1000.0,5305300.0
448,2021-10-17 07:14:08,22000.0,2000.0,5304300.0
449,2021-10-17 07:14:08,22000.0,5000.0,5302300.0
450,2021-10-17 07:14:08,22000.0,2000.0,5297300.0
451,2021-10-17 07:14:08,22000.0,900.0,5295300.0
452,2021-10-17 07:14:08,22000.0,200.0,5294400.0
453,2021-10-17 07:14:08,22000.0,5000.0,5294200.0
454,2021-10-17 07:14:08,22000.0,500.0,5289200.0
455,2021-10-17 07:14:08,22000.0,1000.0,5288700.0
456,2021-10-17 07:14:08,22000.0,2100.0,5287700.0
457,2021-10-17 07:14:08,22000.0,5300.0,5285600.0
458,2021-10-17 07:14:08,22000.0,100.0,5280300.0
459,2021-10-17 07:14:08,22000.0,5400.0,5280200.0
460,2021-10-17 07:14:08,22000.0,1000.0,5274800.0
461,2021-10-17 07:14:08,22000.0,200.0,5273800.0
462,2021-10-17 07:14:08,22000.0,100.0,5273600.0
463,2021-10-17 07:14:08,22000.0,300.0,5273500.0
464,2021-10-17 07:14:08,22000.0,900.0,5273200.0
465,2021-10-17 07:14:08,22000.0,100.0,5272300.0
466,2021-10-17 07:14:08,22000.0,100.0,5272200.0
467,2021-10-17 07:14:08,22000.0,1000.0,5272100.0
468,2021-10-17 07:14:08,22000.0,200.0,5271100.0
469,2021-10-17 07:14:06,22000.0,2100.0,5270900.0
470,2021-10-17 07:14:06,22000.0,500.0,5268800.0
471,2021-10-17 07:14:06,22000.0,2400.0,5268300.0
472,2021-10-17 07:14:04,22050.0,300.0,5265900.0
473,2021-10-17 07:13:57,22000.0,100.0,5265600.0
474,2021-10-17 07:13:53,22000.0,400.0,5265500.0
475,2021-10-17 07:13:49,22000.0,1500.0,5265100.0
476,2021-10-17 07:13:43,22000.0,5000.0,5263600.0
477,2021-10-17 07:13:38,22000.0,300.0,5258600.0
478,2021-10-17 07:13:37,22000.0,100.0,5258300.0
479,2021-10-17 07:13:33,22050.0,300.0,5258200.0
480,2021-10-17 07:13:31,22000.0,200.0,5257900.0
481,2021-10-17 07:13:31,22000.0,1000.0,5257700.0
482,2021-10-17 07:13:31,22000.0,1500.0,5256700.0
483,2021-10-17 07:13:31,22000.0,200.0,5255200.0
484,2021-10-17 07:13:31,22000.0,6100.0,5255000.0
485,2021-10-17 07:13:16,22000.0,5000.0,5248900.0
486,2021-10-17 07:13:12,22000.0,3000.0,5243900.0
487,2021-10-17 07:13:05,22000.0,100.0,5240900.0
488,2021-10-17 07:13:04,22050.0,3700.0,5240800.0
489,2021-10-17 07:13:04,22050.0,100.0,5237100.0
490,2021-10-17 07:13:04,22050.0,2700.0,5237000.0
491,2021-10-17 07:13:02,22050.0,200.0,5234300.0
492,2021-10-17 07:12:35,22050.0,300.0,5234100.0
493,2021-10-17 07:12:29,22000.0,500.0,5233800.0
494,2021-10-17 07:12:22,22000.0,10000.0,5233300.0
495,2021-10-17 07:12:16,22000.0,100.0,5223300.0
496,2021-10-17 07:12:06,22050.0,300.0,5223200.0
497,2021-10-17 07:11:34,22050.0,300.0,5222900.0
498,2021-10-17 07:11:24,22050.0,5300.0,5222600.0
499,2021-10-17 07:11:18,22050.0,2000.0,5217300.0
500,2021-10-17 07:11:04,22050.0,3900.0,5215300.0
501,2021-10-17 07:11:04,22050.0,200.0,5211400.0
502,2021-10-17 07:11:04,22050.0,2000.0,5211200.0
503,2021-10-17 07:11:04,22050.0,1300.0,5209200.0
504,2021-10-17 07:11:04,22050.0,500.0,5207900.0
505,2021-10-17 07:11:04,22050.0,3100.0,5207400.0
506,2021-10-17 07:11:04,22050.0,300.0,5204300.0
507,2021-10-17 07:11:01,22000.0,1000.0,5204000.0
508,2021-10-17 07:10:48,22000.0,1200.0,5203000.0
509,2021-10-17 07:10:46,22000.0,200.0,5201800.0
510,2021-10-17 07:10:45,22050.0,100.0,5201600.0
511,2021-10-17 07:10:42,22000.0,100.0,5201500.0
512,2021-10-17 07:10:37,22000.0,100.0,5201400.0
513,2021-10-17 07:10:35,22050.0,400.0,5201300.0
514,2021-10-17 07:10:29,22000.0,400.0,5200900.0
515,2021-10-17 07:10:15,22000.0,200.0,5200500.0
516,2021-10-17 07:09:51,22050.0,1000.0,5200300.0
517,2021-10-17 07:09:47,22050.0,300.0,5199300.0
518,2021-10-17 07:09:43,22050.0,1000.0,5199000.0
519,2021-10-17 07:09:37,22050.0,3800.0,5198000.0
520,2021-10-17 07:09:37,22050.0,600.0,5194200.0
521,2021-10-17 07:09:37,22050.0,1200.0,5193600.0
522,2021-10-17 07:09:37,22050.0,400.0,5192400.0
523,2021-10-17 07:09:29,22050.0,5400.0,5192000.0
524,2021-10-17 07:09:16,22050.0,200.0,5186600.0
525,2021-10-17 07:09:09,22050.0,200.0,5186400.0
526,2021-10-17 07:08:45,22050.0,500.0,5186200.0
527,2021-10-17 07:08:43,22000.0,500.0,5185700.0
528,2021-10-17 07:08:33,22050.0,1000.0,5185200.0
529,2021-10-17 07:08:33,22050.0,300.0,5184200.0
530,2021-10-17 07:08:33,22050.0,2000.0,5183900.0
531,2021-10-17 07:08:22,22100.0,300.0,5181900.0
532,2021-10-17 07:08:15,22050.0,100.0,5181600.0
533,2021-10-17 07:08:07,22050.0,1000.0,5181500.0
534,2021-10-17 07:08:04,22050.0,300.0,5180500.0
535,2021-10-17 07:07:56,22050.0,100.0,5180200.0
536,2021-10-17 07:07:56,22050.0,200.0,5180100.0
537,2021-10-17 07:07:56,22050.0,500.0,5179900.0
538,2021-10-17 07:07:56,22050.0,1000.0,5179400.0
539,2021-10-17 07:07:56,22050.0,100.0,5178400.0
540,2021-10-17 07:07:56,22050.0,1000.0,5178300.0
541,2021-10-17 07:07:56,22050.0,2600.0,5177300.0
542,2021-10-17 07:07:56,22050.0,4100.0,5174700.0
543,2021-10-17 07:07:52,22050.0,1300.0,5170600.0
544,2021-10-17 07:07:51,22050.0,300.0,5169300.0
545,2021-10-17 07:07:32,22050.0,4300.0,5169000.0
546,2021-10-17 07:07:32,22050.0,100.0,5164700.0
547,2021-10-17 07:07:32,22050.0,900.0,5164600.0
548,2021-10-17 07:07:21,22050.0,400.0,5163700.0
549,2021-10-17 07:07:17,22000.0,1000.0,5163300.0
550,2021-10-17 07:07:07,22000.0,20000.0,5162300.0
551,2021-10-17 07:06:42,22050.0,1000.0,5142300.0
552,2021-10-17 07:06:34,22050.0,300.0,5141300.0
553,2021-10-17 07:06:33,22050.0,3000.0,5141000.0
554,2021-10-17 07:06:24,22050.0,3400.0,5138000.0
555,2021-10-17 07:06:24,22050.0,3000.0,5134600.0
556,2021-10-17 07:06:24,22050.0,1300.0,5131600.0
557,2021-10-17 07:06:24,22050.0,100.0,5130300.0
558,2021-10-17 07:06:24,22050.0,3800.0,5130200.0
559,2021-10-17 07:06:24,22050.0,8400.0,5126400.0
560,2021-10-17 07:06:23,22000.0,500.0,5118000.0
561,2021-10-17 07:06:23,22000.0,400.0,5117500.0
562,2021-10-17 07:06:11,22050.0,2400.0,5117100.0
563,2021-10-17 07:05:55,22050.0,200.0,5114700.0
564,2021-10-17 07:05:37,22050.0,200.0,5114500.0
565,2021-10-17 07:05:35,22050.0,5400.0,5114300.0
566,2021-10-17 07:05:33,22050.0,400.0,5108900.0
567,2021-10-17 07:05:33,22050.0,900.0,5108500.0
568,2021-10-17 07:05:33,22050.0,2100.0,5107600.0
569,2021-10-17 07:05:20,22100.0,3000.0,5105500.0
570,2021-10-17 07:05:15,22050.0,27900.0,5102500.0
571,2021-10-17 07:05:15,22050.0,1100.0,5074600.0
572,2021-10-17 07:05:15,22050.0,1000.0,5073500.0
573,2021-10-17 07:05:15,22050.0,200.0,5072500.0
574,2021-10-17 07:05:15,22050.0,1000.0,5072300.0
575,2021-10-17 07:05:15,22050.0,300.0,5071300.0
576,2021-10-17 07:05:15,22050.0,4400.0,5071000.0
577,2021-10-17 07:05:15,22050.0,900.0,5066600.0
578,2021-10-17 07:05:15,22050.0,2800.0,5065700.0
579,2021-10-17 07:05:15,22050.0,100.0,5062900.0
580,2021-10-17 07:05:15,22050.0,500.0,5062800.0
581,2021-10-17 07:05:15,22050.0,4000.0,5062300.0
582,2021-10-17 07:05:15,22050.0,5300.0,5058300.0
583,2021-10-17 07:05:15,22050.0,100.0,5053000.0
584,2021-10-17 07:05:15,22050.0,100.0,5052900.0
585,2021-10-17 07:05:15,22050.0,2400.0,5052800.0
586,2021-10-17 07:04:50,22100.0,200.0,5050400.0
587,2021-10-17 07:04:41,22100.0,200.0,5050200.0
588,2021-10-17 07:04:24,22100.0,300.0,5050000.0
589,2021-10-17 07:04:23,22100.0,2700.0,5049700.0
590,2021-10-17 07:04:23,22100.0,300.0,5047000.0
591,2021-10-17 07:04:23,22100.0,100.0,5046700.0
592,2021-10-17 07:04:23,22100.0,1900.0,5046600.0
593,2021-10-17 07:04:15,22050.0,100.0,5044700.0
594,2021-10-17 07:04:09,22050.0,300.0,5044600.0
595,2021-10-17 07:04:08,22050.0,3600.0,5044300.0
596,2021-10-17 07:03:58,22050.0,1000.0,5040700.0
597,2021-10-17 07:03:50,22050.0,3000.0,5039700.0
598,2021-10-17 07:03:47,22100.0,100.0,5036700.0
599,2021-10-17 07:03:47,22100.0,200.0,5036600.0
600,2021-10-17 07:03:39,22100.0,5300.0,5036400.0
601,2021-10-17 07:03:38,22100.0,100.0,5031100.0
602,2021-10-17 07:03:22,22100.0,300.0,5031000.0
603,2021-10-17 07:02:53,22100.0,200.0,5030700.0
604,2021-10-17 07:02:27,22100.0,100.0,5030500.0
605,2021-10-17 07:02:27,22050.0,100.0,5030400.0
606,2021-10-17 07:02:23,22100.0,300.0,5030300.0
607,2021-10-17 07:02:15,22050.0,1000.0,5030000.0
608,2021-10-17 07:02:12,22050.0,500.0,5029000.0
609,2021-10-17 07:02:04,22050.0,100.0,5028500.0
610,2021-10-17 07:02:01,22050.0,100.0,5028400.0
611,2021-10-17 07:01:55,22050.0,300.0,5028300.0
612,2021-10-17 07:01:54,22100.0,300.0,5028000.0
613,2021-10-17 07:01:52,22050.0,500.0,5027700.0
614,2021-10-17 07:01:37,22050.0,300.0,5027200.0
615,2021-10-17 07:01:26,22050.0,2000.0,5026900.0
616,2021-10-17 07:01:25,22050.0,3000.0,5024900.0
617,2021-10-17 07:01:24,22050.0,1000.0,5021900.0
618,2021-10-17 07:01:24,22050.0,700.0,5020900.0
619,2021-10-17 07:01:22,22050.0,1000.0,5020200.0
620,2021-10-17 07:01:16,22050.0,500.0,5019200.0
621,2021-10-17 07:01:16,22050.0,2800.0,5018700.0
622,2021-10-17 07:01:12,22050.0,3000.0,5015900.0
623,2021-10-17 07:01:01,22050.0,1000.0,5012900.0
624,2021-10-17 07:00:53,22050.0,1000.0,5011900.0
625,2021-10-17 07:00:52,22050.0,12200.0,5010900.0
626,2021-10-17 07:00:52,22050.0,100.0,4998700.0
627,2021-10-17 07:00:52,22050.0,2700.0,4998600.0
628,2021-10-17 07:00:47,22050.0,100.0,4995900.0
629,2021-10-17 07:00:38,22050.0,4800.0,4995800.0
630,2021-10-17 07:00:37,22050.0,100.0,4991000.0
631,2021-10-17 07:00:37,22050.0,100.0,4990900.0
632,2021-10-17 07:00:37,22050.0,200.0,4990800.0
633,2021-10-17 07:00:37,22050.0,300.0,4990600.0
634,2021-10-17 07:00:37,22050.0,100.0,4990300.0
635,2021-10-17 07:00:37,22050.0,500.0,4990200.0
636,2021-10-17 07:00:37,22050.0,1100.0,4989700.0
637,2021-10-17 07:00:06,22050.0,18900.0,4988600.0
638,2021-10-17 07:00:06,22050.0,100.0,4969700.0
639,2021-10-17 07:00:06,22050.0,500.0,4969600.0
640,2021-10-17 07:00:06,22050.0,10500.0,4969100.0
641,2021-10-17 07:00:03,22050.0,3000.0,4958600.0
642,2021-10-17 06:59:56,22050.0,2600.0,4955600.0
643,2021-10-17 06:59:45,22050.0,3900.0,4953000.0
644,2021-10-17 06:59:45,22050.0,100.0,4949100.0
645,2021-10-17 06:59:45,22050.0,1400.0,4949000.0
646,2021-10-17 06:59:26,22050.0,200.0,4947600.0
647,2021-10-17 06:59:17,22050.0,5000.0,4947400.0
648,2021-10-17 06:58:56,22050.0,2000.0,4942400.0
649,2021-10-17 06:58:47,22050.0,1000.0,4940400.0
650,2021-10-17 06:58:32,22000.0,800.0,4939400.0
651,2021-10-17 06:58:20,22050.0,1100.0,4938600.0
652,2021-10-17 06:58:20,22050.0,5300.0,4937500.0
653,2021-10-17 06:58:20,22050.0,200.0,4932200.0
654,2021-10-17 06:58:20,22050.0,3400.0,4932000.0
655,2021-10-17 06:58:20,22050.0,200.0,4928600.0
656,2021-10-17 06:58:20,22050.0,900.0,4928400.0
657,2021-10-17 06:58:20,22050.0,1000.0,4927500.0
658,2021-10-17 06:58:20,22050.0,18300.0,4926500.0
659,2021-10-17 06:58:18,22050.0,10000.0,4908200.0
660,2021-10-17 06:58:17,22050.0,1500.0,4898200.0
661,2021-10-17 06:58:17,22050.0,100.0,4896700.0
662,2021-10-17 06:58:11,22050.0,100.0,4896600.0
663,2021-10-17 06:58:11,22050.0,100.0,4896500.0
664,2021-10-17 06:57:36,22050.0,7400.0,4896400.0
665,2021-10-17 06:57:36,22050.0,200.0,4889000.0
666,2021-10-17 06:57:36,22050.0,5000.0,4888800.0
667,2021-10-17 06:57:36,22050.0,400.0,4883800.0
668,2021-10-17 06:57:31,22050.0,200.0,4883400.0
669,2021-10-17 06:57:28,22100.0,2500.0,4883200.0
670,2021-10-17 06:57:25,22050.0,800.0,4880700.0
671,2021-10-17 06:57:25,22050.0,200.0,4879900.0
672,2021-10-17 06:57:20,22050.0,100.0,4879700.0
673,2021-10-17 06:57:17,22050.0,500.0,4879600.0
674,2021-10-17 06:57:04,22050.0,100.0,4879100.0
675,2021-10-17 06:56:58,22050.0,800.0,4879000.0
676,2021-10-17 06:56:58,22050.0,200.0,4878200.0
677,2021-10-17 06:56:56,22050.0,600.0,4878000.0
678,2021-10-17 06:56:52,22100.0,1000.0,4877400.0
679,2021-10-17 06:56:48,22050.0,3000.0,4876400.0
680,2021-10-17 06:56:44,22050.0,700.0,4873400.0
681,2021-10-17 06:56:37,22050.0,800.0,4872700.0
682,2021-10-17 06:56:37,22050.0,100.0,4871900.0
683,2021-10-17 06:55:51,22050.0,200.0,4871800.0
684,2021-10-17 06:55:51,22050.0,2000.0,4871600.0
685,2021-10-17 06:55:51,22050.0,14700.0,4869600.0
686,2021-10-17 06:55:30,22050.0,300.0,4854900.0
687,2021-10-17 06:55:24,22050.0,200.0,4854600.0
688,2021-10-17 06:55:09,22000.0,100.0,4854400.0
689,2021-10-17 06:54:53,22050.0,500.0,4854300.0
690,2021-10-17 06:54:52,22050.0,500.0,4853800.0
691,2021-10-17 06:54:29,22050.0,4000.0,4853300.0
692,2021-10-17 06:54:25,22050.0,6000.0,4849300.0
693,2021-10-17 06:54:17,22050.0,100.0,4843300.0
694,2021-10-17 06:54:16,22050.0,11200.0,4843200.0
695,2021-10-17 06:54:16,22050.0,700.0,4832000.0
696,2021-10-17 06:54:02,22100.0,800.0,4831300.0
697,2021-10-17 06:54:02,22050.0,100.0,4830500.0
698,2021-10-17 06:54:02,22050.0,1300.0,4830400.0
699,2021-10-17 06:54:02,22050.0,100.0,4829100.0
700,2021-10-17 06:54:02,22050.0,200.0,4829000.0
701,2021-10-17 06:54:02,22050.0,10000.0,4828800.0
702,2021-10-17 06:54:02,22050.0,200.0,4818800.0
703,2021-10-17 06:54:02,22050.0,100.0,4818600.0
704,2021-10-17 06:54:02,22050.0,5000.0,4818500.0
705,2021-10-17 06:54:02,22050.0,1900.0,4813500.0
706,2021-10-17 06:54:02,22050.0,5000.0,4811600.0
707,2021-10-17 06:54:02,22050.0,1000.0,4806600.0
708,2021-10-17 06:54:02,22050.0,200.0,4805600.0
709,2021-10-17 06:54:02,22050.0,100.0,4805400.0
710,2021-10-17 06:54:02,22050.0,100.0,4805300.0
711,2021-10-17 06:54:02,22050.0,3900.0,4805200.0
712,2021-10-17 06:54:01,22000.0,500.0,4801300.0
713,2021-10-17 06:53:55,22050.0,5400.0,4800800.0
714,2021-10-17 06:53:30,22050.0,100.0,4795400.0
715,2021-10-17 06:52:09,22050.0,1000.0,4795300.0
716,2021-10-17 06:51:59,22050.0,5300.0,4794300.0
717,2021-10-17 06:51:59,22050.0,900.0,4789000.0
718,2021-10-17 06:51:59,22050.0,500.0,4788100.0
719,2021-10-17 06:51:59,22050.0,300.0,4787600.0
720,2021-10-17 06:51:59,22050.0,2600.0,4787300.0
721,2021-10-17 06:51:52,22050.0,600.0,4784700.0
722,2021-10-17 06:51:49,22050.0,200.0,4784100.0
723,2021-10-17 06:51:47,22050.0,900.0,4783900.0
724,2021-10-17 06:51:35,22050.0,1000.0,4783000.0
725,2021-10-17 06:51:32,22050.0,800.0,4782000.0
726,2021-10-17 06:51:28,22050.0,3900.0,4781200.0
727,2021-10-17 06:51:22,22050.0,500.0,4777300.0
728,2021-10-17 06:51:22,22050.0,1000.0,4776800.0
729,2021-10-17 06:51:22,22050.0,100.0,4775800.0
730,2021-10-17 06:51:22,22050.0,100.0,4775700.0
731,2021-10-17 06:51:22,22050.0,100.0,4775600.0
732,2021-10-17 06:51:22,22050.0,900.0,4775500.0
733,2021-10-17 06:51:22,22050.0,3400.0,4774600.0
734,2021-10-17 06:51:15,22050.0,100.0,4771200.0
735,2021-10-17 06:51:13,22050.0,200.0,4771100.0
736,2021-10-17 06:51:12,22050.0,100.0,4770900.0
737,2021-10-17 06:51:11,22100.0,8900.0,4770800.0
738,2021-10-17 06:51:11,22100.0,1000.0,4761900.0
739,2021-10-17 06:51:11,22100.0,1100.0,4760900.0
740,2021-10-17 06:51:11,22100.0,3000.0,4759800.0
741,2021-10-17 06:51:11,22100.0,100.0,4756800.0
742,2021-10-17 06:51:11,22100.0,1000.0,4756700.0
743,2021-10-17 06:51:11,22100.0,1000.0,4755700.0
744,2021-10-17 06:51:11,22100.0,2000.0,4754700.0
745,2021-10-17 06:51:11,22100.0,10000.0,4752700.0
746,2021-10-17 06:51:11,22100.0,1000.0,4742700.0
747,2021-10-17 06:51:11,22100.0,2000.0,4741700.0
748,2021-10-17 06:51:11,22100.0,1700.0,4739700.0
749,2021-10-17 06:51:11,22100.0,200.0,4738000.0
750,2021-10-17 06:51:11,22100.0,100.0,4737800.0
751,2021-10-17 06:51:11,22100.0,500.0,4737700.0
752,2021-10-17 06:51:11,22100.0,200.0,4737200.0
753,2021-10-17 06:51:11,22100.0,1100.0,4737000.0
754,2021-10-17 06:51:11,22100.0,4000.0,4735900.0
755,2021-10-17 06:51:11,22100.0,200.0,4731900.0
756,2021-10-17 06:51:11,22100.0,1000.0,4731700.0
757,2021-10-17 06:51:11,22100.0,3000.0,4730700.0
758,2021-10-17 06:51:11,22100.0,300.0,4727700.0
759,2021-10-17 06:51:11,22100.0,700.0,4727400.0
760,2021-10-17 06:51:11,22100.0,200.0,4726700.0
761,2021-10-17 06:51:11,22100.0,100.0,4726500.0
762,2021-10-17 06:51:11,22100.0,100.0,4726400.0
763,2021-10-17 06:51:11,22100.0,1000.0,4726300.0
764,2021-10-17 06:51:11,22100.0,700.0,4725300.0
765,2021-10-17 06:51:11,22100.0,1200.0,4724600.0
766,2021-10-17 06:51:11,22100.0,100.0,4723400.0
767,2021-10-17 06:51:11,22100.0,1000.0,4723300.0
768,2021-10-17 06:51:11,22100.0,200.0,4722300.0
769,2021-10-17 06:51:11,22100.0,200.0,4722100.0
770,2021-10-17 06:51:11,22100.0,2000.0,4721900.0
771,2021-10-17 06:51:11,22100.0,200.0,4719900.0
772,2021-10-17 06:51:11,22100.0,200.0,4719700.0
773,2021-10-17 06:51:11,22100.0,400.0,4719500.0
774,2021-10-17 06:51:11,22100.0,100.0,4719100.0
775,2021-10-17 06:51:11,22100.0,200.0,4719000.0
776,2021-10-17 06:51:11,22100.0,1000.0,4718800.0
777,2021-10-17 06:51:11,22100.0,200.0,4717800.0
778,2021-10-17 06:51:11,22100.0,500.0,4717600.0
779,2021-10-17 06:51:11,22100.0,100.0,4717100.0
780,2021-10-17 06:51:11,22100.0,2000.0,4717000.0
781,2021-10-17 06:51:11,22100.0,500.0,4715000.0
782,2021-10-17 06:51:11,22100.0,200.0,4714500.0
783,2021-10-17 06:51:11,22100.0,100.0,4714300.0
784,2021-10-17 06:51:11,22100.0,5400.0,4714200.0
785,2021-10-17 06:51:11,22050.0,1600.0,4708800.0
786,2021-10-17 06:51:11,22050.0,3400.0,4707200.0
787,2021-10-17 06:51:04,22050.0,8100.0,4703800.0
788,2021-10-17 06:50:57,22050.0,300.0,4695700.0
789,2021-10-17 06:50:54,22050.0,800.0,4695400.0
790,2021-10-17 06:50:35,22050.0,7400.0,4694600.0
791,2021-10-17 06:50:35,22050.0,100.0,4687200.0
792,2021-10-17 06:50:29,22050.0,1700.0,4687100.0
793,2021-10-17 06:50:27,22050.0,200.0,4685400.0
794,2021-10-17 06:50:27,22050.0,900.0,4685200.0
795,2021-10-17 06:50:27,22050.0,500.0,4684300.0
796,2021-10-17 06:50:27,22050.0,300.0,4683800.0
797,2021-10-17 06:50:27,22050.0,1000.0,4683500.0
798,2021-10-17 06:50:27,22050.0,100.0,4682500.0
799,2021-10-17 06:50:27,22050.0,1800.0,4682400.0
800,2021-10-17 06:50:27,22050.0,200.0,4680600.0
801,2021-10-17 06:50:14,22050.0,2000.0,4680400.0
802,2021-10-17 06:50:13,22050.0,200.0,4678400.0
803,2021-10-17 06:50:13,22050.0,100.0,4678200.0
804,2021-10-17 06:50:12,22050.0,2000.0,4678100.0
805,2021-10-17 06:50:09,22050.0,600.0,4676100.0
806,2021-10-17 06:50:06,22050.0,200.0,4675500.0
807,2021-10-17 06:50:03,22050.0,1600.0,4675300.0
808,2021-10-17 06:49:57,22050.0,2000.0,4673700.0
809,2021-10-17 06:49:43,22050.0,1100.0,4671700.0
810,2021-10-17 06:49:43,22050.0,100.0,4670600.0
811,2021-10-17 06:49:43,22050.0,1800.0,4670500.0
812,2021-10-17 06:49:35,22050.0,100.0,4668700.0
813,2021-10-17 06:49:33,22050.0,100.0,4668600.0
814,2021-10-17 06:49:30,22050.0,100.0,4668500.0
815,2021-10-17 06:49:28,22050.0,100.0,4668400.0
816,2021-10-17 06:49:10,22050.0,3100.0,4668300.0
817,2021-10-17 06:49:10,22050.0,1300.0,4665200.0
818,2021-10-17 06:49:08,22050.0,1000.0,4663900.0
819,2021-10-17 06:49:03,22050.0,200.0,4662900.0
820,2021-10-17 06:48:55,22050.0,2000.0,4662700.0
821,2021-10-17 06:48:50,22050.0,500.0,4660700.0
822,2021-10-17 06:48:43,22050.0,600.0,4660200.0
823,2021-10-17 06:48:42,22050.0,100.0,4659600.0
824,2021-10-17 06:48:25,22050.0,1000.0,4659500.0
825,2021-10-17 06:48:07,22050.0,200.0,4658500.0
826,2021-10-17 06:48:06,22050.0,1200.0,4658300.0
827,2021-10-17 06:48:06,22050.0,100.0,4657100.0
828,2021-10-17 06:48:06,22050.0,100.0,4657000.0
829,2021-10-17 06:48:06,22050.0,10900.0,4656900.0
830,2021-10-17 06:48:06,22050.0,100.0,4646000.0
831,2021-10-17 06:48:06,22050.0,700.0,4645900.0
832,2021-10-17 06:48:03,22000.0,100.0,4645200.0
833,2021-10-17 06:48:01,22000.0,500.0,4645100.0
834,2021-10-17 06:48:01,22000.0,200.0,4644600.0
835,2021-10-17 06:47:58,22000.0,3400.0,4644400.0
836,2021-10-17 06:47:58,22000.0,300.0,4641000.0
837,2021-10-17 06:47:58,22000.0,100.0,4640700.0
838,2021-10-17 06:47:58,22000.0,300.0,4640600.0
839,2021-10-17 06:47:58,22000.0,900.0,4640300.0
840,2021-10-17 06:47:40,22000.0,1500.0,4639400.0
841,2021-10-17 06:47:40,22000.0,1600.0,4637900.0
842,2021-10-17 06:47:30,22000.0,400.0,4636300.0
843,2021-10-17 06:47:30,22000.0,200.0,4635900.0
844,2021-10-17 06:47:30,22000.0,200.0,4635700.0
845,2021-10-17 06:47:30,22000.0,700.0,4635500.0
846,2021-10-17 06:47:29,22050.0,2300.0,4634800.0
847,2021-10-17 06:47:29,22050.0,500.0,4632500.0
848,2021-10-17 06:47:29,22050.0,4100.0,4632000.0
849,2021-10-17 06:47:29,22050.0,3000.0,4627900.0
850,2021-10-17 06:47:29,22050.0,1500.0,4624900.0
851,2021-10-17 06:47:29,22050.0,2100.0,4623400.0
852,2021-10-17 06:47:29,22050.0,4000.0,4621300.0
853,2021-10-17 06:47:29,22050.0,300.0,4617300.0
854,2021-10-17 06:47:29,22050.0,1000.0,4617000.0
855,2021-10-17 06:47:29,22050.0,1000.0,4616000.0
856,2021-10-17 06:47:29,22050.0,1000.0,4615000.0
857,2021-10-17 06:47:29,22050.0,10000.0,4614000.0
858,2021-10-17 06:47:29,22050.0,1000.0,4604000.0
859,2021-10-17 06:47:29,22050.0,1000.0,4603000.0
860,2021-10-17 06:47:29,22050.0,100.0,4602000.0
861,2021-10-17 06:47:29,22050.0,200.0,4601900.0
862,2021-10-17 06:47:29,22050.0,300.0,4601700.0
863,2021-10-17 06:47:29,22050.0,1000.0,4601400.0
864,2021-10-17 06:47:29,22050.0,15600.0,4600400.0
865,2021-10-17 06:47:18,22000.0,200.0,4584800.0
866,2021-10-17 06:47:18,22000.0,4000.0,4584600.0
867,2021-10-17 06:47:18,22000.0,200.0,4580600.0
868,2021-10-17 06:47:18,22000.0,5000.0,4580400.0
869,2021-10-17 06:47:18,22000.0,300.0,4575400.0
870,2021-10-17 06:47:18,22000.0,300.0,4575100.0
871,2021-10-17 06:47:18,22000.0,400.0,4574800.0
872,2021-10-17 06:47:18,22000.0,100.0,4574400.0
873,2021-10-17 06:47:18,22000.0,200.0,4574300.0
874,2021-10-17 06:47:18,22000.0,500.0,4574100.0
875,2021-10-17 06:47:18,22000.0,600.0,4573600.0
876,2021-10-17 06:47:18,22000.0,100.0,4573000.0
877,2021-10-17 06:47:18,22000.0,1000.0,4572900.0
878,2021-10-17 06:47:18,22000.0,1000.0,4571900.0
879,2021-10-17 06:47:18,22000.0,10000.0,4570900.0
880,2021-10-17 06:47:18,22000.0,100.0,4560900.0
881,2021-10-17 06:47:18,22000.0,2000.0,4560800.0
882,2021-10-17 06:47:18,22000.0,200.0,4558800.0
883,2021-10-17 06:47:18,22000.0,3800.0,4558600.0
884,2021-10-17 06:47:04,22000.0,100.0,4554800.0
885,2021-10-17 06:47:01,22000.0,100.0,4554700.0
886,2021-10-17 06:47:01,22000.0,100.0,4554600.0
887,2021-10-17 06:47:01,22000.0,200.0,4554500.0
888,2021-10-17 06:46:59,22000.0,100.0,4554300.0
889,2021-10-17 06:46:50,22050.0,1000.0,4554200.0
890,2021-10-17 06:46:47,22050.0,2700.0,4553200.0
891,2021-10-17 06:46:41,22000.0,100.0,4550500.0
892,2021-10-17 06:46:40,22050.0,1100.0,4550400.0
893,2021-10-17 06:46:38,22000.0,1600.0,4549300.0
894,2021-10-17 06:46:38,22000.0,100.0,4547700.0
895,2021-10-17 06:46:38,22000.0,500.0,4547600.0
896,2021-10-17 06:46:38,22000.0,200.0,4547100.0
897,2021-10-17 06:46:38,22000.0,100.0,4546900.0
898,2021-10-17 06:46:38,22000.0,1500.0,4546800.0
899,2021-10-17 06:46:38,22000.0,100.0,4545300.0
900,2021-10-17 06:46:38,22000.0,10000.0,4545200.0
901,2021-10-17 06:46:38,22000.0,1000.0,4535200.0
902,2021-10-17 06:46:38,22000.0,300.0,4534200.0
903,2021-10-17 06:46:38,22000.0,100.0,4533900.0
904,2021-10-17 06:46:38,22000.0,200.0,4533800.0
905,2021-10-17 06:46:38,22000.0,4300.0,4533600.0
906,2021-10-17 06:46:28,22000.0,1000.0,4529300.0
907,2021-10-17 06:46:27,22000.0,300.0,4528300.0
908,2021-10-17 06:46:27,22000.0,500.0,4528000.0
909,2021-10-17 06:46:13,22000.0,200.0,4527500.0
910,2021-10-17 06:46:08,22000.0,500.0,4527300.0
911,2021-10-17 06:46:08,22000.0,200.0,4526800.0
912,2021-10-17 06:46:02,22000.0,1000.0,4526600.0
913,2021-10-17 06:45:44,22000.0,400.0,4525600.0
914,2021-10-17 06:45:37,22000.0,500.0,4525200.0
915,2021-10-17 06:45:36,22000.0,500.0,4524700.0
916,2021-10-17 06:45:26,22000.0,2000.0,4524200.0
917,2021-10-17 06:45:24,22000.0,100.0,4522200.0
918,2021-10-17 06:44:57,22000.0,5000.0,4522100.0
919,2021-10-17 06:44:38,22000.0,200.0,4517100.0
920,2021-10-17 06:44:13,22000.0,500.0,4516900.0
921,2021-10-17 06:44:03,22000.0,2800.0,4516400.0
922,2021-10-17 06:44:03,22000.0,4900.0,4513600.0
923,2021-10-17 06:44:03,22000.0,12300.0,4508700.0
924,2021-10-17 06:43:53,22050.0,700.0,4496400.0
925,2021-10-17 06:43:45,22050.0,700.0,4495700.0
926,2021-10-17 06:43:45,22050.0,5000.0,4495000.0
927,2021-10-17 06:43:45,22050.0,500.0,4490000.0
928,2021-10-17 06:43:45,22050.0,400.0,4489500.0
929,2021-10-17 06:43:45,22050.0,2600.0,4489100.0
930,2021-10-17 06:43:45,22050.0,5300.0,4486500.0
931,2021-10-17 06:43:45,22050.0,2000.0,4481200.0
932,2021-10-17 06:43:45,22050.0,500.0,4479200.0
933,2021-10-17 06:43:45,22050.0,600.0,4478700.0
934,2021-10-17 06:43:45,22050.0,900.0,4478100.0
935,2021-10-17 06:43:45,22050.0,5400.0,4477200.0
936,2021-10-17 06:43:37,22050.0,100.0,4471800.0
937,2021-10-17 06:43:37,22100.0,300.0,4471700.0
938,2021-10-17 06:43:29,22050.0,1000.0,4471400.0
939,2021-10-17 06:43:18,22050.0,1900.0,4470400.0
940,2021-10-17 06:43:14,22050.0,100.0,4468500.0
941,2021-10-17 06:42:26,22050.0,200.0,4468400.0
942,2021-10-17 06:42:26,22050.0,1500.0,4468200.0
943,2021-10-17 06:42:21,22050.0,200.0,4466700.0
944,2021-10-17 06:42:19,22050.0,100.0,4466500.0
945,2021-10-17 06:42:01,22050.0,100.0,4466400.0
946,2021-10-17 06:41:58,22050.0,10000.0,4466300.0
947,2021-10-17 06:41:53,22050.0,200.0,4456300.0
948,2021-10-17 06:41:52,22050.0,1000.0,4456100.0
949,2021-10-17 06:41:47,22050.0,1200.0,4455100.0
950,2021-10-17 06:41:39,22050.0,500.0,4453900.0
951,2021-10-17 06:41:29,22050.0,5000.0,4453400.0
952,2021-10-17 06:41:13,22050.0,16000.0,4448400.0
953,2021-10-17 06:41:07,22050.0,500.0,4432400.0
954,2021-10-17 06:41:01,22050.0,100.0,4431900.0
955,2021-10-17 06:41:00,22050.0,600.0,4431800.0
956,2021-10-17 06:41:00,22050.0,2000.0,4431200.0
957,2021-10-17 06:41:00,22050.0,200.0,4429200.0
958,2021-10-17 06:41:00,22050.0,200.0,4429000.0
959,2021-10-17 06:41:00,22050.0,500.0,4428800.0
960,2021-10-17 06:41:00,22050.0,1400.0,4428300.0
961,2021-10-17 06:40:39,22050.0,500.0,4426900.0
962,2021-10-17 06:40:35,22000.0,9400.0,4426400.0
963,2021-10-17 06:40:21,22050.0,100.0,4417000.0
964,2021-10-17 06:40:21,22050.0,100.0,4416900.0
965,2021-10-17 06:40:21,22050.0,100.0,4416800.0
966,2021-10-17 06:40:21,22050.0,5100.0,4416700.0
967,2021-10-17 06:40:13,22050.0,300.0,4411600.0
968,2021-10-17 06:40:09,22050.0,100.0,4411300.0
969,2021-10-17 06:40:09,22050.0,3300.0,4411200.0
970,2021-10-17 06:40:05,22050.0,6700.0,4407900.0
971,2021-10-17 06:40:05,22050.0,100.0,4401200.0
972,2021-10-17 06:40:05,22050.0,1000.0,4401100.0
973,2021-10-17 06:40:05,22050.0,2000.0,4400100.0
974,2021-10-17 06:40:05,22050.0,200.0,4398100.0
975,2021-10-17 06:40:05,22050.0,700.0,4397900.0
976,2021-10-17 06:40:05,22050.0,300.0,4397200.0
977,2021-10-17 06:40:02,22050.0,700.0,4396900.0
978,2021-10-17 06:40:02,22050.0,1200.0,4396200.0
979,2021-10-17 06:39:53,22050.0,1700.0,4395000.0
980,2021-10-17 06:39:51,22050.0,2400.0,4393300.0
981,2021-10-17 06:39:51,22050.0,600.0,4390900.0
982,2021-10-17 06:39:48,22050.0,2000.0,4390300.0
983,2021-10-17 06:39:46,22050.0,100.0,4388300.0
984,2021-10-17 06:39:45,22050.0,300.0,4388200.0
985,2021-10-17 06:39:43,22050.0,200.0,4387900.0
986,2021-10-17 06:39:41,22050.0,10000.0,4387700.0
987,2021-10-17 06:39:25,22050.0,1000.0,4377700.0
988,2021-10-17 06:39:24,22050.0,600.0,4376700.0
989,2021-10-17 06:39:14,22050.0,100.0,4376100.0
990,2021-10-17 06:39:10,22050.0,1000.0,4376000.0
991,2021-10-17 06:39:07,22050.0,500.0,4375000.0
992,2021-10-17 06:39:01,22050.0,3600.0,4374500.0
993,2021-10-17 06:39:01,22050.0,200.0,4370900.0
994,2021-10-17 06:39:01,22050.0,100.0,4370700.0
995,2021-10-17 06:39:01,22050.0,2000.0,4370600.0
996,2021-10-17 06:39:01,22050.0,4100.0,4368600.0
997,2021-10-17 06:38:45,22050.0,1200.0,4364500.0
998,2021-10-17 06:38:45,22050.0,300.0,4363300.0
999,2021-10-17 06:38:43,22050.0,300.0,4363000.0
1000,2021-10-17 06:38:35,22050.0,100.0,4362700.0
1001,2021-10-17 06:38:29,22050.0,100.0,4362600.0
1002,2021-10-17 06:38:21,22050.0,6100.0,4362500.0
1003,2021-10-17 06:38:21,22050.0,100.0,4356400.0
1004,2021-10-17 06:38:21,22050.0,1500.0,4356300.0
1005,2021-10-17 06:38:21,22050.0,900.0,4354800.0
1006,2021-10-17 06:38:21,22050.0,400.0,4353900.0
1007,2021-10-17 06:38:12,22050.0,500.0,4353500.0
1008,2021-10-17 06:38:08,22050.0,3600.0,4353000.0
1009,2021-10-17 06:37:56,22050.0,900.0,4349400.0
1010,2021-10-17 06:37:56,22050.0,3100.0,4348500.0
1011,2021-10-17 06:37:51,22050.0,1900.0,4345400.0
1012,2021-10-17 06:37:51,22050.0,100.0,4343500.0
1013,2021-10-17 06:37:51,22050.0,100.0,4343400.0
1014,2021-10-17 06:37:51,22050.0,200.0,4343300.0
1015,2021-10-17 06:37:51,22050.0,3000.0,4343100.0
1016,2021-10-17 06:37:48,22100.0,1000.0,4340100.0
1017,2021-10-17 06:37:48,22050.0,200.0,4339100.0
1018,2021-10-17 06:37:18,22100.0,500.0,4338900.0
1019,2021-10-17 06:37:02,22050.0,800.0,4338400.0
1020,2021-10-17 06:37:02,22050.0,400.0,4337600.0
1021,2021-10-17 06:37:02,22050.0,1300.0,4337200.0
1022,2021-10-17 06:36:59,22050.0,500.0,4335900.0
1023,2021-10-17 06:36:42,22100.0,700.0,4335400.0
1024,2021-10-17 06:36:36,22050.0,2400.0,4334700.0
1025,2021-10-17 06:36:30,22050.0,200.0,4332300.0
1026,2021-10-17 06:36:27,22050.0,4000.0,4332100.0
1027,2021-10-17 06:36:19,22050.0,200.0,4328100.0
1028,2021-10-17 06:36:19,22050.0,1000.0,4327900.0
1029,2021-10-17 06:36:11,22050.0,500.0,4326900.0
1030,2021-10-17 06:36:04,22050.0,3000.0,4326400.0
1031,2021-10-17 06:36:02,22050.0,6900.0,4323400.0
1032,2021-10-17 06:36:02,22050.0,3100.0,4316500.0
1033,2021-10-17 06:35:45,22050.0,3000.0,4313400.0
1034,2021-10-17 06:35:43,22100.0,5000.0,4310400.0
1035,2021-10-17 06:35:28,22100.0,2500.0,4305400.0
1036,2021-10-17 06:35:16,22050.0,1000.0,4302900.0
1037,2021-10-17 06:34:54,22100.0,200.0,4301900.0
1038,2021-10-17 06:34:54,22050.0,800.0,4301700.0
1039,2021-10-17 06:33:35,22050.0,2100.0,4300900.0
1040,2021-10-17 06:33:35,22050.0,400.0,4298800.0
1041,2021-10-17 06:33:35,22050.0,1500.0,4298400.0
1042,2021-10-17 06:33:27,22050.0,500.0,4296900.0
1043,2021-10-17 06:33:06,22050.0,100.0,4296400.0
1044,2021-10-17 06:32:59,22100.0,500.0,4296300.0
1045,2021-10-17 06:32:34,22100.0,3900.0,4295800.0
1046,2021-10-17 06:32:34,22100.0,100.0,4291900.0
1047,2021-10-17 06:32:34,22100.0,500.0,4291800.0
1048,2021-10-17 06:32:34,22100.0,800.0,4291300.0
1049,2021-10-17 06:32:21,22100.0,100.0,4290500.0
1050,2021-10-17 06:32:07,22100.0,1000.0,4290400.0
1051,2021-10-17 06:32:02,22050.0,3300.0,4289400.0
1052,2021-10-17 06:32:02,22050.0,500.0,4286100.0
1053,2021-10-17 06:32:02,22050.0,900.0,4285600.0
1054,2021-10-17 06:32:02,22050.0,200.0,4284700.0
1055,2021-10-17 06:32:02,22050.0,100.0,4284500.0
1056,2021-10-17 06:31:53,22100.0,100.0,4284400.0
1057,2021-10-17 06:31:53,22100.0,1000.0,4284300.0
1058,2021-10-17 06:31:53,22100.0,200.0,4283300.0
1059,2021-10-17 06:31:53,22100.0,500.0,4283100.0
1060,2021-10-17 06:31:53,22100.0,5000.0,4282600.0
1061,2021-10-17 06:31:53,22100.0,1000.0,4277600.0
1062,2021-10-17 06:31:53,22100.0,2000.0,4276600.0
1063,2021-10-17 06:31:53,22100.0,600.0,4274600.0
1064,2021-10-17 06:31:53,22100.0,1000.0,4274000.0
1065,2021-10-17 06:31:53,22100.0,200.0,4273000.0
1066,2021-10-17 06:31:53,22100.0,400.0,4272800.0
1067,2021-10-17 06:31:36,22050.0,600.0,4272400.0
1068,2021-10-17 06:31:36,22050.0,200.0,4271800.0
1069,2021-10-17 06:31:36,22050.0,200.0,4271600.0
1070,2021-10-17 06:31:31,22050.0,300.0,4271400.0
1071,2021-10-17 06:31:31,22050.0,4700.0,4271100.0
1072,2021-10-17 06:31:19,22050.0,500.0,4266400.0
1073,2021-10-17 06:31:18,22050.0,100.0,4265900.0
1074,2021-10-17 06:31:18,22050.0,300.0,4265800.0
1075,2021-10-17 06:31:18,22050.0,600.0,4265500.0
1076,2021-10-17 06:31:10,22050.0,400.0,4264900.0
1077,2021-10-17 06:31:10,22100.0,600.0,4264500.0
1078,2021-10-17 06:31:10,22100.0,3400.0,4263900.0
1079,2021-10-17 06:31:09,22050.0,100.0,4260500.0
1080,2021-10-17 06:31:08,22050.0,200.0,4260400.0
1081,2021-10-17 06:31:08,22050.0,500.0,4260200.0
1082,2021-10-17 06:31:06,22050.0,900.0,4259700.0
1083,2021-10-17 06:31:05,22050.0,5000.0,4258800.0
1084,2021-10-17 06:30:56,22050.0,3600.0,4253800.0
1085,2021-10-17 06:30:56,22050.0,300.0,4250200.0
1086,2021-10-17 06:30:56,22050.0,1100.0,4249900.0
1087,2021-10-17 06:30:55,22050.0,100.0,4248800.0
1088,2021-10-17 06:30:54,22050.0,200.0,4248700.0
1089,2021-10-17 06:30:40,22050.0,1600.0,4248500.0
1090,2021-10-17 06:30:40,22050.0,2000.0,4246900.0
1091,2021-10-17 06:30:40,22050.0,2000.0,4244900.0
1092,2021-10-17 06:30:40,22050.0,300.0,4242900.0
1093,2021-10-17 06:30:40,22050.0,900.0,4242600.0
1094,2021-10-17 06:30:40,22050.0,5200.0,4241700.0
1095,2021-10-17 06:30:40,22050.0,100.0,4236500.0
1096,2021-10-17 06:30:40,22050.0,500.0,4236400.0
1097,2021-10-17 06:30:40,22050.0,200.0,4235900.0
1098,2021-10-17 06:30:40,22050.0,200.0,4235700.0
1099,2021-10-17 06:30:40,22050.0,1000.0,4235500.0
1100,2021-10-17 06:30:40,22050.0,900.0,4234500.0
1101,2021-10-17 06:30:40,22050.0,1100.0,4233600.0
1102,2021-10-17 06:30:32,22050.0,800.0,4232500.0
1103,2021-10-17 06:30:20,22050.0,500.0,4231700.0
1104,2021-10-17 06:30:15,22050.0,3100.0,4231200.0
1105,2021-10-17 06:30:13,22050.0,6500.0,4228100.0
1106,2021-10-17 06:30:13,22050.0,1000.0,4221600.0
1107,2021-10-17 06:30:13,22050.0,2500.0,4220600.0
1108,2021-10-17 06:29:39,22050.0,600.0,4218100.0
1109,2021-10-17 06:29:34,22050.0,200.0,4217500.0
1110,2021-10-17 06:29:18,22050.0,100.0,4217300.0
1111,2021-10-17 06:29:01,22050.0,100.0,4217200.0
1112,2021-10-17 06:28:57,22100.0,10000.0,4217100.0
1113,2021-10-17 06:28:51,22050.0,100.0,4207100.0
1114,2021-10-17 06:28:44,22050.0,1400.0,4207000.0
1115,2021-10-17 06:28:44,22050.0,1600.0,4205600.0
1116,2021-10-17 06:28:41,22100.0,1000.0,4204000.0
1117,2021-10-17 06:28:21,22050.0,500.0,4203000.0
1118,2021-10-17 06:28:17,22100.0,400.0,4202500.0
1119,2021-10-17 06:28:17,22100.0,5200.0,4202100.0
1120,2021-10-17 06:28:04,22100.0,100.0,4196900.0
1121,2021-10-17 06:28:03,22100.0,600.0,4196800.0
1122,2021-10-17 06:28:03,22100.0,100.0,4196200.0
1123,2021-10-17 06:28:03,22100.0,200.0,4196100.0
1124,2021-10-17 06:28:03,22100.0,5000.0,4195900.0
1125,2021-10-17 06:28:03,22100.0,1000.0,4190900.0
1126,2021-10-17 06:28:03,22100.0,300.0,4189900.0
1127,2021-10-17 06:28:03,22100.0,2000.0,4189600.0
1128,2021-10-17 06:28:03,22100.0,1000.0,4187600.0
1129,2021-10-17 06:28:03,22100.0,4500.0,4186600.0
1130,2021-10-17 06:27:15,22100.0,500.0,4182100.0
1131,2021-10-17 06:27:09,22100.0,4800.0,4181600.0
1132,2021-10-17 06:27:09,22100.0,2000.0,4176800.0
1133,2021-10-17 06:27:09,22100.0,10800.0,4174800.0
1134,2021-10-17 06:26:59,22100.0,900.0,4164000.0
1135,2021-10-17 06:26:48,22100.0,1000.0,4163100.0
1136,2021-10-17 06:26:19,22100.0,1200.0,4162100.0
1137,2021-10-17 06:26:19,22100.0,800.0,4160900.0
1138,2021-10-17 06:26:09,22100.0,1000.0,4160100.0
1139,2021-10-17 06:25:50,22100.0,1600.0,4159100.0
1140,2021-10-17 06:25:49,22100.0,300.0,4157500.0
1141,2021-10-17 06:25:49,22100.0,300.0,4157200.0
1142,2021-10-17 06:25:49,22100.0,500.0,4156900.0
1143,2021-10-17 06:25:39,22100.0,300.0,4156400.0
1144,2021-10-17 06:25:39,22100.0,200.0,4156100.0
1145,2021-10-17 06:25:23,22100.0,200.0,4155900.0
1146,2021-10-17 06:25:17,22100.0,5000.0,4155700.0
1147,2021-10-17 06:25:17,22100.0,500.0,4150700.0
1148,2021-10-17 06:25:17,22100.0,100.0,4150200.0
1149,2021-10-17 06:25:17,22100.0,100.0,4150100.0
1150,2021-10-17 06:25:17,22100.0,1000.0,4150000.0
1151,2021-10-17 06:25:17,22100.0,200.0,4149000.0
1152,2021-10-17 06:25:17,22100.0,900.0,4148800.0
1153,2021-10-17 06:25:17,22100.0,200.0,4147900.0
1154,2021-10-17 06:25:10,22100.0,100.0,4147700.0
1155,2021-10-17 06:25:01,22100.0,100.0,4147600.0
1156,2021-10-17 06:24:51,22100.0,600.0,4147500.0
1157,2021-10-17 06:24:51,22100.0,900.0,4146900.0
1158,2021-10-17 06:24:51,22100.0,5400.0,4146000.0
1159,2021-10-17 06:24:51,22100.0,2400.0,4140600.0
1160,2021-10-17 06:24:47,22100.0,7600.0,4138200.0
1161,2021-10-17 06:24:47,22100.0,100.0,4130600.0
1162,2021-10-17 06:24:47,22100.0,100.0,4130500.0
1163,2021-10-17 06:24:47,22100.0,2000.0,4130400.0
1164,2021-10-17 06:24:47,22100.0,200.0,4128400.0
1165,2021-10-17 06:24:41,22100.0,500.0,4128200.0
1166,2021-10-17 06:24:40,22100.0,100.0,4127700.0
1167,2021-10-17 06:24:30,22100.0,100.0,4127600.0
1168,2021-10-17 06:24:21,22100.0,1500.0,4127500.0
1169,2021-10-17 06:24:11,22100.0,2000.0,4126000.0
1170,2021-10-17 06:24:10,22100.0,500.0,4124000.0
1171,2021-10-17 06:23:56,22100.0,300.0,4123500.0
1172,2021-10-17 06:23:56,22100.0,3000.0,4123200.0
1173,2021-10-17 06:23:56,22100.0,500.0,4120200.0
1174,2021-10-17 06:23:56,22100.0,900.0,4119700.0
1175,2021-10-17 06:23:56,22100.0,300.0,4118800.0
1176,2021-10-17 06:23:48,22100.0,100.0,4118500.0
1177,2021-10-17 06:23:24,22100.0,400.0,4118400.0
1178,2021-10-17 06:23:16,22100.0,200.0,4118000.0
1179,2021-10-17 06:23:05,22100.0,300.0,4117800.0
1180,2021-10-17 06:23:03,22100.0,700.0,4117500.0
1181,2021-10-17 06:23:03,22100.0,300.0,4116800.0
1182,2021-10-17 06:22:49,22100.0,300.0,4116500.0
1183,2021-10-17 06:22:49,22100.0,300.0,4116200.0
1184,2021-10-17 06:22:49,22100.0,1000.0,4115900.0
1185,2021-10-17 06:22:49,22100.0,2100.0,4114900.0
1186,2021-10-17 06:22:42,22100.0,100.0,4112800.0
1187,2021-10-17 06:22:35,22100.0,200.0,4112700.0
1188,2021-10-17 06:22:35,22100.0,1700.0,4112500.0
1189,2021-10-17 06:22:25,22100.0,1100.0,4110800.0
1190,2021-10-17 06:22:25,22100.0,3900.0,4109700.0
1191,2021-10-17 06:22:21,22100.0,4100.0,4105800.0
1192,2021-10-17 06:22:21,22100.0,900.0,4101700.0
1193,2021-10-17 06:22:10,22100.0,200.0,4100800.0
1194,2021-10-17 06:21:56,22100.0,500.0,4100600.0
1195,2021-10-17 06:21:49,22100.0,1500.0,4100100.0
1196,2021-10-17 06:21:44,22100.0,500.0,4098600.0
1197,2021-10-17 06:21:20,22100.0,400.0,4098100.0
1198,2021-10-17 06:21:15,22100.0,5000.0,4097700.0
1199,2021-10-17 06:21:09,22150.0,2000.0,4092700.0
1200,2021-10-17 06:21:08,22100.0,500.0,4090700.0
1201,2021-10-17 06:21:00,22100.0,100.0,4090200.0
1202,2021-10-17 06:20:47,22100.0,1100.0,4090100.0
1203,2021-10-17 06:20:29,22100.0,1000.0,4089000.0
1204,2021-10-17 06:20:13,22150.0,400.0,4088000.0
1205,2021-10-17 06:20:13,22150.0,500.0,4087600.0
1206,2021-10-17 06:20:13,22150.0,1300.0,4087100.0
1207,2021-10-17 06:19:41,22150.0,100.0,4085800.0
1208,2021-10-17 06:19:41,22150.0,500.0,4085700.0
1209,2021-10-17 06:19:41,22150.0,500.0,4085200.0
1210,2021-10-17 06:19:41,22150.0,3900.0,4084700.0
1211,2021-10-17 06:19:39,22100.0,5000.0,4080800.0
1212,2021-10-17 06:19:12,22150.0,1100.0,4075800.0
1213,2021-10-17 06:19:12,22150.0,100.0,4074700.0
1214,2021-10-17 06:19:12,22150.0,800.0,4074600.0
1215,2021-10-17 06:19:06,22100.0,100.0,4073800.0
1216,2021-10-17 06:19:02,22100.0,1800.0,4073700.0
1217,2021-10-17 06:18:56,22100.0,1000.0,4071900.0
1218,2021-10-17 06:18:44,22100.0,100.0,4070900.0
1219,2021-10-17 06:18:44,22100.0,100.0,4070800.0
1220,2021-10-17 06:18:44,22100.0,200.0,4070700.0
1221,2021-10-17 06:18:32,22100.0,600.0,4070500.0
1222,2021-10-17 06:18:32,22050.0,900.0,4069900.0
1223,2021-10-17 06:18:32,22050.0,200.0,4069000.0
1224,2021-10-17 06:18:32,22050.0,100.0,4068800.0
1225,2021-10-17 06:18:32,22050.0,5000.0,4068700.0
1226,2021-10-17 06:18:32,22050.0,13800.0,4063700.0
1227,2021-10-17 06:18:29,22100.0,2000.0,4049900.0
1228,2021-10-17 06:18:27,22100.0,800.0,4047900.0
1229,2021-10-17 06:18:21,22100.0,500.0,4047100.0
1230,2021-10-17 06:18:16,22100.0,400.0,4046600.0
1231,2021-10-17 06:18:13,22100.0,100.0,4046200.0
1232,2021-10-17 06:18:13,22100.0,100.0,4046100.0
1233,2021-10-17 06:18:11,22150.0,200.0,4046000.0
1234,2021-10-17 06:18:11,22150.0,1500.0,4045800.0
1235,2021-10-17 06:18:03,22100.0,100.0,4044300.0
1236,2021-10-17 06:17:57,22100.0,1000.0,4044200.0
1237,2021-10-17 06:17:56,22100.0,200.0,4043200.0
1238,2021-10-17 06:17:50,22100.0,300.0,4043000.0
1239,2021-10-17 06:17:47,22150.0,500.0,4042700.0
1240,2021-10-17 06:17:47,22150.0,100.0,4042200.0
1241,2021-10-17 06:17:47,22150.0,1000.0,4042100.0
1242,2021-10-17 06:17:47,22150.0,100.0,4041100.0
1243,2021-10-17 06:17:47,22150.0,6200.0,4041000.0
1244,2021-10-17 06:17:47,22150.0,100.0,4034800.0
1245,2021-10-17 06:17:47,22150.0,100.0,4034700.0
1246,2021-10-17 06:17:47,22150.0,1100.0,4034600.0
1247,2021-10-17 06:17:47,22150.0,3000.0,4033500.0
1248,2021-10-17 06:17:47,22150.0,10000.0,4030500.0
1249,2021-10-17 06:17:47,22150.0,2000.0,4020500.0
1250,2021-10-17 06:17:47,22150.0,100.0,4018500.0
1251,2021-10-17 06:17:47,22150.0,500.0,4018400.0
1252,2021-10-17 06:17:47,22150.0,1000.0,4017900.0
1253,2021-10-17 06:17:47,22150.0,2000.0,4016900.0
1254,2021-10-17 06:17:47,22150.0,2200.0,4014900.0
1255,2021-10-17 06:17:47,22100.0,300.0,4012700.0
1256,2021-10-17 06:17:32,22100.0,500.0,4012400.0
1257,2021-10-17 06:17:32,22100.0,200.0,4011900.0
1258,2021-10-17 06:17:31,22100.0,300.0,4011700.0
1259,2021-10-17 06:17:31,22100.0,1000.0,4011400.0
1260,2021-10-17 06:17:31,22100.0,200.0,4010400.0
1261,2021-10-17 06:17:31,22100.0,200.0,4010200.0
1262,2021-10-17 06:17:31,22100.0,4000.0,4010000.0
1263,2021-10-17 06:17:31,22100.0,1200.0,4006000.0
1264,2021-10-17 06:17:31,22100.0,500.0,4004800.0
1265,2021-10-17 06:17:31,22100.0,1500.0,4004300.0
1266,2021-10-17 06:17:31,22100.0,100.0,4002800.0
1267,2021-10-17 06:17:31,22100.0,2000.0,4002700.0
1268,2021-10-17 06:17:31,22100.0,100.0,4000700.0
1269,2021-10-17 06:17:31,22100.0,1200.0,4000600.0
1270,2021-10-17 06:17:31,22100.0,1000.0,3999400.0
1271,2021-10-17 06:17:31,22100.0,100.0,3998400.0
1272,2021-10-17 06:17:31,22100.0,500.0,3998300.0
1273,2021-10-17 06:17:31,22100.0,1000.0,3997800.0
1274,2021-10-17 06:17:31,22100.0,100.0,3996800.0
1275,2021-10-17 06:17:31,22100.0,200.0,3996700.0
1276,2021-10-17 06:17:31,22100.0,5000.0,3996500.0
1277,2021-10-17 06:17:31,22100.0,100.0,3991500.0
1278,2021-10-17 06:17:31,22100.0,400.0,3991400.0
1279,2021-10-17 06:17:31,22100.0,5000.0,3991000.0
1280,2021-10-17 06:17:20,22050.0,5000.0,3986000.0
1281,2021-10-17 06:17:14,22050.0,1000.0,3981000.0
1282,2021-10-17 06:17:12,22050.0,5000.0,3980000.0
1283,2021-10-17 06:16:36,22050.0,200.0,3975000.0
1284,2021-10-17 06:16:28,22050.0,200.0,3974800.0
1285,2021-10-17 06:16:27,22050.0,500.0,3974600.0
1286,2021-10-17 06:16:19,22050.0,500.0,3974100.0
1287,2021-10-17 06:16:13,22050.0,1000.0,3973600.0
1288,2021-10-17 06:16:12,22100.0,500.0,3972600.0
1289,2021-10-17 06:16:07,22100.0,300.0,3972100.0
1290,2021-10-17 06:16:06,22050.0,1000.0,3971800.0
1291,2021-10-17 06:16:04,22050.0,100.0,3970800.0
1292,2021-10-17 06:15:50,22100.0,3800.0,3970700.0
1293,2021-10-17 06:15:05,22100.0,400.0,3966900.0
1294,2021-10-17 06:15:05,22100.0,500.0,3966500.0
1295,2021-10-17 06:15:05,22100.0,4300.0,3966000.0
1296,2021-10-17 06:14:51,22100.0,4000.0,3961700.0
1297,2021-10-17 06:14:51,22100.0,100.0,3957700.0
1298,2021-10-17 06:14:51,22100.0,900.0,3957600.0
1299,2021-10-17 06:14:51,22100.0,100.0,3956700.0
1300,2021-10-17 06:14:51,22100.0,100.0,3956600.0
1301,2021-10-17 06:14:51,22100.0,1000.0,3956500.0
1302,2021-10-17 06:14:51,22100.0,5000.0,3955500.0
1303,2021-10-17 06:14:51,22100.0,1000.0,3950500.0
1304,2021-10-17 06:14:51,22100.0,100.0,3949500.0
1305,2021-10-17 06:14:51,22100.0,1000.0,3949400.0
1306,2021-10-17 06:14:51,22100.0,1000.0,3948400.0
1307,2021-10-17 06:14:51,22100.0,200.0,3947400.0
1308,2021-10-17 06:14:51,22100.0,200.0,3947200.0
1309,2021-10-17 06:14:51,22100.0,1000.0,3947000.0
1310,2021-10-17 06:14:51,22100.0,3000.0,3946000.0
1311,2021-10-17 06:14:51,22100.0,700.0,3943000.0
1312,2021-10-17 06:14:51,22100.0,15000.0,3942300.0
1313,2021-10-17 06:14:51,22100.0,100.0,3927300.0
1314,2021-10-17 06:14:51,22100.0,100.0,3927200.0
1315,2021-10-17 06:14:51,22100.0,500.0,3927100.0
1316,2021-10-17 06:14:51,22100.0,10000.0,3926600.0
1317,2021-10-17 06:14:51,22100.0,10000.0,3916600.0
1318,2021-10-17 06:14:51,22100.0,600.0,3906600.0
1319,2021-10-17 06:14:51,22100.0,10000.0,3906000.0
1320,2021-10-17 06:14:51,22100.0,100.0,3896000.0
1321,2021-10-17 06:14:51,22100.0,20000.0,3895900.0
1322,2021-10-17 06:14:51,22100.0,200.0,3875900.0
1323,2021-10-17 06:14:51,22100.0,4900.0,3875700.0
1324,2021-10-17 06:14:51,22100.0,100.0,3870800.0
1325,2021-10-17 06:14:51,22100.0,2000.0,3870700.0
1326,2021-10-17 06:14:51,22100.0,500.0,3868700.0
1327,2021-10-17 06:14:51,22100.0,100.0,3868200.0
1328,2021-10-17 06:14:51,22100.0,300.0,3868100.0
1329,2021-10-17 06:14:51,22100.0,1800.0,3867800.0
1330,2021-10-17 06:14:42,22100.0,400.0,3866000.0
1331,2021-10-17 06:14:40,22100.0,2800.0,3865600.0
1332,2021-10-17 06:14:40,22100.0,4900.0,3862800.0
1333,2021-10-17 06:14:40,22100.0,300.0,3857900.0
1334,2021-10-17 06:14:40,22100.0,300.0,3857600.0
1335,2021-10-17 06:14:40,22100.0,200.0,3857300.0
1336,2021-10-17 06:14:40,22100.0,1500.0,3857100.0
1337,2021-10-17 06:14:39,22100.0,500.0,3855600.0
1338,2021-10-17 06:14:37,22150.0,500.0,3855100.0
1339,2021-10-17 06:14:21,22150.0,1000.0,3854600.0
1340,2021-10-17 06:14:16,22150.0,1000.0,3853600.0
1341,2021-10-17 06:14:11,22100.0,100.0,3852600.0
1342,2021-10-17 06:14:06,22150.0,5000.0,3852500.0
1343,2021-10-17 06:13:48,22100.0,400.0,3847500.0
1344,2021-10-17 06:13:48,22100.0,200.0,3847100.0
1345,2021-10-17 06:13:48,22100.0,5000.0,3846900.0
1346,2021-10-17 06:13:48,22100.0,400.0,3841900.0
1347,2021-10-17 06:13:08,22150.0,5200.0,3841500.0
1348,2021-10-17 06:13:07,22150.0,100.0,3836300.0
1349,2021-10-17 06:12:32,22150.0,300.0,3836200.0
1350,2021-10-17 06:12:22,22150.0,2400.0,3835900.0
1351,2021-10-17 06:12:22,22150.0,4300.0,3833500.0
1352,2021-10-17 06:12:21,22150.0,600.0,3829200.0
1353,2021-10-17 06:12:20,22150.0,100.0,3828600.0
1354,2021-10-17 06:12:01,22150.0,4200.0,3828500.0
1355,2021-10-17 06:12:01,22150.0,3500.0,3824300.0
1356,2021-10-17 06:12:01,22150.0,500.0,3820800.0
1357,2021-10-17 06:12:01,22150.0,3000.0,3820300.0
1358,2021-10-17 06:12:01,22150.0,100.0,3817300.0
1359,2021-10-17 06:12:01,22150.0,100.0,3817200.0
1360,2021-10-17 06:12:01,22150.0,400.0,3817100.0
1361,2021-10-17 06:12:01,22150.0,100.0,3816700.0
1362,2021-10-17 06:12:01,22150.0,6600.0,3816600.0
1363,2021-10-17 06:11:58,22150.0,10000.0,3810000.0
1364,2021-10-17 06:11:38,22150.0,1200.0,3800000.0
1365,2021-10-17 06:11:38,22150.0,1000.0,3798800.0
1366,2021-10-17 06:11:38,22150.0,1200.0,3797800.0
1367,2021-10-17 06:11:29,22150.0,8800.0,3796600.0
1368,2021-10-17 06:11:29,22150.0,1000.0,3787800.0
1369,2021-10-17 06:11:29,22150.0,5200.0,3786800.0
1370,2021-10-17 06:11:29,22150.0,500.0,3781600.0
1371,2021-10-17 06:11:29,22150.0,100.0,3781100.0
1372,2021-10-17 06:11:29,22150.0,400.0,3781000.0
1373,2021-10-17 06:11:23,22150.0,100.0,3780600.0
1374,2021-10-17 06:11:23,22150.0,200.0,3780500.0
1375,2021-10-17 06:11:23,22150.0,700.0,3780300.0
1376,2021-10-17 06:11:13,22150.0,100.0,3779600.0
1377,2021-10-17 06:11:07,22150.0,100.0,3779500.0
1378,2021-10-17 06:11:04,22150.0,200.0,3779400.0
1379,2021-10-17 06:10:57,22150.0,100.0,3779200.0
1380,2021-10-17 06:10:44,22150.0,10000.0,3779100.0
1381,2021-10-17 06:10:22,22150.0,700.0,3769100.0
1382,2021-10-17 06:10:15,22150.0,2100.0,3768400.0
1383,2021-10-17 06:10:15,22150.0,500.0,3766300.0
1384,2021-10-17 06:10:15,22150.0,5200.0,3765800.0
1385,2021-10-17 06:10:15,22150.0,2200.0,3760600.0
1386,2021-10-17 06:10:10,22150.0,100.0,3758400.0
1387,2021-10-17 06:09:54,22150.0,2100.0,3758300.0
1388,2021-10-17 06:09:53,22150.0,1900.0,3756200.0
1389,2021-10-17 06:09:53,22150.0,100.0,3754300.0
1390,2021-10-17 06:09:52,22150.0,1100.0,3754200.0
1391,2021-10-17 06:09:50,22200.0,100.0,3753100.0
1392,2021-10-17 06:09:50,22200.0,100.0,3753000.0
1393,2021-10-17 06:09:50,22200.0,100.0,3752900.0
1394,2021-10-17 06:09:50,22200.0,900.0,3752800.0
1395,2021-10-17 06:09:50,22200.0,300.0,3751900.0
1396,2021-10-17 06:09:50,22200.0,200.0,3751600.0
1397,2021-10-17 06:09:50,22200.0,200.0,3751400.0
1398,2021-10-17 06:09:50,22200.0,100.0,3751200.0
1399,2021-10-17 06:09:50,22200.0,200.0,3751100.0
1400,2021-10-17 06:09:50,22200.0,100.0,3750900.0
1401,2021-10-17 06:09:50,22200.0,200.0,3750800.0
1402,2021-10-17 06:09:50,22200.0,300.0,3750600.0
1403,2021-10-17 06:09:50,22200.0,1000.0,3750300.0
1404,2021-10-17 06:09:50,22200.0,300.0,3749300.0
1405,2021-10-17 06:09:50,22200.0,100.0,3749000.0
1406,2021-10-17 06:09:50,22200.0,5900.0,3748900.0
1407,2021-10-17 06:09:46,22200.0,3700.0,3743000.0
1408,2021-10-17 06:09:46,22200.0,200.0,3739300.0
1409,2021-10-17 06:09:46,22200.0,200.0,3739100.0
1410,2021-10-17 06:09:46,22200.0,100.0,3738900.0
1411,2021-10-17 06:09:46,22200.0,100.0,3738800.0
1412,2021-10-17 06:09:46,22200.0,3000.0,3738700.0
1413,2021-10-17 06:09:46,22200.0,2300.0,3735700.0
1414,2021-10-17 06:09:38,22150.0,100.0,3733400.0
1415,2021-10-17 06:09:37,22150.0,100.0,3733300.0
1416,2021-10-17 06:09:29,22150.0,1600.0,3733200.0
1417,2021-10-17 06:09:29,22150.0,3400.0,3731600.0
1418,2021-10-17 06:09:28,22150.0,500.0,3728200.0
1419,2021-10-17 06:09:18,22150.0,10000.0,3727700.0
1420,2021-10-17 06:09:16,22150.0,100.0,3717700.0
1421,2021-10-17 06:09:15,22150.0,300.0,3717600.0
1422,2021-10-17 06:09:09,22150.0,200.0,3717300.0
1423,2021-10-17 06:09:07,22150.0,100.0,3717100.0
1424,2021-10-17 06:09:07,22200.0,400.0,3717000.0
1425,2021-10-17 06:09:05,22150.0,100.0,3716600.0
1426,2021-10-17 06:09:04,22150.0,400.0,3716500.0
1427,2021-10-17 06:09:04,22150.0,300.0,3716100.0
1428,2021-10-17 06:09:04,22150.0,2000.0,3715800.0
1429,2021-10-17 06:09:04,22150.0,100.0,3713800.0
1430,2021-10-17 06:09:04,22150.0,100.0,3713700.0
1431,2021-10-17 06:09:04,22150.0,100.0,3713600.0
1432,2021-10-17 06:09:04,22150.0,1000.0,3713500.0
1433,2021-10-17 06:09:04,22150.0,1300.0,3712500.0
1434,2021-10-17 06:08:25,22150.0,23600.0,3711200.0
1435,2021-10-17 06:08:23,22150.0,100.0,3687600.0
1436,2021-10-17 06:08:23,22150.0,400.0,3687500.0
1437,2021-10-17 06:08:23,22150.0,1800.0,3687100.0
1438,2021-10-17 06:08:23,22150.0,2800.0,3685300.0
1439,2021-10-17 06:08:19,22150.0,200.0,3682500.0
1440,2021-10-17 06:08:14,22150.0,5000.0,3682300.0
1441,2021-10-17 06:08:10,22150.0,100.0,3677300.0
1442,2021-10-17 06:08:00,22150.0,200.0,3677200.0
1443,2021-10-17 06:07:57,22150.0,1000.0,3677000.0
1444,2021-10-17 06:07:56,22150.0,1000.0,3676000.0
1445,2021-10-17 06:07:51,22150.0,500.0,3675000.0
1446,2021-10-17 06:07:37,22150.0,100.0,3674500.0
1447,2021-10-17 06:07:32,22150.0,100.0,3674400.0
1448,2021-10-17 06:07:30,22150.0,4200.0,3674300.0
1449,2021-10-17 06:07:30,22150.0,800.0,3670100.0
1450,2021-10-17 06:07:21,22150.0,800.0,3669300.0
1451,2021-10-17 06:07:20,22150.0,1000.0,3668500.0
1452,2021-10-17 06:07:19,22150.0,500.0,3667500.0
1453,2021-10-17 06:07:19,22150.0,800.0,3667000.0
1454,2021-10-17 06:07:19,22150.0,600.0,3666200.0
1455,2021-10-17 06:07:19,22150.0,500.0,3665600.0
1456,2021-10-17 06:07:19,22150.0,200.0,3665100.0
1457,2021-10-17 06:07:12,22150.0,500.0,3664900.0
1458,2021-10-17 06:07:12,22150.0,500.0,3664400.0
1459,2021-10-17 06:07:12,22150.0,200.0,3663900.0
1460,2021-10-17 06:07:12,22150.0,100.0,3663700.0
1461,2021-10-17 06:07:12,22150.0,100.0,3663600.0
1462,2021-10-17 06:07:12,22150.0,5000.0,3663500.0
1463,2021-10-17 06:07:12,22150.0,500.0,3658500.0
1464,2021-10-17 06:07:12,22150.0,5700.0,3658000.0
1465,2021-10-17 06:07:12,22150.0,7400.0,3652300.0
1466,2021-10-17 06:06:57,22150.0,1000.0,3644900.0
1467,2021-10-17 06:06:54,22150.0,1600.0,3643900.0
1468,2021-10-17 06:06:54,22150.0,1000.0,3642300.0
1469,2021-10-17 06:06:54,22150.0,5000.0,3641300.0
1470,2021-10-17 06:06:54,22150.0,2400.0,3636300.0
1471,2021-10-17 06:06:42,22150.0,1300.0,3633900.0
1472,2021-10-17 06:06:42,22150.0,1300.0,3632600.0
1473,2021-10-17 06:06:41,22150.0,200.0,3631300.0
1474,2021-10-17 06:06:41,22150.0,200.0,3631100.0
1475,2021-10-17 06:06:41,22150.0,1000.0,3630900.0
1476,2021-10-17 06:06:41,22150.0,300.0,3629900.0
1477,2021-10-17 06:06:22,22150.0,1000.0,3629600.0
1478,2021-10-17 06:06:18,22200.0,6600.0,3628600.0
1479,2021-10-17 06:06:18,22150.0,2000.0,3622000.0
1480,2021-10-17 06:06:18,22150.0,1400.0,3620000.0
1481,2021-10-17 06:06:15,22150.0,5000.0,3618600.0
1482,2021-10-17 06:06:15,22150.0,2000.0,3613600.0
1483,2021-10-17 06:06:15,22150.0,2000.0,3611600.0
1484,2021-10-17 06:06:15,22150.0,14200.0,3609600.0
1485,2021-10-17 06:06:10,22150.0,1000.0,3595400.0
1486,2021-10-17 06:06:05,22150.0,4800.0,3594400.0
1487,2021-10-17 06:06:05,22150.0,200.0,3589600.0
1488,2021-10-17 06:06:01,22150.0,100.0,3589400.0
1489,2021-10-17 06:06:00,22150.0,2000.0,3589300.0
1490,2021-10-17 06:05:58,22150.0,100.0,3587300.0
1491,2021-10-17 06:05:58,22150.0,500.0,3587200.0
1492,2021-10-17 06:05:53,22150.0,1000.0,3586700.0
1493,2021-10-17 06:05:51,22150.0,500.0,3585700.0
1494,2021-10-17 06:05:46,22150.0,1100.0,3585200.0
1495,2021-10-17 06:05:46,22150.0,200.0,3584100.0
1496,2021-10-17 06:05:45,22150.0,800.0,3583900.0
1497,2021-10-17 06:05:45,22150.0,2000.0,3583100.0
1498,2021-10-17 06:05:45,22150.0,1500.0,3581100.0
1499,2021-10-17 06:05:45,22150.0,300.0,3579600.0
1500,2021-10-17 06:05:45,22150.0,400.0,3579300.0
1501,2021-10-17 06:05:45,22150.0,500.0,3578900.0
1502,2021-10-17 06:05:44,22150.0,1100.0,3578400.0
1503,2021-10-17 06:05:44,22150.0,3400.0,3577300.0
1504,2021-10-17 06:05:43,22150.0,2000.0,3573900.0
1505,2021-10-17 06:05:39,22150.0,600.0,3571900.0
1506,2021-10-17 06:05:39,22150.0,700.0,3571300.0
1507,2021-10-17 06:05:30,22150.0,13300.0,3570600.0
1508,2021-10-17 06:05:30,22150.0,6700.0,3557300.0
1509,2021-10-17 06:05:27,22150.0,200.0,3550600.0
1510,2021-10-17 06:05:27,22150.0,3100.0,3550400.0
1511,2021-10-17 06:05:27,22150.0,1900.0,3547300.0
1512,2021-10-17 06:05:26,22150.0,8300.0,3545400.0
1513,2021-10-17 06:05:19,22150.0,100.0,3537100.0
1514,2021-10-17 06:05:19,22150.0,100.0,3537000.0
1515,2021-10-17 06:05:19,22150.0,100.0,3536900.0
1516,2021-10-17 06:05:16,22150.0,100.0,3536800.0
1517,2021-10-17 06:05:06,22150.0,1000.0,3536700.0
1518,2021-10-17 06:04:57,22150.0,100.0,3535700.0
1519,2021-10-17 06:04:56,22150.0,100.0,3535600.0
1520,2021-10-17 06:04:55,22150.0,3000.0,3535500.0
1521,2021-10-17 06:04:48,22150.0,5000.0,3532500.0
1522,2021-10-17 06:04:43,22150.0,2900.0,3527500.0
1523,2021-10-17 06:04:43,22150.0,2100.0,3524600.0
1524,2021-10-17 06:04:40,22150.0,1100.0,3522500.0
1525,2021-10-17 06:04:40,22150.0,500.0,3521400.0
1526,2021-10-17 06:04:40,22150.0,200.0,3520900.0
1527,2021-10-17 06:04:40,22150.0,200.0,3520700.0
1528,2021-10-17 06:04:37,22150.0,100.0,3520500.0
1529,2021-10-17 06:04:34,22150.0,300.0,3520400.0
1530,2021-10-17 06:04:34,22150.0,500.0,3520100.0
1531,2021-10-17 06:04:28,22150.0,100.0,3519600.0
1532,2021-10-17 06:04:27,22150.0,200.0,3519500.0
1533,2021-10-17 06:04:26,22150.0,700.0,3519300.0
1534,2021-10-17 06:04:26,22150.0,300.0,3518600.0
1535,2021-10-17 06:04:26,22150.0,800.0,3518300.0
1536,2021-10-17 06:04:22,22150.0,1100.0,3517500.0
1537,2021-10-17 06:04:22,22150.0,1500.0,3516400.0
1538,2021-10-17 06:04:22,22150.0,800.0,3514900.0
1539,2021-10-17 06:04:22,22150.0,100.0,3514100.0
1540,2021-10-17 06:04:22,22150.0,900.0,3514000.0
1541,2021-10-17 06:04:22,22150.0,100.0,3513100.0
1542,2021-10-17 06:04:22,22150.0,100.0,3513000.0
1543,2021-10-17 06:04:22,22150.0,200.0,3512900.0
1544,2021-10-17 06:04:22,22150.0,5200.0,3512700.0
1545,2021-10-17 06:04:20,22150.0,100.0,3507500.0
1546,2021-10-17 06:04:09,22150.0,400.0,3507400.0
1547,2021-10-17 06:04:09,22150.0,9600.0,3507000.0
1548,2021-10-17 06:04:08,22150.0,1600.0,3497400.0
1549,2021-10-17 06:04:01,22150.0,1000.0,3495800.0
1550,2021-10-17 06:03:54,22150.0,12000.0,3494800.0
1551,2021-10-17 06:03:49,22150.0,10000.0,3482800.0
1552,2021-10-17 06:03:45,22150.0,10000.0,3472800.0
1553,2021-10-17 06:03:25,22200.0,700.0,3462800.0
1554,2021-10-17 06:03:25,22200.0,100.0,3462100.0
1555,2021-10-17 06:03:25,22200.0,100.0,3462000.0
1556,2021-10-17 06:03:25,22200.0,4800.0,3461900.0
1557,2021-10-17 06:03:24,22200.0,200.0,3457100.0
1558,2021-10-17 06:03:24,22200.0,800.0,3456900.0
1559,2021-10-17 06:03:01,22200.0,500.0,3456100.0
1560,2021-10-17 06:02:57,22200.0,200.0,3455600.0
1561,2021-10-17 06:02:54,22150.0,100.0,3455400.0
1562,2021-10-17 06:02:41,22200.0,2500.0,3455300.0
1563,2021-10-17 06:02:41,22200.0,2300.0,3452800.0
1564,2021-10-17 06:02:36,22200.0,4800.0,3450500.0
1565,2021-10-17 06:02:19,22150.0,15000.0,3445700.0
1566,2021-10-17 06:01:58,22150.0,2000.0,3430700.0
1567,2021-10-17 06:01:50,22150.0,10000.0,3428700.0
1568,2021-10-17 06:01:40,22150.0,500.0,3418700.0
1569,2021-10-17 06:01:29,22150.0,1400.0,3418200.0
1570,2021-10-17 06:01:29,22150.0,100.0,3416800.0
1571,2021-10-17 06:01:29,22150.0,200.0,3416700.0
1572,2021-10-17 06:01:29,22150.0,1000.0,3416500.0
1573,2021-10-17 06:01:29,22150.0,100.0,3415500.0
1574,2021-10-17 06:01:29,22150.0,100.0,3415400.0
1575,2021-10-17 06:01:29,22150.0,300.0,3415300.0
1576,2021-10-17 06:01:29,22150.0,1000.0,3415000.0
1577,2021-10-17 06:01:25,22150.0,500.0,3414000.0
1578,2021-10-17 06:01:22,22150.0,200.0,3413500.0
1579,2021-10-17 06:01:22,22150.0,100.0,3413300.0
1580,2021-10-17 06:01:22,22150.0,700.0,3413200.0
1581,2021-10-17 06:01:13,22150.0,900.0,3412500.0
1582,2021-10-17 06:01:04,22150.0,4500.0,3411600.0
1583,2021-10-17 06:01:04,22150.0,100.0,3407100.0
1584,2021-10-17 06:01:04,22150.0,1000.0,3407000.0
1585,2021-10-17 06:01:04,22150.0,5400.0,3406000.0
1586,2021-10-17 06:00:58,22150.0,100.0,3400600.0
1587,2021-10-17 06:00:48,22150.0,1300.0,3400500.0
1588,2021-10-17 06:00:48,22150.0,100.0,3399200.0
1589,2021-10-17 06:00:48,22150.0,200.0,3399100.0
1590,2021-10-17 06:00:48,22150.0,100.0,3398900.0
1591,2021-10-17 06:00:48,22150.0,200.0,3398800.0
1592,2021-10-17 06:00:48,22150.0,200.0,3398600.0
1593,2021-10-17 06:00:48,22150.0,100.0,3398400.0
1594,2021-10-17 06:00:48,22150.0,300.0,3398300.0
1595,2021-10-17 06:00:48,22150.0,100.0,3398000.0
1596,2021-10-17 06:00:48,22150.0,1000.0,3397900.0
1597,2021-10-17 06:00:48,22150.0,2700.0,3396900.0
1598,2021-10-17 06:00:48,22150.0,100.0,3394200.0
1599,2021-10-17 06:00:48,22150.0,200.0,3394100.0
1600,2021-10-17 06:00:48,22150.0,13400.0,3393900.0
1601,2021-10-17 06:00:45,22100.0,100.0,3380500.0
1602,2021-10-17 06:00:38,22150.0,800.0,3380400.0
1603,2021-10-17 06:00:32,22100.0,100.0,3379600.0
1604,2021-10-17 06:00:31,22150.0,300.0,3379500.0
1605,2021-10-17 06:00:31,22150.0,1000.0,3379200.0
1606,2021-10-17 06:00:31,22150.0,100.0,3378200.0
1607,2021-10-17 06:00:31,22150.0,100.0,3378100.0
1608,2021-10-17 06:00:31,22150.0,5000.0,3378000.0
1609,2021-10-17 06:00:31,22150.0,800.0,3373000.0
1610,2021-10-17 06:00:31,22150.0,200.0,3372200.0
1611,2021-10-17 06:00:31,22150.0,500.0,3372000.0
1612,2021-10-17 06:00:31,22150.0,100.0,3371500.0
1613,2021-10-17 06:00:31,22150.0,100.0,3371400.0
1614,2021-10-17 06:00:31,22150.0,500.0,3371300.0
1615,2021-10-17 06:00:31,22150.0,200.0,3370800.0
1616,2021-10-17 06:00:31,22150.0,15100.0,3370600.0
1617,2021-10-17 06:00:31,22100.0,100.0,3355500.0
1618,2021-10-17 06:00:30,22150.0,1000.0,3355400.0
1619,2021-10-17 06:00:29,22150.0,1000.0,3354400.0
1620,2021-10-17 06:00:28,22150.0,200.0,3353400.0
1621,2021-10-17 06:00:28,22150.0,10000.0,3353200.0
1622,2021-10-17 06:00:26,22150.0,12000.0,3343200.0
1623,2021-10-17 06:00:23,22150.0,500.0,3331200.0
1624,2021-10-17 06:00:22,22100.0,600.0,3330700.0
1625,2021-10-17 06:00:17,22100.0,100.0,3330100.0
1626,2021-10-17 06:00:17,22100.0,100.0,3330000.0
1627,2021-10-17 06:00:17,22150.0,4000.0,3329900.0
1628,2021-10-17 06:00:11,22150.0,1000.0,3325900.0
1629,2021-10-17 06:00:10,22150.0,5200.0,3324900.0
1630,2021-10-17 06:00:10,22150.0,400.0,3319700.0
1631,2021-10-17 06:00:10,22150.0,1000.0,3319300.0
1632,2021-10-17 06:00:10,22150.0,100.0,3318300.0
1633,2021-10-17 06:00:10,22150.0,200.0,3318200.0
1634,2021-10-17 06:00:10,22150.0,100.0,3318000.0
1635,2021-10-17 06:00:10,22150.0,500.0,3317900.0
1636,2021-10-17 06:00:10,22150.0,3900.0,3317400.0
1637,2021-10-17 06:00:10,22150.0,3000.0,3313500.0
1638,2021-10-17 06:00:10,22150.0,600.0,3310500.0
1639,2021-10-17 06:00:06,22100.0,500.0,3309900.0
1640,2021-10-17 06:00:05,22150.0,4400.0,3309400.0
1641,2021-10-17 06:00:05,22150.0,3600.0,3305000.0
1642,2021-10-17 06:00:05,22150.0,500.0,3301400.0
1643,2021-10-17 06:00:05,22150.0,500.0,3300900.0
1644,2021-10-17 06:00:05,22150.0,400.0,3300400.0
1645,2021-10-17 06:00:05,22150.0,100.0,3300000.0
1646,2021-10-17 06:00:04,22150.0,1800.0,3299900.0
1647,2021-10-17 06:00:04,22150.0,100.0,3298100.0
1648,2021-10-17 06:00:04,22150.0,1000.0,3298000.0
1649,2021-10-17 06:00:04,22150.0,500.0,3297000.0
1650,2021-10-17 06:00:04,22150.0,1300.0,3296500.0
1651,2021-10-17 06:00:04,22150.0,100.0,3295200.0
1652,2021-10-17 06:00:04,22150.0,200.0,3295100.0
1653,2021-10-17 06:00:04,22150.0,400.0,3294900.0
1654,2021-10-17 06:00:03,22150.0,100.0,3294500.0
1655,2021-10-17 06:00:03,22150.0,500.0,3294400.0
1656,2021-10-17 06:00:03,22150.0,100.0,3293900.0
1657,2021-10-17 06:00:03,22150.0,500.0,3293800.0
1658,2021-10-17 06:00:03,22150.0,400.0,3293300.0
1659,2021-10-17 06:00:03,22150.0,200.0,3292900.0
1660,2021-10-17 06:00:03,22150.0,200.0,3292700.0
1661,2021-10-17 06:00:03,22150.0,200.0,3292500.0
1662,2021-10-17 06:00:03,22150.0,100.0,3292300.0
1663,2021-10-17 06:00:03,22150.0,100.0,3292200.0
1664,2021-10-17 06:00:03,22150.0,3200.0,3292100.0
1665,2021-10-17 06:00:03,22150.0,1800.0,3288900.0
1666,2021-10-17 06:00:02,22150.0,500.0,3287100.0
1667,2021-10-17 06:00:02,22150.0,500.0,3286600.0
1668,2021-10-17 06:00:01,22150.0,500.0,3286100.0
1669,2021-10-17 06:00:01,22150.0,2000.0,3285600.0
1670,2021-10-17 06:00:01,22150.0,500.0,3283600.0
1671,2021-10-17 06:00:01,22150.0,1000.0,3283100.0
1672,2021-10-17 06:00:01,22150.0,2000.0,3282100.0
1673,2021-10-17 06:00:01,22100.0,100.0,3280100.0
1674,2021-10-17 04:29:55,22150.0,1000.0,3280000.0
1675,2021-10-17 04:29:54,22150.0,500.0,3279000.0
1676,2021-10-17 04:29:49,22150.0,400.0,3278500.0
1677,2021-10-17 04:29:46,22100.0,7900.0,3278100.0
1678,2021-10-17 04:29:46,22100.0,100.0,3270200.0
1679,2021-10-17 04:29:46,22100.0,2000.0,3270100.0
1680,2021-10-17 04:29:46,22150.0,900.0,3268100.0
1681,2021-10-17 04:29:44,22150.0,1000.0,3267200.0
1682,2021-10-17 04:29:37,22150.0,200.0,3266200.0
1683,2021-10-17 04:29:32,22150.0,4000.0,3266000.0
1684,2021-10-17 04:29:32,22150.0,500.0,3262000.0
1685,2021-10-17 04:29:32,22150.0,100.0,3261500.0
1686,2021-10-17 04:29:32,22150.0,400.0,3261400.0
1687,2021-10-17 04:29:31,22100.0,500.0,3261000.0
1688,2021-10-17 04:29:30,22150.0,100.0,3260500.0
1689,2021-10-17 04:29:23,22150.0,2500.0,3260400.0
1690,2021-10-17 04:29:23,22150.0,100.0,3257900.0
1691,2021-10-17 04:29:23,22150.0,100.0,3257800.0
1692,2021-10-17 04:29:23,22150.0,1100.0,3257700.0
1693,2021-10-17 04:29:23,22150.0,1000.0,3256600.0
1694,2021-10-17 04:29:23,22150.0,500.0,3255600.0
1695,2021-10-17 04:29:14,22150.0,4500.0,3255100.0
1696,2021-10-17 04:29:14,22150.0,2000.0,3250600.0
1697,2021-10-17 04:29:14,22150.0,600.0,3248600.0
1698,2021-10-17 04:29:14,22150.0,300.0,3248000.0
1699,2021-10-17 04:29:14,22150.0,600.0,3247700.0
1700,2021-10-17 04:29:14,22150.0,200.0,3247100.0
1701,2021-10-17 04:29:14,22150.0,100.0,3246900.0
1702,2021-10-17 04:29:14,22150.0,1700.0,3246800.0
1703,2021-10-17 04:29:14,22100.0,800.0,3245100.0
1704,2021-10-17 04:29:13,22100.0,100.0,3244300.0
1705,2021-10-17 04:28:56,22100.0,100.0,3244200.0
1706,2021-10-17 04:28:55,22100.0,100.0,3244100.0
1707,2021-10-17 04:28:53,22100.0,1000.0,3244000.0
1708,2021-10-17 04:28:51,22100.0,3100.0,3243000.0
1709,2021-10-17 04:28:50,22150.0,3300.0,3239900.0
1710,2021-10-17 04:28:50,22150.0,5000.0,3236600.0
1711,2021-10-17 04:28:50,22150.0,1000.0,3231600.0
1712,2021-10-17 04:28:50,22150.0,700.0,3230600.0
1713,2021-10-17 04:28:39,22100.0,1000.0,3229900.0
1714,2021-10-17 04:28:39,22150.0,1000.0,3228900.0
1715,2021-10-17 04:28:37,22100.0,100.0,3227900.0
1716,2021-10-17 04:28:36,22100.0,1000.0,3227800.0
1717,2021-10-17 04:28:29,22100.0,100.0,3226800.0
1718,2021-10-17 04:28:28,22150.0,300.0,3226700.0
1719,2021-10-17 04:28:28,22150.0,500.0,3226400.0
1720,2021-10-17 04:28:28,22150.0,100.0,3225900.0
1721,2021-10-17 04:28:28,22150.0,100.0,3225800.0
1722,2021-10-17 04:28:28,22100.0,100.0,3225700.0
1723,2021-10-17 04:28:22,22100.0,500.0,3225600.0
1724,2021-10-17 04:28:17,22100.0,300.0,3225100.0
1725,2021-10-17 04:28:17,22100.0,1000.0,3224800.0
1726,2021-10-17 04:28:14,22100.0,100.0,3223800.0
1727,2021-10-17 04:28:13,22150.0,400.0,3223700.0
1728,2021-10-17 04:28:13,22150.0,100.0,3223300.0
1729,2021-10-17 04:28:08,22100.0,2000.0,3223200.0
1730,2021-10-17 04:27:56,22100.0,400.0,3221200.0
1731,2021-10-17 04:27:49,22100.0,100.0,3220800.0
1732,2021-10-17 04:27:44,22100.0,500.0,3220700.0
1733,2021-10-17 04:27:40,22100.0,100.0,3220200.0
1734,2021-10-17 04:27:40,22100.0,900.0,3220100.0
1735,2021-10-17 04:27:36,22100.0,500.0,3219200.0
1736,2021-10-17 04:27:31,22100.0,100.0,3218700.0
1737,2021-10-17 04:27:30,22100.0,1000.0,3218600.0
1738,2021-10-17 04:27:22,22150.0,100.0,3217600.0
1739,2021-10-17 04:27:18,22100.0,200.0,3217500.0
1740,2021-10-17 04:27:09,22100.0,2000.0,3217300.0
1741,2021-10-17 04:27:07,22150.0,18200.0,3215300.0
1742,2021-10-17 04:27:07,22150.0,100.0,3197100.0
1743,2021-10-17 04:27:07,22150.0,100.0,3197000.0
1744,2021-10-17 04:27:07,22150.0,11600.0,3196900.0
1745,2021-10-17 04:27:06,22100.0,100.0,3185300.0
1746,2021-10-17 04:27:04,22100.0,300.0,3185200.0
1747,2021-10-17 04:27:00,22100.0,5000.0,3184900.0
1748,2021-10-17 04:26:47,22100.0,100.0,3179900.0
1749,2021-10-17 04:26:40,22100.0,200.0,3179800.0
1750,2021-10-17 04:26:39,22150.0,400.0,3179600.0
1751,2021-10-17 04:26:28,22150.0,8000.0,3179200.0
1752,2021-10-17 04:26:27,22150.0,300.0,3171200.0
1753,2021-10-17 04:26:27,22150.0,2100.0,3170900.0
1754,2021-10-17 04:26:26,22150.0,900.0,3168800.0
1755,2021-10-17 04:26:26,22150.0,100.0,3167900.0
1756,2021-10-17 04:26:26,22100.0,2000.0,3167800.0
1757,2021-10-17 04:26:26,22100.0,200.0,3165800.0
1758,2021-10-17 04:26:25,22100.0,25400.0,3165600.0
1759,2021-10-17 04:26:13,22100.0,100.0,3140200.0
1760,2021-10-17 04:26:13,22100.0,12000.0,3140100.0
1761,2021-10-17 04:26:13,22100.0,500.0,3128100.0
1762,2021-10-17 04:26:13,22100.0,1000.0,3127600.0
1763,2021-10-17 04:26:13,22100.0,3900.0,3126600.0
1764,2021-10-17 04:26:13,22100.0,500.0,3122700.0
1765,2021-10-17 04:26:13,22100.0,100.0,3122200.0
1766,2021-10-17 04:26:13,22100.0,200.0,3122100.0
1767,2021-10-17 04:26:13,22100.0,1700.0,3121900.0
1768,2021-10-17 04:26:12,22050.0,1000.0,3120200.0
1769,2021-10-17 04:26:09,22100.0,300.0,3119200.0
1770,2021-10-17 04:26:09,22100.0,600.0,3118900.0
1771,2021-10-17 04:26:08,22050.0,100.0,3118300.0
1772,2021-10-17 04:26:04,22100.0,100.0,3118200.0
1773,2021-10-17 04:25:54,22100.0,300.0,3118100.0
1774,2021-10-17 04:25:54,22100.0,500.0,3117800.0
1775,2021-10-17 04:25:54,22100.0,600.0,3117300.0
1776,2021-10-17 04:25:54,22100.0,2000.0,3116700.0
1777,2021-10-17 04:25:54,22100.0,4000.0,3114700.0
1778,2021-10-17 04:25:54,22100.0,500.0,3110700.0
1779,2021-10-17 04:25:54,22100.0,12100.0,3110200.0
1780,2021-10-17 04:25:52,22100.0,1200.0,3098100.0
1781,2021-10-17 04:25:52,22100.0,400.0,3096900.0
1782,2021-10-17 04:25:45,22100.0,100.0,3096500.0
1783,2021-10-17 04:25:40,22100.0,1500.0,3096400.0
1784,2021-10-17 04:25:40,22100.0,3300.0,3094900.0
1785,2021-10-17 04:25:38,22100.0,1700.0,3091600.0
1786,2021-10-17 04:25:38,22100.0,1700.0,3089900.0
1787,2021-10-17 04:25:22,22100.0,100.0,3088200.0
1788,2021-10-17 04:25:22,22100.0,100.0,3088100.0
1789,2021-10-17 04:25:18,22100.0,100.0,3088000.0
1790,2021-10-17 04:25:15,22100.0,100.0,3087900.0
1791,2021-10-17 04:25:12,22050.0,100.0,3087800.0
1792,2021-10-17 04:25:10,22100.0,300.0,3087700.0
1793,2021-10-17 04:25:02,22100.0,600.0,3087400.0
1794,2021-10-17 04:25:02,22100.0,200.0,3086800.0
1795,2021-10-17 04:25:02,22100.0,200.0,3086600.0
1796,2021-10-17 04:24:49,22100.0,200.0,3086400.0
1797,2021-10-17 04:24:46,22100.0,2000.0,3086200.0
1798,2021-10-17 04:24:46,22100.0,1000.0,3084200.0
1799,2021-10-17 04:24:46,22100.0,9000.0,3083200.0
1800,2021-10-17 04:24:46,22100.0,300.0,3074200.0
1801,2021-10-17 04:24:46,22100.0,100.0,3073900.0
1802,2021-10-17 04:24:46,22100.0,2000.0,3073800.0
1803,2021-10-17 04:24:46,22100.0,100.0,3071800.0
1804,2021-10-17 04:24:46,22100.0,200.0,3071700.0
1805,2021-10-17 04:24:46,22100.0,3000.0,3071500.0
1806,2021-10-17 04:24:46,22100.0,2300.0,3068500.0
1807,2021-10-17 04:24:44,22100.0,1000.0,3066200.0
1808,2021-10-17 04:24:39,22050.0,500.0,3065200.0
1809,2021-10-17 04:24:34,22100.0,3000.0,3064700.0
1810,2021-10-17 04:24:33,22100.0,2000.0,3061700.0
1811,2021-10-17 04:24:30,22050.0,100.0,3059700.0
1812,2021-10-17 04:24:29,22050.0,500.0,3059600.0
1813,2021-10-17 04:24:28,22100.0,1400.0,3059100.0
1814,2021-10-17 04:24:25,22050.0,400.0,3057700.0
1815,2021-10-17 04:24:20,22100.0,600.0,3057300.0
1816,2021-10-17 04:24:19,22100.0,500.0,3056700.0
1817,2021-10-17 04:24:11,22100.0,3000.0,3056200.0
1818,2021-10-17 04:24:10,22100.0,1700.0,3053200.0
1819,2021-10-17 04:24:08,22100.0,26400.0,3051500.0
1820,2021-10-17 04:24:08,22100.0,100.0,3025100.0
1821,2021-10-17 04:24:08,22100.0,1000.0,3025000.0
1822,2021-10-17 04:24:08,22100.0,800.0,3024000.0
1823,2021-10-17 04:24:07,22100.0,400.0,3023200.0
1824,2021-10-17 04:24:07,22100.0,100.0,3022800.0
1825,2021-10-17 04:24:06,22100.0,900.0,3022700.0
1826,2021-10-17 04:24:06,22100.0,300.0,3021800.0
1827,2021-10-17 04:24:06,22100.0,8800.0,3021500.0
1828,2021-10-17 04:24:05,22100.0,1200.0,3012700.0
1829,2021-10-17 04:24:05,22100.0,100.0,3011500.0
1830,2021-10-17 04:24:05,22100.0,7700.0,3011400.0
1831,2021-10-17 04:24:01,22100.0,100.0,3003700.0
1832,2021-10-17 04:24:01,22100.0,5000.0,3003600.0
1833,2021-10-17 04:23:59,22100.0,1000.0,2998600.0
1834,2021-10-17 04:23:59,22100.0,1000.0,2997600.0
1835,2021-10-17 04:23:59,22100.0,10000.0,2996600.0
1836,2021-10-17 04:23:59,22100.0,1000.0,2986600.0
1837,2021-10-17 04:23:58,22100.0,3600.0,2985600.0
1838,2021-10-17 04:23:57,22100.0,2000.0,2982000.0
1839,2021-10-17 04:23:49,22100.0,500.0,2980000.0
1840,2021-10-17 04:23:45,22200.0,1000.0,2979500.0
1841,2021-10-17 04:23:43,22200.0,1900.0,2978500.0
1842,2021-10-17 04:23:43,22200.0,3000.0,2976600.0
1843,2021-10-17 04:23:37,22200.0,4000.0,2973600.0
1844,2021-10-17 04:23:37,22200.0,100.0,2969600.0
1845,2021-10-17 04:23:37,22200.0,400.0,2969500.0
1846,2021-10-17 04:23:37,22200.0,2500.0,2969100.0
1847,2021-10-17 04:23:36,22200.0,200.0,2966600.0
1848,2021-10-17 04:23:36,22200.0,13400.0,2966400.0
1849,2021-10-17 04:23:36,22200.0,6600.0,2953000.0
1850,2021-10-17 04:23:36,22200.0,100.0,2946400.0
1851,2021-10-17 04:23:35,22200.0,100.0,2946300.0
1852,2021-10-17 04:23:35,22200.0,13200.0,2946200.0
1853,2021-10-17 04:23:35,22200.0,800.0,2933000.0
1854,2021-10-17 04:23:34,22200.0,200.0,2932200.0
1855,2021-10-17 04:23:34,22200.0,20800.0,2932000.0
1856,2021-10-17 04:23:30,22200.0,100.0,2911200.0
1857,2021-10-17 04:23:29,22250.0,1400.0,2911100.0
1858,2021-10-17 04:23:29,22250.0,200.0,2909700.0
1859,2021-10-17 04:23:29,22250.0,1000.0,2909500.0
1860,2021-10-17 04:23:29,22250.0,7400.0,2908500.0
1861,2021-10-17 04:23:26,22200.0,2000.0,2901100.0
1862,2021-10-17 04:23:25,22200.0,300.0,2899100.0
1863,2021-10-17 04:23:25,22200.0,100.0,2898800.0
1864,2021-10-17 04:23:23,22200.0,1000.0,2898700.0
1865,2021-10-17 04:23:21,22200.0,100.0,2897700.0
1866,2021-10-17 04:23:17,22200.0,25000.0,2897600.0
1867,2021-10-17 04:23:14,22250.0,2600.0,2872600.0
1868,2021-10-17 04:23:14,22250.0,500.0,2870000.0
1869,2021-10-17 04:23:14,22250.0,500.0,2869500.0
1870,2021-10-17 04:23:14,22250.0,3200.0,2869000.0
1871,2021-10-17 04:23:11,22200.0,400.0,2865800.0
1872,2021-10-17 04:23:11,22200.0,500.0,2865400.0
1873,2021-10-17 04:23:10,22200.0,100.0,2864900.0
1874,2021-10-17 04:23:07,22200.0,2000.0,2864800.0
1875,2021-10-17 04:23:05,22200.0,1000.0,2862800.0
1876,2021-10-17 04:23:05,22200.0,500.0,2861800.0
1877,2021-10-17 04:23:03,22250.0,200.0,2861300.0
1878,2021-10-17 04:23:01,22200.0,1000.0,2861100.0
1879,2021-10-17 04:23:00,22250.0,1000.0,2860100.0
1880,2021-10-17 04:22:58,22200.0,5000.0,2859100.0
1881,2021-10-17 04:22:53,22200.0,2000.0,2854100.0
1882,2021-10-17 04:22:53,22250.0,3600.0,2852100.0
1883,2021-10-17 04:22:53,22250.0,6400.0,2848500.0
1884,2021-10-17 04:22:52,22200.0,100.0,2842100.0
1885,2021-10-17 04:22:52,22250.0,7000.0,2842000.0
1886,2021-10-17 04:22:42,22250.0,10000.0,2835000.0
1887,2021-10-17 04:22:38,22250.0,100.0,2825000.0
1888,2021-10-17 04:22:38,22250.0,26500.0,2824900.0
1889,2021-10-17 04:22:34,22250.0,1000.0,2798400.0
1890,2021-10-17 04:22:33,22250.0,1500.0,2797400.0
1891,2021-10-17 04:22:31,22250.0,200.0,2795900.0
1892,2021-10-17 04:22:31,22250.0,200.0,2795700.0
1893,2021-10-17 04:22:31,22250.0,2600.0,2795500.0
1894,2021-10-17 04:22:31,22250.0,400.0,2792900.0
1895,2021-10-17 04:22:31,22250.0,3000.0,2792500.0
1896,2021-10-17 04:22:31,22250.0,1000.0,2789500.0
1897,2021-10-17 04:22:31,22250.0,100.0,2788500.0
1898,2021-10-17 04:22:31,22250.0,10000.0,2788400.0
1899,2021-10-17 04:22:31,22250.0,200.0,2778400.0
1900,2021-10-17 04:22:31,22250.0,5300.0,2778200.0
1901,2021-10-17 04:22:30,22250.0,3000.0,2772900.0
1902,2021-10-17 04:22:27,22300.0,500.0,2769900.0
1903,2021-10-17 04:22:24,22300.0,200.0,2769400.0
1904,2021-10-17 04:22:23,22300.0,20000.0,2769200.0
1905,2021-10-17 04:22:23,22300.0,100.0,2749200.0
1906,2021-10-17 04:22:16,22300.0,200.0,2749100.0
1907,2021-10-17 04:22:16,22300.0,300.0,2748900.0
1908,2021-10-17 04:22:15,22300.0,500.0,2748600.0
1909,2021-10-17 04:22:15,22300.0,700.0,2748100.0
1910,2021-10-17 04:22:15,22300.0,300.0,2747400.0
1911,2021-10-17 04:22:15,22300.0,100.0,2747100.0
1912,2021-10-17 04:22:13,22300.0,200.0,2747000.0
1913,2021-10-17 04:22:12,22300.0,400.0,2746800.0
1914,2021-10-17 04:22:11,22350.0,500.0,2746400.0
1915,2021-10-17 04:22:11,22300.0,10000.0,2745900.0
1916,2021-10-17 04:22:10,22300.0,1000.0,2735900.0
1917,2021-10-17 04:22:10,22300.0,500.0,2734900.0
1918,2021-10-17 04:22:10,22300.0,500.0,2734400.0
1919,2021-10-17 04:22:07,22300.0,400.0,2733900.0
1920,2021-10-17 04:22:06,22300.0,800.0,2733500.0
1921,2021-10-17 04:22:05,22300.0,500.0,2732700.0
1922,2021-10-17 04:22:05,22300.0,100.0,2732200.0
1923,2021-10-17 04:22:05,22300.0,100.0,2732100.0
1924,2021-10-17 04:22:05,22300.0,2000.0,2732000.0
1925,2021-10-17 04:22:05,22300.0,200.0,2730000.0
1926,2021-10-17 04:22:05,22300.0,1000.0,2729800.0
1927,2021-10-17 04:22:05,22300.0,4900.0,2728800.0
1928,2021-10-17 04:22:04,22350.0,1300.0,2723900.0
1929,2021-10-17 04:22:04,22350.0,500.0,2722600.0
1930,2021-10-17 04:22:04,22350.0,100.0,2722100.0
1931,2021-10-17 04:22:04,22300.0,500.0,2722000.0
1932,2021-10-17 04:22:02,22300.0,500.0,2721500.0
1933,2021-10-17 04:22:01,22300.0,200.0,2721000.0
1934,2021-10-17 04:21:56,22300.0,100.0,2720800.0
1935,2021-10-17 04:21:56,22300.0,500.0,2720700.0
1936,2021-10-17 04:21:55,22300.0,100.0,2720200.0
1937,2021-10-17 04:21:54,22300.0,100.0,2720100.0
1938,2021-10-17 04:21:53,22300.0,600.0,2720000.0
1939,2021-10-17 04:21:51,22300.0,3000.0,2719400.0
1940,2021-10-17 04:21:51,22300.0,500.0,2716400.0
1941,2021-10-17 04:21:50,22300.0,100.0,2715900.0
1942,2021-10-17 04:21:47,22300.0,5000.0,2715800.0
1943,2021-10-17 04:21:46,22300.0,400.0,2710800.0
1944,2021-10-17 04:21:46,22300.0,300.0,2710400.0
1945,2021-10-17 04:21:46,22300.0,400.0,2710100.0
1946,2021-10-17 04:21:46,22300.0,1000.0,2709700.0
1947,2021-10-17 04:21:46,22300.0,500.0,2708700.0
1948,2021-10-17 04:21:46,22300.0,1000.0,2708200.0
1949,2021-10-17 04:21:46,22300.0,200.0,2707200.0
1950,2021-10-17 04:21:46,22300.0,300.0,2707000.0
1951,2021-10-17 04:21:46,22300.0,600.0,2706700.0
1952,2021-10-17 04:21:46,22300.0,500.0,2706100.0
1953,2021-10-17 04:21:46,22300.0,100.0,2705600.0
1954,2021-10-17 04:21:46,22300.0,300.0,2705500.0
1955,2021-10-17 04:21:46,22300.0,500.0,2705200.0
1956,2021-10-17 04:21:46,22300.0,300.0,2704700.0
1957,2021-10-17 04:21:46,22300.0,500.0,2704400.0
1958,2021-10-17 04:21:46,22300.0,800.0,2703900.0
1959,2021-10-17 04:21:46,22300.0,200.0,2703100.0
1960,2021-10-17 04:21:46,22300.0,100.0,2702900.0
1961,2021-10-17 04:21:46,22300.0,2000.0,2702800.0
1962,2021-10-17 04:21:46,22300.0,100.0,2700800.0
1963,2021-10-17 04:21:46,22300.0,400.0,2700700.0
1964,2021-10-17 04:21:46,22300.0,1000.0,2700300.0
1965,2021-10-17 04:21:46,22300.0,2000.0,2699300.0
1966,2021-10-17 04:21:46,22300.0,1700.0,2697300.0
1967,2021-10-17 04:21:46,22300.0,200.0,2695600.0
1968,2021-10-17 04:21:46,22300.0,1000.0,2695400.0
1969,2021-10-17 04:21:46,22300.0,100.0,2694400.0
1970,2021-10-17 04:21:46,22300.0,100.0,2694300.0
1971,2021-10-17 04:21:46,22300.0,300.0,2694200.0
1972,2021-10-17 04:21:45,22300.0,5000.0,2693900.0
1973,2021-10-17 04:21:45,22300.0,100.0,2688900.0
1974,2021-10-17 04:21:44,22300.0,100.0,2688800.0
1975,2021-10-17 04:21:44,22300.0,200.0,2688700.0
1976,2021-10-17 04:21:42,22300.0,400.0,2688500.0
1977,2021-10-17 04:21:41,22300.0,2000.0,2688100.0
1978,2021-10-17 04:21:41,22250.0,1200.0,2686100.0
1979,2021-10-17 04:21:41,22250.0,2000.0,2684900.0
1980,2021-10-17 04:21:38,22250.0,5000.0,2682900.0
1981,2021-10-17 04:21:35,22250.0,200.0,2677900.0
1982,2021-10-17 04:21:31,22250.0,500.0,2677700.0
1983,2021-10-17 04:21:31,22250.0,1000.0,2677200.0
1984,2021-10-17 04:21:30,22250.0,1000.0,2676200.0
1985,2021-10-17 04:21:29,22300.0,100.0,2675200.0
1986,2021-10-17 04:21:29,22250.0,300.0,2675100.0
1987,2021-10-17 04:21:26,22300.0,1800.0,2674800.0
1988,2021-10-17 04:21:26,22300.0,600.0,2673000.0
1989,2021-10-17 04:21:26,22300.0,600.0,2672400.0
1990,2021-10-17 04:21:26,22300.0,300.0,2671800.0
1991,2021-10-17 04:21:25,22250.0,7500.0,2671500.0
1992,2021-10-17 04:21:25,22250.0,1000.0,2664000.0
1993,2021-10-17 04:21:25,22250.0,100.0,2663000.0
1994,2021-10-17 04:21:25,22250.0,100.0,2662900.0
1995,2021-10-17 04:21:25,22250.0,500.0,2662800.0
1996,2021-10-17 04:21:25,22250.0,100.0,2662300.0
1997,2021-10-17 04:21:25,22250.0,400.0,2662200.0
1998,2021-10-17 04:21:25,22250.0,800.0,2661800.0
1999,2021-10-17 04:21:24,22200.0,200.0,2661000.0
2000,2021-10-17 04:21:22,22200.0,100.0,2660800.0
2001,2021-10-17 04:21:18,22200.0,100.0,2660700.0
2002,2021-10-17 04:21:18,22250.0,200.0,2660600.0
2003,2021-10-17 04:21:18,22250.0,1000.0,2660400.0
2004,2021-10-17 04:21:15,22200.0,500.0,2659400.0
2005,2021-10-17 04:21:14,22200.0,2500.0,2658900.0
2006,2021-10-17 04:21:14,22200.0,400.0,2656400.0
2007,2021-10-17 04:21:13,22200.0,100.0,2656000.0
2008,2021-10-17 04:21:12,22200.0,2000.0,2655900.0
2009,2021-10-17 04:21:09,22200.0,100.0,2653900.0
2010,2021-10-17 04:21:09,22200.0,400.0,2653800.0
2011,2021-10-17 04:21:09,22200.0,100.0,2653400.0
2012,2021-10-17 04:21:09,22200.0,1000.0,2653300.0
2013,2021-10-17 04:21:09,22200.0,500.0,2652300.0
2014,2021-10-17 04:21:08,22200.0,1500.0,2651800.0
2015,2021-10-17 04:21:08,22200.0,500.0,2650300.0
2016,2021-10-17 04:21:08,22150.0,500.0,2649800.0
2017,2021-10-17 04:21:06,22150.0,100.0,2649300.0
2018,2021-10-17 04:21:05,22200.0,100.0,2649200.0
2019,2021-10-17 04:21:03,22150.0,200.0,2649100.0
2020,2021-10-17 04:20:57,22200.0,1400.0,2648900.0
2021,2021-10-17 04:20:57,22200.0,100.0,2647500.0
2022,2021-10-17 04:20:57,22200.0,300.0,2647400.0
2023,2021-10-17 04:20:57,22200.0,100.0,2647100.0
2024,2021-10-17 04:20:57,22200.0,500.0,2647000.0
2025,2021-10-17 04:20:57,22200.0,1000.0,2646500.0
2026,2021-10-17 04:20:57,22200.0,5000.0,2645500.0
2027,2021-10-17 04:20:57,22200.0,300.0,2640500.0
2028,2021-10-17 04:20:57,22200.0,1500.0,2640200.0
2029,2021-10-17 04:20:57,22200.0,500.0,2638700.0
2030,2021-10-17 04:20:57,22200.0,2000.0,2638200.0
2031,2021-10-17 04:20:57,22200.0,300.0,2636200.0
2032,2021-10-17 04:20:57,22200.0,100.0,2635900.0
2033,2021-10-17 04:20:57,22200.0,200.0,2635800.0
2034,2021-10-17 04:20:57,22200.0,500.0,2635600.0
2035,2021-10-17 04:20:57,22200.0,100.0,2635100.0
2036,2021-10-17 04:20:57,22200.0,20000.0,2635000.0
2037,2021-10-17 04:20:57,22200.0,1000.0,2615000.0
2038,2021-10-17 04:20:57,22200.0,200.0,2614000.0
2039,2021-10-17 04:20:57,22200.0,1100.0,2613800.0
2040,2021-10-17 04:20:57,22200.0,200.0,2612700.0
2041,2021-10-17 04:20:57,22200.0,100.0,2612500.0
2042,2021-10-17 04:20:57,22200.0,1000.0,2612400.0
2043,2021-10-17 04:20:57,22200.0,100.0,2611400.0
