,Time,Price,Volume_per_trade,Volume
0,2021-10-06 14:45:03,5000.0,96500.0,1042043.0
1,2021-10-06 14:29:59,5000.0,2500.0,945543.0
2,2021-10-06 14:29:39,5000.0,5000.0,943043.0
3,2021-10-06 14:29:34,5000.0,200.0,938043.0
4,2021-10-06 14:29:32,5000.0,200.0,937843.0
5,2021-10-06 14:29:20,5000.0,5000.0,937643.0
6,2021-10-06 14:28:28,5000.0,500.0,932643.0
7,2021-10-06 14:28:12,5000.0,58.0,932143.0
8,2021-10-06 14:27:58,5000.0,200.0,932085.0
9,2021-10-06 14:27:49,5000.0,12900.0,931885.0
10,2021-10-06 14:27:48,5000.0,1500.0,918985.0
11,2021-10-06 14:27:34,5000.0,8000.0,917485.0
12,2021-10-06 14:27:03,5000.0,5000.0,909485.0
13,2021-10-06 14:26:55,5000.0,2500.0,904485.0
14,2021-10-06 14:26:44,5000.0,14700.0,901985.0
15,2021-10-06 14:26:43,5000.0,5300.0,887285.0
16,2021-10-06 14:26:37,5000.0,4000.0,881985.0
17,2021-10-06 14:26:31,5000.0,6900.0,877985.0
18,2021-10-06 14:26:23,5000.0,6000.0,871085.0
19,2021-10-06 14:26:22,5000.0,1000.0,865085.0
20,2021-10-06 14:26:21,5000.0,8200.0,864085.0
21,2021-10-06 14:26:20,5000.0,500.0,855885.0
22,2021-10-06 14:26:15,5000.0,10000.0,855385.0
23,2021-10-06 14:26:12,5000.0,18000.0,845385.0
24,2021-10-06 14:26:00,5000.0,12000.0,827385.0
25,2021-10-06 14:25:51,5000.0,2400.0,815385.0
26,2021-10-06 14:25:41,5000.0,3600.0,812985.0
27,2021-10-06 14:25:29,5000.0,500.0,809385.0
28,2021-10-06 14:25:25,5000.0,1000.0,808885.0
29,2021-10-06 14:25:23,5000.0,5000.0,807885.0
30,2021-10-06 14:25:16,5000.0,1900.0,802885.0
31,2021-10-06 14:25:09,5000.0,4000.0,800985.0
32,2021-10-06 14:25:05,5000.0,200.0,796985.0
33,2021-10-06 14:25:04,5000.0,6700.0,796785.0
34,2021-10-06 14:24:59,5000.0,8000.0,790085.0
35,2021-10-06 14:24:55,5000.0,2000.0,782085.0
36,2021-10-06 14:24:52,5000.0,1800.0,780085.0
37,2021-10-06 14:24:45,5000.0,10000.0,778285.0
38,2021-10-06 14:24:27,5000.0,1200.0,768285.0
39,2021-10-06 14:24:19,5000.0,2000.0,767085.0
40,2021-10-06 14:24:17,5000.0,1500.0,765085.0
41,2021-10-06 14:24:16,5000.0,100.0,763585.0
42,2021-10-06 14:24:00,5000.0,5000.0,763485.0
43,2021-10-06 14:23:56,5000.0,100.0,758485.0
44,2021-10-06 14:23:40,5000.0,3000.0,758385.0
45,2021-10-06 14:23:27,5000.0,400.0,755385.0
46,2021-10-06 14:23:25,5000.0,20000.0,754985.0
47,2021-10-06 14:23:23,5000.0,1600.0,734985.0
48,2021-10-06 14:23:12,5000.0,1400.0,733385.0
49,2021-10-06 14:23:04,5000.0,200.0,731985.0
50,2021-10-06 14:22:37,5000.0,5000.0,731785.0
51,2021-10-06 14:22:32,5000.0,900.0,726785.0
52,2021-10-06 14:22:24,5000.0,100.0,725885.0
53,2021-10-06 14:22:22,5000.0,500.0,725785.0
54,2021-10-06 14:22:17,5000.0,2100.0,725285.0
55,2021-10-06 14:22:14,5000.0,1000.0,723185.0
56,2021-10-06 14:22:09,5000.0,800.0,722185.0
57,2021-10-06 14:21:37,5000.0,1000.0,721385.0
58,2021-10-06 14:21:33,5000.0,17000.0,720385.0
59,2021-10-06 14:21:25,5000.0,500.0,703385.0
60,2021-10-06 14:21:21,5000.0,100.0,702885.0
61,2021-10-06 14:21:10,5000.0,200.0,702785.0
62,2021-10-06 14:21:09,5000.0,500.0,702585.0
63,2021-10-06 14:20:45,5000.0,5000.0,702085.0
64,2021-10-06 14:20:41,5000.0,1000.0,697085.0
65,2021-10-06 14:20:32,5000.0,2000.0,696085.0
66,2021-10-06 14:20:21,5000.0,1500.0,694085.0
67,2021-10-06 14:20:13,5000.0,500.0,692585.0
68,2021-10-06 14:20:12,5000.0,10000.0,692085.0
69,2021-10-06 14:19:46,5000.0,3000.0,682085.0
70,2021-10-06 14:19:30,5000.0,2000.0,679085.0
71,2021-10-06 14:19:25,5000.0,2000.0,677085.0
72,2021-10-06 14:19:24,5000.0,1000.0,675085.0
73,2021-10-06 14:19:23,5000.0,1000.0,674085.0
74,2021-10-06 14:19:21,5000.0,1100.0,673085.0
75,2021-10-06 14:19:03,5000.0,500.0,671985.0
76,2021-10-06 14:19:01,5000.0,1000.0,671485.0
77,2021-10-06 14:18:58,5000.0,600.0,670485.0
78,2021-10-06 14:18:56,5000.0,100.0,669885.0
79,2021-10-06 14:18:44,5000.0,1000.0,669785.0
80,2021-10-06 14:18:27,4900.0,21300.0,668785.0
81,2021-10-06 14:18:26,4900.0,26600.0,647485.0
82,2021-10-06 14:18:24,4900.0,7100.0,620885.0
83,2021-10-06 14:18:21,4900.0,10000.0,613785.0
84,2021-10-06 14:18:20,4900.0,700.0,603785.0
85,2021-10-06 14:18:08,4900.0,400.0,603085.0
86,2021-10-06 14:18:06,4900.0,10000.0,602685.0
87,2021-10-06 14:17:42,4900.0,10000.0,592685.0
88,2021-10-06 14:17:31,4900.0,5000.0,582685.0
89,2021-10-06 14:16:47,4900.0,3000.0,577685.0
90,2021-10-06 14:14:08,4900.0,3000.0,574685.0
91,2021-10-06 14:13:56,4800.0,13800.0,571685.0
92,2021-10-06 14:13:44,4800.0,5000.0,557885.0
93,2021-10-06 14:12:45,4800.0,5000.0,552885.0
94,2021-10-06 14:12:27,4800.0,8100.0,547885.0
95,2021-10-06 14:12:21,4800.0,300.0,539785.0
96,2021-10-06 14:11:18,4800.0,4000.0,539485.0
97,2021-10-06 14:11:17,4800.0,100.0,535485.0
98,2021-10-06 14:11:06,4800.0,1000.0,535385.0
99,2021-10-06 14:11:05,4800.0,50000.0,534385.0
100,2021-10-06 14:10:49,4800.0,1000.0,484385.0
101,2021-10-06 14:09:48,4800.0,500.0,483385.0
102,2021-10-06 14:09:09,4800.0,600.0,482885.0
103,2021-10-06 14:08:38,4800.0,2100.0,482285.0
104,2021-10-06 14:08:04,4800.0,200.0,480185.0
105,2021-10-06 14:07:01,4800.0,1000.0,479985.0
106,2021-10-06 14:06:32,4700.0,9900.0,478985.0
107,2021-10-06 14:06:24,4700.0,3000.0,469085.0
108,2021-10-06 14:06:22,4700.0,1000.0,466085.0
109,2021-10-06 14:06:20,4700.0,23000.0,465085.0
110,2021-10-06 14:06:11,4700.0,11500.0,442085.0
111,2021-10-06 14:06:06,4700.0,800.0,430585.0
112,2021-10-06 14:06:04,4700.0,100.0,429785.0
113,2021-10-06 14:06:02,4700.0,5000.0,429685.0
114,2021-10-06 14:06:01,4700.0,100.0,424685.0
115,2021-10-06 14:05:59,4700.0,2000.0,424585.0
116,2021-10-06 14:05:52,4700.0,3000.0,422585.0
117,2021-10-06 14:05:50,4700.0,3900.0,419585.0
118,2021-10-06 14:05:36,4700.0,1000.0,415685.0
119,2021-10-06 14:05:33,4700.0,8000.0,414685.0
120,2021-10-06 14:05:28,4700.0,1000.0,406685.0
121,2021-10-06 14:05:21,4700.0,2000.0,405685.0
122,2021-10-06 14:05:17,4700.0,4000.0,403685.0
123,2021-10-06 14:04:26,4700.0,100.0,399685.0
124,2021-10-06 14:04:23,4700.0,2500.0,399585.0
125,2021-10-06 14:04:22,4700.0,15000.0,397085.0
126,2021-10-06 14:04:12,4700.0,100.0,382085.0
127,2021-10-06 14:03:44,4700.0,300.0,381985.0
128,2021-10-06 14:03:35,4600.0,1000.0,381685.0
129,2021-10-06 14:03:21,4700.0,3300.0,380685.0
130,2021-10-06 14:03:14,4700.0,5000.0,377385.0
131,2021-10-06 14:02:55,4700.0,3900.0,372385.0
132,2021-10-06 14:02:49,4700.0,5000.0,368485.0
133,2021-10-06 14:02:17,4700.0,500.0,363485.0
134,2021-10-06 14:01:51,4700.0,8000.0,362985.0
135,2021-10-06 14:01:37,4700.0,2000.0,354985.0
136,2021-10-06 14:01:26,4700.0,2100.0,352985.0
137,2021-10-06 14:01:13,4700.0,4000.0,350885.0
138,2021-10-06 14:00:41,4700.0,5000.0,346885.0
139,2021-10-06 13:59:03,4700.0,5000.0,341885.0
140,2021-10-06 13:58:31,4700.0,2000.0,336885.0
141,2021-10-06 13:57:33,4700.0,30700.0,334885.0
142,2021-10-06 13:55:08,4700.0,100.0,304185.0
143,2021-10-06 13:53:58,4700.0,1.0,304085.0
144,2021-10-06 13:50:27,4700.0,3900.0,304084.0
145,2021-10-06 13:50:02,4600.0,2000.0,300184.0
146,2021-10-06 13:49:36,4700.0,25000.0,298184.0
147,2021-10-06 13:48:31,4700.0,2000.0,273184.0
148,2021-10-06 13:47:09,4600.0,9900.0,271184.0
149,2021-10-06 13:40:17,4700.0,2000.0,261284.0
150,2021-10-06 13:39:11,4600.0,1000.0,259284.0
151,2021-10-06 13:38:42,4600.0,2000.0,258284.0
152,2021-10-06 13:37:22,4700.0,200.0,256284.0
153,2021-10-06 13:36:57,4700.0,600.0,256084.0
154,2021-10-06 13:36:16,4700.0,1000.0,255484.0
155,2021-10-06 13:35:42,4700.0,100.0,254484.0
156,2021-10-06 13:35:19,4700.0,500.0,254384.0
157,2021-10-06 13:33:54,4600.0,400.0,253884.0
158,2021-10-06 13:33:37,4600.0,300.0,253484.0
159,2021-10-06 13:33:26,4600.0,500.0,253184.0
160,2021-10-06 13:33:19,4600.0,1000.0,252684.0
161,2021-10-06 13:31:29,4600.0,4000.0,251684.0
162,2021-10-06 13:29:23,4600.0,1.0,247684.0
163,2021-10-06 13:29:19,4600.0,3000.0,247683.0
164,2021-10-06 13:29:07,4600.0,200.0,244683.0
165,2021-10-06 13:28:34,4600.0,1.0,244483.0
166,2021-10-06 13:26:00,4600.0,32.0,244482.0
167,2021-10-06 13:23:41,4600.0,100.0,244450.0
168,2021-10-06 13:23:39,4700.0,1200.0,244350.0
169,2021-10-06 13:23:24,4600.0,500.0,243150.0
170,2021-10-06 13:21:46,4700.0,1500.0,242650.0
171,2021-10-06 13:18:26,4700.0,4000.0,241150.0
172,2021-10-06 13:15:12,4700.0,100.0,237150.0
173,2021-10-06 13:14:32,4700.0,11000.0,237050.0
174,2021-10-06 13:10:00,4600.0,3600.0,226050.0
175,2021-10-06 13:06:51,4600.0,1000.0,222450.0
176,2021-10-06 13:06:04,4600.0,5000.0,221450.0
177,2021-10-06 13:00:06,4600.0,1500.0,216450.0
178,2021-10-06 11:20:08,4600.0,1900.0,214950.0
179,2021-10-06 11:06:07,4600.0,1200.0,213050.0
180,2021-10-06 11:04:02,4600.0,2000.0,211850.0
181,2021-10-06 11:03:13,4600.0,800.0,209850.0
182,2021-10-06 10:59:00,4700.0,1000.0,209050.0
183,2021-10-06 10:55:05,4700.0,5000.0,208050.0
184,2021-10-06 10:54:45,4700.0,2000.0,203050.0
185,2021-10-06 10:50:06,4600.0,1000.0,201050.0
186,2021-10-06 10:49:35,4700.0,100.0,200050.0
187,2021-10-06 10:49:05,4700.0,200.0,199950.0
188,2021-10-06 10:48:31,4700.0,5000.0,199750.0
189,2021-10-06 10:45:31,4600.0,300.0,194750.0
190,2021-10-06 10:40:56,4600.0,9.0,194450.0
191,2021-10-06 10:40:43,4600.0,8.0,194441.0
192,2021-10-06 10:40:32,4600.0,7.0,194433.0
193,2021-10-06 10:40:18,4600.0,6.0,194426.0
194,2021-10-06 10:40:07,4600.0,5.0,194420.0
195,2021-10-06 10:39:54,4600.0,4.0,194415.0
196,2021-10-06 10:39:42,4600.0,3.0,194411.0
197,2021-10-06 10:39:30,4600.0,2.0,194408.0
198,2021-10-06 10:39:14,4600.0,1.0,194406.0
199,2021-10-06 10:38:28,4600.0,1.0,194405.0
200,2021-10-06 10:38:20,4600.0,3000.0,194404.0
201,2021-10-06 10:38:11,4600.0,5000.0,191404.0
202,2021-10-06 10:38:05,4600.0,2000.0,186404.0
203,2021-10-06 10:38:04,4600.0,5000.0,184404.0
204,2021-10-06 10:37:30,4600.0,5800.0,179404.0
205,2021-10-06 10:36:47,4600.0,2000.0,173604.0
206,2021-10-06 10:36:41,4600.0,100.0,171604.0
207,2021-10-06 10:36:24,4600.0,1.0,171504.0
208,2021-10-06 10:36:08,4600.0,100.0,171503.0
209,2021-10-06 10:35:42,4600.0,1.0,171403.0
210,2021-10-06 10:35:20,4600.0,4000.0,171402.0
211,2021-10-06 10:33:01,4600.0,400.0,167402.0
212,2021-10-06 10:31:47,4600.0,5000.0,167002.0
213,2021-10-06 10:31:19,4600.0,2.0,162002.0
214,2021-10-06 10:28:53,4600.0,1000.0,162000.0
215,2021-10-06 10:28:48,4600.0,300.0,161000.0
216,2021-10-06 10:28:17,4600.0,7500.0,160700.0
217,2021-10-06 10:27:07,4600.0,500.0,153200.0
218,2021-10-06 10:26:54,4600.0,1000.0,152700.0
219,2021-10-06 10:23:28,4600.0,100.0,151700.0
220,2021-10-06 10:21:41,4600.0,1000.0,151600.0
221,2021-10-06 10:21:35,4600.0,500.0,150600.0
222,2021-10-06 10:19:45,4600.0,4900.0,150100.0
223,2021-10-06 10:18:56,4600.0,400.0,145200.0
224,2021-10-06 10:18:50,4600.0,500.0,144800.0
225,2021-10-06 10:18:43,4600.0,300.0,144300.0
226,2021-10-06 10:18:22,4600.0,5000.0,144000.0
227,2021-10-06 10:18:14,4600.0,1000.0,139000.0
228,2021-10-06 10:17:25,4500.0,2000.0,138000.0
229,2021-10-06 10:17:24,4600.0,1800.0,136000.0
230,2021-10-06 10:16:27,4600.0,1900.0,134200.0
231,2021-10-06 10:16:18,4600.0,100.0,132300.0
232,2021-10-06 10:15:40,4600.0,9900.0,132200.0
233,2021-10-06 10:15:25,4600.0,10000.0,122300.0
234,2021-10-06 10:15:07,4600.0,6000.0,112300.0
235,2021-10-06 10:14:29,4600.0,5000.0,106300.0
236,2021-10-06 10:14:25,4600.0,300.0,101300.0
237,2021-10-06 10:13:59,4600.0,10000.0,101000.0
238,2021-10-06 10:13:52,4600.0,10000.0,91000.0
239,2021-10-06 10:06:00,4600.0,200.0,81000.0
240,2021-10-06 10:05:52,4600.0,700.0,80800.0
241,2021-10-06 10:04:04,4600.0,100.0,80100.0
242,2021-10-06 10:01:17,4700.0,100.0,80000.0
243,2021-10-06 09:58:32,4600.0,5000.0,79900.0
244,2021-10-06 09:58:09,4600.0,1600.0,74900.0
245,2021-10-06 09:57:43,4600.0,1000.0,73300.0
246,2021-10-06 09:57:17,4600.0,300.0,72300.0
247,2021-10-06 09:57:09,4600.0,100.0,72000.0
248,2021-10-06 09:55:43,4600.0,1500.0,71900.0
249,2021-10-06 09:54:48,4600.0,10000.0,70400.0
250,2021-10-06 09:54:28,4600.0,2000.0,60400.0
251,2021-10-06 09:53:58,4600.0,3000.0,58400.0
252,2021-10-06 09:51:39,4600.0,20000.0,55400.0
253,2021-10-06 09:48:53,4700.0,10000.0,35400.0
254,2021-10-06 09:47:03,4700.0,500.0,25400.0
255,2021-10-06 09:41:56,4700.0,2000.0,24900.0
256,2021-10-06 09:35:23,4600.0,2500.0,22900.0
257,2021-10-06 09:34:58,4600.0,3000.0,20400.0
258,2021-10-06 09:30:26,4700.0,100.0,17400.0
259,2021-10-06 09:27:21,4700.0,100.0,17300.0
260,2021-10-06 09:26:47,4600.0,100.0,17200.0
261,2021-10-06 09:24:37,4600.0,1800.0,17100.0
262,2021-10-06 09:24:12,4600.0,1500.0,15300.0
263,2021-10-06 09:23:50,4600.0,1000.0,13800.0
264,2021-10-06 09:22:10,4600.0,5000.0,12800.0
265,2021-10-06 09:21:49,4600.0,100.0,7800.0
266,2021-10-06 09:20:43,4600.0,100.0,7700.0
267,2021-10-06 09:20:37,4600.0,1400.0,7600.0
268,2021-10-06 09:17:53,4600.0,100.0,6200.0
269,2021-10-06 09:15:59,4600.0,800.0,6100.0
270,2021-10-06 09:06:19,4600.0,2700.0,5300.0
271,2021-10-06 09:06:17,4700.0,100.0,2600.0
272,2021-10-06 09:05:12,4600.0,1700.0,2500.0
273,2021-10-06 09:05:02,4700.0,700.0,800.0
274,2021-10-06 09:02:32,4700.0,100.0,100.0
