,Time,Price,Volume_per_trade,Volume
0,2021-10-20 14:45:03,5700.0,59100.0,3440078.0
1,2021-10-20 14:29:48,5700.0,1600.0,3380978.0
2,2021-10-20 14:29:31,5700.0,500.0,3379378.0
3,2021-10-20 14:29:30,5700.0,1000.0,3378878.0
4,2021-10-20 14:29:23,5700.0,1700.0,3377878.0
5,2021-10-20 14:29:16,5700.0,600.0,3376178.0
6,2021-10-20 14:29:15,5700.0,1600.0,3375578.0
7,2021-10-20 14:29:13,5700.0,5000.0,3373978.0
8,2021-10-20 14:29:08,5700.0,1000.0,3368978.0
9,2021-10-20 14:28:39,5700.0,1400.0,3367978.0
10,2021-10-20 14:28:23,5700.0,2400.0,3366578.0
11,2021-10-20 14:27:34,5700.0,3000.0,3364178.0
12,2021-10-20 14:26:33,5600.0,700.0,3361178.0
13,2021-10-20 14:26:14,5600.0,2300.0,3360478.0
14,2021-10-20 14:26:09,5600.0,4100.0,3358178.0
15,2021-10-20 14:26:08,5600.0,3000.0,3354078.0
16,2021-10-20 14:26:00,5600.0,500.0,3351078.0
17,2021-10-20 14:25:57,5600.0,5800.0,3350578.0
18,2021-10-20 14:25:52,5600.0,10000.0,3344778.0
19,2021-10-20 14:25:47,5600.0,5200.0,3334778.0
20,2021-10-20 14:25:37,5600.0,1000.0,3329578.0
21,2021-10-20 14:25:31,5600.0,5000.0,3328578.0
22,2021-10-20 14:25:27,5600.0,1000.0,3323578.0
23,2021-10-20 14:24:59,5600.0,5000.0,3322578.0
24,2021-10-20 14:24:51,5600.0,10600.0,3317578.0
25,2021-10-20 14:24:23,5600.0,8000.0,3306978.0
26,2021-10-20 14:24:15,5600.0,200.0,3298978.0
27,2021-10-20 14:24:09,5600.0,1700.0,3298778.0
28,2021-10-20 14:24:01,5500.0,100.0,3297078.0
29,2021-10-20 14:23:41,5600.0,6000.0,3296978.0
30,2021-10-20 14:23:36,5600.0,3000.0,3290978.0
31,2021-10-20 14:23:23,5600.0,1000.0,3287978.0
32,2021-10-20 14:23:21,5600.0,400.0,3286978.0
33,2021-10-20 14:23:01,5600.0,2000.0,3286578.0
34,2021-10-20 14:22:58,5600.0,2000.0,3284578.0
35,2021-10-20 14:22:33,5600.0,500.0,3282578.0
36,2021-10-20 14:22:28,5600.0,5000.0,3282078.0
37,2021-10-20 14:22:22,5600.0,100.0,3277078.0
38,2021-10-20 14:22:17,5600.0,1000.0,3276978.0
39,2021-10-20 14:22:10,5500.0,800.0,3275978.0
40,2021-10-20 14:21:11,5600.0,3000.0,3275178.0
41,2021-10-20 14:21:00,5600.0,100.0,3272178.0
42,2021-10-20 14:19:41,5600.0,10000.0,3272078.0
43,2021-10-20 14:19:39,5600.0,2000.0,3262078.0
44,2021-10-20 14:19:30,5600.0,100.0,3260078.0
45,2021-10-20 14:19:15,5600.0,300.0,3259978.0
46,2021-10-20 14:19:10,5600.0,100.0,3259678.0
47,2021-10-20 14:18:14,5600.0,300.0,3259578.0
48,2021-10-20 14:18:09,5600.0,5000.0,3259278.0
49,2021-10-20 14:17:57,5600.0,1300.0,3254278.0
50,2021-10-20 14:17:31,5600.0,100.0,3252978.0
51,2021-10-20 14:17:23,5600.0,1000.0,3252878.0
52,2021-10-20 14:17:18,5700.0,400.0,3251878.0
53,2021-10-20 14:17:11,5600.0,23000.0,3251478.0
54,2021-10-20 14:17:07,5600.0,8800.0,3228478.0
55,2021-10-20 14:17:06,5600.0,2000.0,3219678.0
56,2021-10-20 14:16:52,5600.0,900.0,3217678.0
57,2021-10-20 14:16:50,5600.0,200.0,3216778.0
58,2021-10-20 14:16:49,5600.0,500.0,3216578.0
59,2021-10-20 14:15:55,5700.0,2000.0,3216078.0
60,2021-10-20 14:15:35,5700.0,2000.0,3214078.0
61,2021-10-20 14:14:31,5700.0,2100.0,3212078.0
62,2021-10-20 14:14:25,5700.0,17900.0,3209978.0
63,2021-10-20 14:14:22,5700.0,5800.0,3192078.0
64,2021-10-20 14:14:20,5700.0,5000.0,3186278.0
65,2021-10-20 14:14:15,5700.0,5500.0,3181278.0
66,2021-10-20 14:14:14,5700.0,25000.0,3175778.0
67,2021-10-20 14:14:06,5700.0,50000.0,3150778.0
68,2021-10-20 14:14:04,5700.0,1000.0,3100778.0
69,2021-10-20 14:13:31,5700.0,10000.0,3099778.0
70,2021-10-20 14:13:16,5700.0,5000.0,3089778.0
71,2021-10-20 14:13:06,5700.0,2500.0,3084778.0
72,2021-10-20 14:06:29,5700.0,6000.0,3082278.0
73,2021-10-20 14:01:37,5700.0,500.0,3076278.0
74,2021-10-20 14:01:05,5700.0,7000.0,3075778.0
75,2021-10-20 14:00:33,5700.0,5000.0,3068778.0
76,2021-10-20 14:00:19,5700.0,300.0,3063778.0
77,2021-10-20 13:56:35,5700.0,1000.0,3063478.0
78,2021-10-20 13:55:53,5700.0,600.0,3062478.0
79,2021-10-20 13:53:35,5700.0,1000.0,3061878.0
80,2021-10-20 13:52:31,5700.0,200.0,3060878.0
81,2021-10-20 13:52:20,5700.0,1000.0,3060678.0
82,2021-10-20 13:50:19,5700.0,700.0,3059678.0
83,2021-10-20 13:50:03,5700.0,500.0,3058978.0
84,2021-10-20 13:48:33,5700.0,5000.0,3058478.0
85,2021-10-20 13:47:25,5700.0,300.0,3053478.0
86,2021-10-20 13:45:19,5700.0,500.0,3053178.0
87,2021-10-20 13:45:17,5700.0,10000.0,3052678.0
88,2021-10-20 13:45:02,5700.0,600.0,3042678.0
89,2021-10-20 13:44:44,5700.0,1100.0,3042078.0
90,2021-10-20 13:42:27,5700.0,5800.0,3040978.0
91,2021-10-20 13:39:54,5700.0,200.0,3035178.0
92,2021-10-20 13:39:35,5700.0,2000.0,3034978.0
93,2021-10-20 13:39:27,5700.0,300.0,3032978.0
94,2021-10-20 13:38:23,5700.0,100.0,3032678.0
95,2021-10-20 13:37:10,5700.0,10000.0,3032578.0
96,2021-10-20 13:37:06,5700.0,2000.0,3022578.0
97,2021-10-20 13:35:30,5700.0,1800.0,3020578.0
98,2021-10-20 13:33:02,5700.0,1800.0,3018778.0
99,2021-10-20 13:27:43,5700.0,1000.0,3016978.0
100,2021-10-20 13:25:00,5700.0,2000.0,3015978.0
101,2021-10-20 13:22:19,5700.0,3000.0,3013978.0
102,2021-10-20 13:19:49,5700.0,200.0,3010978.0
103,2021-10-20 13:16:44,5700.0,3000.0,3010778.0
104,2021-10-20 13:10:47,5700.0,100.0,3007778.0
105,2021-10-20 13:09:53,5700.0,1000.0,3007678.0
106,2021-10-20 13:09:24,5700.0,900.0,3006678.0
107,2021-10-20 13:08:52,5700.0,1400.0,3005778.0
108,2021-10-20 13:08:49,5700.0,1000.0,3004378.0
109,2021-10-20 13:08:46,5700.0,600.0,3003378.0
110,2021-10-20 13:07:41,5700.0,900.0,3002778.0
111,2021-10-20 13:07:23,5700.0,4800.0,3001878.0
112,2021-10-20 13:06:29,5700.0,1000.0,2997078.0
113,2021-10-20 13:04:35,5700.0,500.0,2996078.0
114,2021-10-20 13:04:10,5700.0,2000.0,2995578.0
115,2021-10-20 13:03:41,5700.0,4700.0,2993578.0
116,2021-10-20 13:03:36,5700.0,5000.0,2988878.0
117,2021-10-20 13:02:14,5700.0,1000.0,2983878.0
118,2021-10-20 13:02:13,5700.0,100.0,2982878.0
119,2021-10-20 13:01:47,5700.0,1500.0,2982778.0
120,2021-10-20 13:01:35,5700.0,500.0,2981278.0
121,2021-10-20 13:01:00,5700.0,5000.0,2980778.0
122,2021-10-20 13:00:12,5700.0,1000.0,2975778.0
123,2021-10-20 13:00:09,5700.0,500.0,2974778.0
124,2021-10-20 13:00:07,5700.0,2400.0,2974278.0
125,2021-10-20 13:00:06,5700.0,200.0,2971878.0
126,2021-10-20 13:00:05,5700.0,30000.0,2971678.0
127,2021-10-20 13:00:04,5700.0,1600.0,2941678.0
128,2021-10-20 13:00:03,5700.0,300.0,2940078.0
129,2021-10-20 11:25:33,5700.0,16400.0,2939778.0
130,2021-10-20 11:23:08,5700.0,1000.0,2923378.0
131,2021-10-20 11:19:35,5700.0,7700.0,2922378.0
132,2021-10-20 11:18:39,5700.0,2900.0,2914678.0
133,2021-10-20 11:18:10,5700.0,400.0,2911778.0
134,2021-10-20 11:17:23,5700.0,400.0,2911378.0
135,2021-10-20 11:16:46,5700.0,500.0,2910978.0
136,2021-10-20 11:15:57,5700.0,2000.0,2910478.0
137,2021-10-20 11:12:45,5700.0,200.0,2908478.0
138,2021-10-20 11:11:37,5700.0,5600.0,2908278.0
139,2021-10-20 11:11:28,5700.0,2000.0,2902678.0
140,2021-10-20 11:11:26,5700.0,3000.0,2900678.0
141,2021-10-20 11:11:25,5700.0,10000.0,2897678.0
142,2021-10-20 11:11:22,5700.0,2000.0,2887678.0
143,2021-10-20 11:11:18,5700.0,2000.0,2885678.0
144,2021-10-20 11:11:12,5700.0,1000.0,2883678.0
145,2021-10-20 11:11:07,5700.0,100.0,2882678.0
146,2021-10-20 11:11:06,5700.0,2300.0,2882578.0
147,2021-10-20 11:11:02,5700.0,10000.0,2880278.0
148,2021-10-20 11:11:01,5700.0,2000.0,2870278.0
149,2021-10-20 11:10:54,5700.0,1000.0,2868278.0
150,2021-10-20 11:10:48,5700.0,1000.0,2867278.0
151,2021-10-20 11:10:32,5700.0,4000.0,2866278.0
152,2021-10-20 11:10:27,5700.0,2000.0,2862278.0
153,2021-10-20 11:10:26,5700.0,3000.0,2860278.0
154,2021-10-20 11:10:21,5700.0,30000.0,2857278.0
155,2021-10-20 11:10:19,5700.0,100.0,2827278.0
156,2021-10-20 11:10:09,5700.0,1300.0,2827178.0
157,2021-10-20 11:09:47,5700.0,200.0,2825878.0
158,2021-10-20 11:09:44,5700.0,3000.0,2825678.0
159,2021-10-20 11:09:43,5700.0,2000.0,2822678.0
160,2021-10-20 11:09:41,5700.0,2500.0,2820678.0
161,2021-10-20 11:09:37,5700.0,6000.0,2818178.0
162,2021-10-20 11:09:33,5700.0,10000.0,2812178.0
163,2021-10-20 11:09:32,5700.0,1600.0,2802178.0
164,2021-10-20 11:09:31,5700.0,1000.0,2800578.0
165,2021-10-20 11:09:30,5700.0,13000.0,2799578.0
166,2021-10-20 11:09:29,5700.0,500.0,2786578.0
167,2021-10-20 11:09:16,5700.0,7400.0,2786078.0
168,2021-10-20 11:09:08,5700.0,1000.0,2778678.0
169,2021-10-20 11:09:04,5700.0,2400.0,2777678.0
170,2021-10-20 11:08:59,5700.0,900.0,2775278.0
171,2021-10-20 11:08:51,5700.0,8200.0,2774378.0
172,2021-10-20 11:08:38,5700.0,2000.0,2766178.0
173,2021-10-20 11:08:36,5700.0,1000.0,2764178.0
174,2021-10-20 11:08:34,5700.0,2000.0,2763178.0
175,2021-10-20 11:08:33,5700.0,200.0,2761178.0
176,2021-10-20 11:08:17,5700.0,3000.0,2760978.0
177,2021-10-20 11:08:07,5600.0,700.0,2757978.0
178,2021-10-20 11:08:05,5600.0,100.0,2757278.0
179,2021-10-20 11:07:54,5600.0,2000.0,2757178.0
180,2021-10-20 11:07:53,5600.0,47900.0,2755178.0
181,2021-10-20 11:07:46,5700.0,100.0,2707278.0
182,2021-10-20 11:07:40,5700.0,200.0,2707178.0
183,2021-10-20 11:07:16,5600.0,500.0,2706978.0
184,2021-10-20 11:07:15,5600.0,200.0,2706478.0
185,2021-10-20 11:07:02,5600.0,4200.0,2706278.0
186,2021-10-20 11:07:01,5600.0,100.0,2702078.0
187,2021-10-20 11:06:55,5700.0,500.0,2701978.0
188,2021-10-20 11:06:50,5700.0,1000.0,2701478.0
189,2021-10-20 11:06:19,5700.0,2000.0,2700478.0
190,2021-10-20 11:06:05,5600.0,10000.0,2698478.0
191,2021-10-20 11:05:42,5700.0,4000.0,2688478.0
192,2021-10-20 11:05:24,5600.0,500.0,2684478.0
193,2021-10-20 11:04:50,5600.0,200.0,2683978.0
194,2021-10-20 11:04:24,5700.0,1000.0,2683778.0
195,2021-10-20 11:03:44,5700.0,400.0,2682778.0
196,2021-10-20 11:02:03,5700.0,5600.0,2682378.0
197,2021-10-20 11:02:01,5700.0,100.0,2676778.0
198,2021-10-20 11:01:10,5700.0,1600.0,2676678.0
199,2021-10-20 11:00:31,5700.0,200.0,2675078.0
200,2021-10-20 10:59:14,5700.0,25200.0,2674878.0
201,2021-10-20 10:58:52,5700.0,100.0,2649678.0
202,2021-10-20 10:58:09,5700.0,700.0,2649578.0
203,2021-10-20 10:57:44,5700.0,19000.0,2648878.0
204,2021-10-20 10:57:34,5600.0,3000.0,2629878.0
205,2021-10-20 10:57:11,5600.0,5000.0,2626878.0
206,2021-10-20 10:56:18,5600.0,500.0,2621878.0
207,2021-10-20 10:56:04,5600.0,4700.0,2621378.0
208,2021-10-20 10:55:42,5600.0,100.0,2616678.0
209,2021-10-20 10:55:36,5600.0,2200.0,2616578.0
210,2021-10-20 10:55:29,5600.0,100.0,2614378.0
211,2021-10-20 10:55:16,5600.0,10000.0,2614278.0
212,2021-10-20 10:55:14,5600.0,2000.0,2604278.0
213,2021-10-20 10:54:56,5600.0,1000.0,2602278.0
214,2021-10-20 10:54:33,5600.0,2000.0,2601278.0
215,2021-10-20 10:54:29,5600.0,7000.0,2599278.0
216,2021-10-20 10:54:08,5600.0,2000.0,2592278.0
217,2021-10-20 10:54:05,5600.0,2000.0,2590278.0
218,2021-10-20 10:53:48,5600.0,2300.0,2588278.0
219,2021-10-20 10:53:43,5600.0,2000.0,2585978.0
220,2021-10-20 10:53:37,5600.0,1700.0,2583978.0
221,2021-10-20 10:53:34,5600.0,400.0,2582278.0
222,2021-10-20 10:53:15,5600.0,10500.0,2581878.0
223,2021-10-20 10:53:01,5600.0,3000.0,2571378.0
224,2021-10-20 10:52:56,5600.0,1900.0,2568378.0
225,2021-10-20 10:52:34,5600.0,5000.0,2566478.0
226,2021-10-20 10:52:12,5600.0,14700.0,2561478.0
227,2021-10-20 10:51:28,5600.0,24000.0,2546778.0
228,2021-10-20 10:51:20,5600.0,2000.0,2522778.0
229,2021-10-20 10:51:18,5600.0,7.0,2520778.0
230,2021-10-20 10:51:05,5600.0,36.0,2520771.0
231,2021-10-20 10:50:53,5600.0,6000.0,2520735.0
232,2021-10-20 10:50:52,5700.0,10000.0,2514735.0
233,2021-10-20 10:50:45,5700.0,500.0,2504735.0
234,2021-10-20 10:50:29,5700.0,5000.0,2504235.0
235,2021-10-20 10:50:21,5700.0,100.0,2499235.0
236,2021-10-20 10:50:18,5700.0,5000.0,2499135.0
237,2021-10-20 10:48:36,5700.0,500.0,2494135.0
238,2021-10-20 10:48:35,5700.0,4000.0,2493635.0
239,2021-10-20 10:48:29,5600.0,3000.0,2489635.0
240,2021-10-20 10:48:26,5700.0,3500.0,2486635.0
241,2021-10-20 10:48:22,5700.0,1000.0,2483135.0
242,2021-10-20 10:47:57,5700.0,1000.0,2482135.0
243,2021-10-20 10:47:56,5700.0,19000.0,2481135.0
244,2021-10-20 10:47:33,5700.0,10000.0,2462135.0
245,2021-10-20 10:47:30,5700.0,2700.0,2452135.0
246,2021-10-20 10:47:21,5700.0,1000.0,2449435.0
247,2021-10-20 10:47:11,5700.0,800.0,2448435.0
248,2021-10-20 10:46:48,5700.0,25.0,2447635.0
249,2021-10-20 10:46:30,5700.0,200.0,2447610.0
250,2021-10-20 10:46:21,5700.0,2100.0,2447410.0
251,2021-10-20 10:45:43,5700.0,900.0,2445310.0
252,2021-10-20 10:45:19,5700.0,2000.0,2444410.0
253,2021-10-20 10:45:14,5700.0,500.0,2442410.0
254,2021-10-20 10:45:13,5700.0,100.0,2441910.0
255,2021-10-20 10:45:02,5700.0,1000.0,2441810.0
256,2021-10-20 10:44:23,5700.0,5000.0,2440810.0
257,2021-10-20 10:44:22,5700.0,100.0,2435810.0
258,2021-10-20 10:44:00,5700.0,4000.0,2435710.0
259,2021-10-20 10:43:53,5700.0,3000.0,2431710.0
260,2021-10-20 10:43:51,5700.0,2000.0,2428710.0
261,2021-10-20 10:43:44,5700.0,1000.0,2426710.0
262,2021-10-20 10:43:41,5700.0,13500.0,2425710.0
263,2021-10-20 10:43:40,5700.0,600.0,2412210.0
264,2021-10-20 10:43:37,5700.0,15600.0,2411610.0
265,2021-10-20 10:43:36,5700.0,200.0,2396010.0
266,2021-10-20 10:43:07,5700.0,14000.0,2395810.0
267,2021-10-20 10:42:59,5700.0,6000.0,2381810.0
268,2021-10-20 10:42:52,5700.0,1400.0,2375810.0
269,2021-10-20 10:42:45,5700.0,6500.0,2374410.0
270,2021-10-20 10:42:23,5700.0,800.0,2367910.0
271,2021-10-20 10:42:12,5600.0,1300.0,2367110.0
272,2021-10-20 10:42:11,5600.0,700.0,2365810.0
273,2021-10-20 10:41:58,5600.0,1500.0,2365110.0
274,2021-10-20 10:41:54,5600.0,1500.0,2363610.0
275,2021-10-20 10:41:52,5500.0,400.0,2362110.0
276,2021-10-20 10:41:38,5600.0,1000.0,2361710.0
277,2021-10-20 10:41:19,5600.0,1800.0,2360710.0
278,2021-10-20 10:41:14,5600.0,1000.0,2358910.0
279,2021-10-20 10:41:10,5600.0,200.0,2357910.0
280,2021-10-20 10:41:03,5600.0,2300.0,2357710.0
281,2021-10-20 10:41:02,5600.0,2000.0,2355410.0
282,2021-10-20 10:41:01,5600.0,500.0,2353410.0
283,2021-10-20 10:41:00,5600.0,5000.0,2352910.0
284,2021-10-20 10:40:49,5600.0,10000.0,2347910.0
285,2021-10-20 10:40:45,5600.0,100.0,2337910.0
286,2021-10-20 10:40:44,5600.0,100.0,2337810.0
287,2021-10-20 10:40:40,5600.0,21300.0,2337710.0
288,2021-10-20 10:40:31,5600.0,1000.0,2316410.0
289,2021-10-20 10:40:17,5600.0,9000.0,2315410.0
290,2021-10-20 10:40:08,5600.0,100.0,2306410.0
291,2021-10-20 10:39:58,5600.0,200.0,2306310.0
292,2021-10-20 10:39:51,5600.0,300.0,2306110.0
293,2021-10-20 10:39:46,5600.0,63200.0,2305810.0
294,2021-10-20 10:39:36,5700.0,5000.0,2242610.0
295,2021-10-20 10:39:30,5700.0,5000.0,2237610.0
296,2021-10-20 10:39:26,5700.0,400.0,2232610.0
297,2021-10-20 10:38:52,5700.0,5000.0,2232210.0
298,2021-10-20 10:38:45,5700.0,6000.0,2227210.0
299,2021-10-20 10:38:42,5700.0,1000.0,2221210.0
300,2021-10-20 10:38:31,5700.0,1700.0,2220210.0
301,2021-10-20 10:38:27,5700.0,7200.0,2218510.0
302,2021-10-20 10:38:19,5700.0,3000.0,2211310.0
303,2021-10-20 10:38:12,5700.0,1600.0,2208310.0
304,2021-10-20 10:38:03,5700.0,100.0,2206710.0
305,2021-10-20 10:37:55,5700.0,600.0,2206610.0
306,2021-10-20 10:37:54,5700.0,10000.0,2206010.0
307,2021-10-20 10:37:48,5700.0,2000.0,2196010.0
308,2021-10-20 10:37:46,5700.0,5000.0,2194010.0
309,2021-10-20 10:37:25,5700.0,1200.0,2189010.0
310,2021-10-20 10:37:24,5700.0,4000.0,2187810.0
311,2021-10-20 10:37:22,5700.0,5000.0,2183810.0
312,2021-10-20 10:37:20,5700.0,3000.0,2178810.0
313,2021-10-20 10:37:19,5700.0,20800.0,2175810.0
314,2021-10-20 10:37:14,5700.0,2000.0,2155010.0
315,2021-10-20 10:37:06,5700.0,3000.0,2153010.0
316,2021-10-20 10:37:04,5700.0,20000.0,2150010.0
317,2021-10-20 10:37:02,5700.0,5000.0,2130010.0
318,2021-10-20 10:36:59,5700.0,500.0,2125010.0
319,2021-10-20 10:36:54,5700.0,2500.0,2124510.0
320,2021-10-20 10:36:51,5700.0,500.0,2122010.0
321,2021-10-20 10:36:48,5700.0,5000.0,2121510.0
322,2021-10-20 10:36:46,5700.0,400.0,2116510.0
323,2021-10-20 10:36:38,5700.0,2000.0,2116110.0
324,2021-10-20 10:36:30,5700.0,5100.0,2114110.0
325,2021-10-20 10:36:27,5700.0,2000.0,2109010.0
326,2021-10-20 10:36:23,5700.0,4000.0,2107010.0
327,2021-10-20 10:36:22,5700.0,5400.0,2103010.0
328,2021-10-20 10:36:15,5700.0,7800.0,2097610.0
329,2021-10-20 10:36:14,5700.0,5000.0,2089810.0
330,2021-10-20 10:36:11,5700.0,12000.0,2084810.0
331,2021-10-20 10:36:10,5700.0,9300.0,2072810.0
332,2021-10-20 10:36:08,5700.0,4800.0,2063510.0
333,2021-10-20 10:36:06,5700.0,1700.0,2058710.0
334,2021-10-20 10:36:03,5700.0,140000.0,2057010.0
335,2021-10-20 10:36:02,5700.0,2000.0,1917010.0
336,2021-10-20 10:35:55,5700.0,6500.0,1915010.0
337,2021-10-20 10:35:50,5700.0,1000.0,1908510.0
338,2021-10-20 10:35:48,5700.0,2000.0,1907510.0
339,2021-10-20 10:35:43,5700.0,3200.0,1905510.0
340,2021-10-20 10:35:41,5700.0,5000.0,1902310.0
341,2021-10-20 10:35:29,5700.0,9000.0,1897310.0
342,2021-10-20 10:35:26,5700.0,32000.0,1888310.0
343,2021-10-20 10:35:25,5700.0,11800.0,1856310.0
344,2021-10-20 10:35:19,5700.0,8000.0,1844510.0
345,2021-10-20 10:35:12,5700.0,600.0,1836510.0
346,2021-10-20 10:35:10,5700.0,1000.0,1835910.0
347,2021-10-20 10:35:01,5700.0,20000.0,1834910.0
348,2021-10-20 10:34:53,5700.0,20000.0,1814910.0
349,2021-10-20 10:34:32,5700.0,15000.0,1794910.0
350,2021-10-20 10:34:28,5700.0,30000.0,1779910.0
351,2021-10-20 10:34:23,5600.0,1000.0,1749910.0
352,2021-10-20 10:34:16,5700.0,1400.0,1748910.0
353,2021-10-20 10:34:11,5700.0,30000.0,1747510.0
354,2021-10-20 10:34:02,5700.0,3000.0,1717510.0
355,2021-10-20 10:34:01,5700.0,1200.0,1714510.0
356,2021-10-20 10:33:59,5700.0,800.0,1713310.0
357,2021-10-20 10:33:57,5700.0,2500.0,1712510.0
358,2021-10-20 10:33:56,5700.0,3000.0,1710010.0
359,2021-10-20 10:33:54,5700.0,2000.0,1707010.0
360,2021-10-20 10:33:51,5700.0,110400.0,1705010.0
361,2021-10-20 10:33:40,5700.0,20000.0,1594610.0
362,2021-10-20 10:33:31,5700.0,800.0,1574610.0
363,2021-10-20 10:33:20,5700.0,20000.0,1573810.0
364,2021-10-20 10:33:17,5700.0,2000.0,1553810.0
365,2021-10-20 10:33:05,5700.0,200.0,1551810.0
366,2021-10-20 10:33:00,5700.0,500.0,1551610.0
367,2021-10-20 10:32:59,5700.0,100000.0,1551110.0
368,2021-10-20 10:32:41,5700.0,20000.0,1451110.0
369,2021-10-20 10:32:34,5700.0,400.0,1431110.0
370,2021-10-20 10:32:30,5700.0,100.0,1430710.0
371,2021-10-20 10:32:23,5700.0,50000.0,1430610.0
372,2021-10-20 10:31:44,5700.0,2000.0,1380610.0
373,2021-10-20 10:31:15,5700.0,24500.0,1378610.0
374,2021-10-20 10:31:02,5700.0,500.0,1354110.0
375,2021-10-20 10:30:49,5600.0,40.0,1353610.0
376,2021-10-20 10:29:57,5600.0,13000.0,1353570.0
377,2021-10-20 10:29:34,5600.0,3000.0,1340570.0
378,2021-10-20 10:29:33,5600.0,1000.0,1337570.0
379,2021-10-20 10:29:30,5600.0,2600.0,1336570.0
380,2021-10-20 10:29:29,5600.0,1600.0,1333970.0
381,2021-10-20 10:29:22,5600.0,2000.0,1332370.0
382,2021-10-20 10:29:21,5600.0,500.0,1330370.0
383,2021-10-20 10:29:16,5600.0,10000.0,1329870.0
384,2021-10-20 10:29:12,5600.0,2000.0,1319870.0
385,2021-10-20 10:29:09,5600.0,100000.0,1317870.0
386,2021-10-20 10:29:06,5600.0,2000.0,1217870.0
387,2021-10-20 10:29:02,5600.0,3000.0,1215870.0
388,2021-10-20 10:28:53,5600.0,3000.0,1212870.0
389,2021-10-20 10:28:48,5600.0,1000.0,1209870.0
390,2021-10-20 10:28:47,5600.0,500.0,1208870.0
391,2021-10-20 10:28:33,5600.0,5000.0,1208370.0
392,2021-10-20 10:28:11,5600.0,2000.0,1203370.0
393,2021-10-20 10:27:53,5500.0,200.0,1201370.0
394,2021-10-20 10:27:51,5500.0,900.0,1201170.0
395,2021-10-20 10:27:18,5500.0,2000.0,1200270.0
396,2021-10-20 10:27:00,5500.0,200.0,1198270.0
397,2021-10-20 10:26:48,5500.0,1000.0,1198070.0
398,2021-10-20 10:26:31,5500.0,100.0,1197070.0
399,2021-10-20 10:25:57,5500.0,10.0,1196970.0
400,2021-10-20 10:24:49,5500.0,600.0,1196960.0
401,2021-10-20 10:24:42,5600.0,500.0,1196360.0
402,2021-10-20 10:24:29,5500.0,800.0,1195860.0
403,2021-10-20 10:24:23,5500.0,200.0,1195060.0
404,2021-10-20 10:24:15,5500.0,500.0,1194860.0
405,2021-10-20 10:24:02,5500.0,100.0,1194360.0
406,2021-10-20 10:23:50,5500.0,19800.0,1194260.0
407,2021-10-20 10:23:45,5500.0,14000.0,1174460.0
408,2021-10-20 10:23:42,5500.0,5000.0,1160460.0
409,2021-10-20 10:23:41,5500.0,1000.0,1155460.0
410,2021-10-20 10:23:34,5500.0,17200.0,1154460.0
411,2021-10-20 10:23:24,5500.0,100000.0,1137260.0
412,2021-10-20 10:23:21,5500.0,5000.0,1037260.0
413,2021-10-20 10:22:58,5400.0,1000.0,1032260.0
414,2021-10-20 10:22:54,5500.0,500.0,1031260.0
415,2021-10-20 10:22:42,5500.0,1000.0,1030760.0
416,2021-10-20 10:22:39,5500.0,2000.0,1029760.0
417,2021-10-20 10:22:37,5500.0,4000.0,1027760.0
418,2021-10-20 10:22:23,5500.0,5000.0,1023760.0
419,2021-10-20 10:22:22,5500.0,500.0,1018760.0
420,2021-10-20 10:22:18,5500.0,4000.0,1018260.0
421,2021-10-20 10:22:13,5500.0,15000.0,1014260.0
422,2021-10-20 10:22:04,5500.0,600.0,999260.0
423,2021-10-20 10:22:00,5500.0,30.0,998660.0
424,2021-10-20 10:21:43,5500.0,300.0,998630.0
425,2021-10-20 10:21:40,5500.0,500.0,998330.0
426,2021-10-20 10:21:37,5500.0,15000.0,997830.0
427,2021-10-20 10:21:27,5500.0,700.0,982830.0
428,2021-10-20 10:21:18,5500.0,7000.0,982130.0
429,2021-10-20 10:21:16,5500.0,10000.0,975130.0
430,2021-10-20 10:21:14,5500.0,60200.0,965130.0
431,2021-10-20 10:21:11,5500.0,8000.0,904930.0
432,2021-10-20 10:21:03,5500.0,1000.0,896930.0
433,2021-10-20 10:20:52,5500.0,2000.0,895930.0
434,2021-10-20 10:20:36,5500.0,100.0,893930.0
435,2021-10-20 10:20:24,5500.0,10000.0,893830.0
436,2021-10-20 10:19:59,5500.0,2200.0,883830.0
437,2021-10-20 10:19:48,5400.0,50000.0,881630.0
438,2021-10-20 10:19:38,5500.0,800.0,831630.0
439,2021-10-20 10:19:30,5400.0,500.0,830830.0
440,2021-10-20 10:19:17,5500.0,10000.0,830330.0
441,2021-10-20 10:19:15,5500.0,3000.0,820330.0
442,2021-10-20 10:19:04,5400.0,800.0,817330.0
443,2021-10-20 10:18:52,5500.0,300.0,816530.0
444,2021-10-20 10:18:46,5400.0,2500.0,816230.0
445,2021-10-20 10:18:37,5400.0,500.0,813730.0
446,2021-10-20 10:18:34,5500.0,8000.0,813230.0
447,2021-10-20 10:18:30,5400.0,2000.0,805230.0
448,2021-10-20 10:18:29,5400.0,500.0,803230.0
449,2021-10-20 10:18:24,5500.0,20000.0,802730.0
450,2021-10-20 10:18:22,5500.0,15000.0,782730.0
451,2021-10-20 10:18:15,5500.0,20000.0,767730.0
452,2021-10-20 10:17:36,5400.0,3900.0,747730.0
453,2021-10-20 10:17:26,5400.0,500.0,743830.0
454,2021-10-20 10:17:20,5400.0,3000.0,743330.0
455,2021-10-20 10:17:10,5500.0,500.0,740330.0
456,2021-10-20 10:16:57,5400.0,1000.0,739830.0
457,2021-10-20 10:16:56,5500.0,500.0,738830.0
458,2021-10-20 10:16:45,5500.0,1000.0,738330.0
459,2021-10-20 10:16:05,5400.0,10000.0,737330.0
460,2021-10-20 10:15:50,5400.0,5000.0,727330.0
461,2021-10-20 10:15:18,5400.0,200.0,722330.0
462,2021-10-20 10:14:41,5400.0,600.0,722130.0
463,2021-10-20 10:14:06,5400.0,500.0,721530.0
464,2021-10-20 10:14:05,5500.0,1000.0,721030.0
465,2021-10-20 10:13:47,5500.0,1000.0,720030.0
466,2021-10-20 10:13:21,5400.0,600.0,719030.0
467,2021-10-20 10:13:18,5400.0,46200.0,718430.0
468,2021-10-20 10:13:15,5400.0,5800.0,672230.0
469,2021-10-20 10:13:12,5400.0,3900.0,666430.0
470,2021-10-20 10:13:05,5400.0,8200.0,662530.0
471,2021-10-20 10:12:48,5400.0,5000.0,654330.0
472,2021-10-20 10:12:46,5400.0,4300.0,649330.0
473,2021-10-20 10:12:36,5400.0,100.0,645030.0
474,2021-10-20 10:12:35,5300.0,500.0,644930.0
475,2021-10-20 10:12:27,5300.0,800.0,644430.0
476,2021-10-20 10:12:20,5300.0,500.0,643630.0
477,2021-10-20 10:12:07,5300.0,3000.0,643130.0
478,2021-10-20 10:12:04,5400.0,6600.0,640130.0
479,2021-10-20 10:12:00,5400.0,15000.0,633530.0
480,2021-10-20 10:11:52,5400.0,5300.0,618530.0
481,2021-10-20 10:11:45,5300.0,1400.0,613230.0
482,2021-10-20 10:11:32,5300.0,1000.0,611830.0
483,2021-10-20 10:11:30,5400.0,500.0,610830.0
484,2021-10-20 10:11:12,5400.0,8300.0,610330.0
485,2021-10-20 10:11:07,5400.0,500.0,602030.0
486,2021-10-20 10:11:04,5400.0,100.0,601530.0
487,2021-10-20 10:10:43,5400.0,2700.0,601430.0
488,2021-10-20 10:10:37,5400.0,1000.0,598730.0
489,2021-10-20 10:10:31,5400.0,10000.0,597730.0
490,2021-10-20 10:10:23,5400.0,5100.0,587730.0
491,2021-10-20 10:09:59,5400.0,18000.0,582630.0
492,2021-10-20 10:09:37,5300.0,10000.0,564630.0
493,2021-10-20 10:09:20,5300.0,700.0,554630.0
494,2021-10-20 10:08:33,5400.0,400.0,553930.0
495,2021-10-20 10:08:13,5300.0,300.0,553530.0
496,2021-10-20 10:07:30,5300.0,3600.0,553230.0
497,2021-10-20 10:07:28,5400.0,1700.0,549630.0
498,2021-10-20 10:07:11,5300.0,5000.0,547930.0
499,2021-10-20 10:07:09,5400.0,2000.0,542930.0
500,2021-10-20 10:06:26,5300.0,1000.0,540930.0
501,2021-10-20 10:06:21,5400.0,6000.0,539930.0
502,2021-10-20 10:06:09,5400.0,500.0,533930.0
503,2021-10-20 10:05:45,5400.0,4000.0,533430.0
504,2021-10-20 10:05:35,5400.0,500.0,529430.0
505,2021-10-20 10:05:22,5400.0,10000.0,528930.0
506,2021-10-20 10:04:59,5400.0,300.0,518930.0
507,2021-10-20 10:04:31,5300.0,500.0,518630.0
508,2021-10-20 10:04:08,5300.0,7000.0,518130.0
509,2021-10-20 10:02:59,5300.0,300.0,511130.0
510,2021-10-20 10:02:12,5300.0,2000.0,510830.0
511,2021-10-20 10:02:09,5300.0,10700.0,508830.0
512,2021-10-20 10:02:08,5300.0,15000.0,498130.0
513,2021-10-20 10:02:06,5300.0,9000.0,483130.0
514,2021-10-20 10:02:05,5300.0,100.0,474130.0
515,2021-10-20 10:01:58,5300.0,1200.0,474030.0
516,2021-10-20 10:01:56,5300.0,1000.0,472830.0
517,2021-10-20 10:01:54,5300.0,20000.0,471830.0
518,2021-10-20 10:01:51,5300.0,500.0,451830.0
519,2021-10-20 10:01:47,5300.0,33500.0,451330.0
520,2021-10-20 10:01:37,5300.0,1000.0,417830.0
521,2021-10-20 10:01:31,5300.0,9800.0,416830.0
522,2021-10-20 10:01:13,5300.0,1000.0,407030.0
523,2021-10-20 10:00:56,5300.0,1500.0,406030.0
524,2021-10-20 10:00:39,5300.0,10000.0,404530.0
525,2021-10-20 10:00:10,5300.0,3000.0,394530.0
526,2021-10-20 10:00:07,5300.0,2000.0,391530.0
527,2021-10-20 09:59:26,5300.0,1000.0,389530.0
528,2021-10-20 09:59:22,5300.0,500.0,388530.0
529,2021-10-20 09:59:19,5300.0,1000.0,388030.0
530,2021-10-20 09:59:10,5300.0,600.0,387030.0
531,2021-10-20 09:58:59,5300.0,8500.0,386430.0
532,2021-10-20 09:58:18,5300.0,4100.0,377930.0
533,2021-10-20 09:57:34,5300.0,100.0,373830.0
534,2021-10-20 09:57:30,5300.0,600.0,373730.0
535,2021-10-20 09:56:49,5300.0,1000.0,373130.0
536,2021-10-20 09:56:46,5300.0,100.0,372130.0
537,2021-10-20 09:56:27,5300.0,2000.0,372030.0
538,2021-10-20 09:56:03,5300.0,3000.0,370030.0
539,2021-10-20 09:55:32,5300.0,5000.0,367030.0
540,2021-10-20 09:54:47,5300.0,500.0,362030.0
541,2021-10-20 09:54:11,5300.0,1000.0,361530.0
542,2021-10-20 09:51:37,5200.0,100.0,360530.0
543,2021-10-20 09:49:16,5300.0,100.0,360430.0
544,2021-10-20 09:48:39,5300.0,200.0,360330.0
545,2021-10-20 09:46:07,5200.0,10800.0,360130.0
546,2021-10-20 09:46:04,5200.0,100.0,349330.0
547,2021-10-20 09:45:51,5200.0,3000.0,349230.0
548,2021-10-20 09:45:38,5200.0,500.0,346230.0
549,2021-10-20 09:44:25,5200.0,10000.0,345730.0
550,2021-10-20 09:44:13,5100.0,500.0,335730.0
551,2021-10-20 09:44:02,5200.0,500.0,335230.0
552,2021-10-20 09:43:42,5200.0,700.0,334730.0
553,2021-10-20 09:43:17,5200.0,2000.0,334030.0
554,2021-10-20 09:42:40,5200.0,200.0,332030.0
555,2021-10-20 09:42:14,5200.0,1000.0,331830.0
556,2021-10-20 09:42:04,5200.0,2000.0,330830.0
557,2021-10-20 09:41:59,5200.0,25200.0,328830.0
558,2021-10-20 09:41:05,5200.0,100.0,303630.0
559,2021-10-20 09:40:08,5200.0,4500.0,303530.0
560,2021-10-20 09:40:04,5200.0,8300.0,299030.0
561,2021-10-20 09:40:03,5200.0,5000.0,290730.0
562,2021-10-20 09:39:59,5200.0,2000.0,285730.0
563,2021-10-20 09:39:57,5200.0,10000.0,283730.0
564,2021-10-20 09:39:49,5200.0,1000.0,273730.0
565,2021-10-20 09:39:45,5200.0,5000.0,272730.0
566,2021-10-20 09:39:28,5200.0,1000.0,267730.0
567,2021-10-20 09:39:00,5200.0,20000.0,266730.0
568,2021-10-20 09:38:44,5200.0,5800.0,246730.0
569,2021-10-20 09:37:47,5200.0,2000.0,240930.0
570,2021-10-20 09:37:33,5200.0,700.0,238930.0
571,2021-10-20 09:36:56,5200.0,6200.0,238230.0
572,2021-10-20 09:36:54,5200.0,5000.0,232030.0
573,2021-10-20 09:35:31,5200.0,300.0,227030.0
574,2021-10-20 09:35:27,5200.0,100.0,226730.0
575,2021-10-20 09:35:06,5200.0,5000.0,226630.0
576,2021-10-20 09:34:28,5200.0,400.0,221630.0
577,2021-10-20 09:34:17,5200.0,200.0,221230.0
578,2021-10-20 09:34:05,5200.0,100.0,221030.0
579,2021-10-20 09:33:52,5200.0,500.0,220930.0
580,2021-10-20 09:33:47,5200.0,100.0,220430.0
581,2021-10-20 09:33:43,5200.0,6100.0,220330.0
582,2021-10-20 09:33:39,5200.0,100.0,214230.0
583,2021-10-20 09:33:20,5200.0,5000.0,214130.0
584,2021-10-20 09:33:19,5200.0,3700.0,209130.0
585,2021-10-20 09:33:15,5200.0,10000.0,205430.0
586,2021-10-20 09:33:02,5200.0,100.0,195430.0
587,2021-10-20 09:32:34,5200.0,100.0,195330.0
588,2021-10-20 09:32:30,5200.0,24900.0,195230.0
589,2021-10-20 09:31:42,5200.0,12600.0,170330.0
590,2021-10-20 09:31:12,5200.0,10000.0,157730.0
591,2021-10-20 09:30:47,5200.0,13600.0,147730.0
592,2021-10-20 09:30:29,5200.0,5000.0,134130.0
593,2021-10-20 09:29:52,5200.0,2300.0,129130.0
594,2021-10-20 09:29:42,5200.0,10000.0,126830.0
595,2021-10-20 09:29:06,5200.0,300.0,116830.0
596,2021-10-20 09:29:01,5200.0,200.0,116530.0
597,2021-10-20 09:28:00,5200.0,20000.0,116330.0
598,2021-10-20 09:27:49,5200.0,10000.0,96330.0
599,2021-10-20 09:25:37,5200.0,1800.0,86330.0
600,2021-10-20 09:25:25,5200.0,3000.0,84530.0
601,2021-10-20 09:23:54,5200.0,5000.0,81530.0
602,2021-10-20 09:23:21,5200.0,500.0,76530.0
603,2021-10-20 09:22:41,5200.0,200.0,76030.0
604,2021-10-20 09:22:30,5200.0,300.0,75830.0
605,2021-10-20 09:21:59,5200.0,1000.0,75530.0
606,2021-10-20 09:21:09,5200.0,25000.0,74530.0
607,2021-10-20 09:20:42,5300.0,1.0,49530.0
608,2021-10-20 09:20:30,5300.0,100.0,49529.0
609,2021-10-20 09:20:17,5200.0,1.0,49429.0
610,2021-10-20 09:19:55,5200.0,1.0,49428.0
611,2021-10-20 09:19:44,5200.0,100.0,49427.0
612,2021-10-20 09:19:36,5300.0,1.0,49327.0
613,2021-10-20 09:19:16,5300.0,600.0,49326.0
614,2021-10-20 09:19:14,5300.0,200.0,48726.0
615,2021-10-20 09:18:24,5300.0,500.0,48526.0
616,2021-10-20 09:18:03,5300.0,20700.0,48026.0
617,2021-10-20 09:15:21,5300.0,25.0,27326.0
618,2021-10-20 09:14:46,5300.0,1600.0,27301.0
619,2021-10-20 09:14:36,5300.0,3000.0,25701.0
620,2021-10-20 09:12:57,5300.0,200.0,22701.0
621,2021-10-20 09:12:53,5300.0,300.0,22501.0
622,2021-10-20 09:12:52,5300.0,1.0,22201.0
623,2021-10-20 09:12:15,5300.0,100.0,22200.0
624,2021-10-20 09:09:54,5200.0,700.0,22100.0
625,2021-10-20 09:06:48,5200.0,400.0,21400.0
626,2021-10-20 09:06:07,5200.0,7500.0,21000.0
627,2021-10-20 09:05:38,5200.0,9000.0,13500.0
628,2021-10-20 09:03:30,5200.0,200.0,4500.0
629,2021-10-20 09:01:43,5200.0,3000.0,4300.0
630,2021-10-20 09:00:15,5200.0,500.0,1300.0
631,2021-10-20 09:00:10,5200.0,500.0,800.0
632,2021-10-20 09:00:04,5200.0,300.0,300.0
