,Time,Price,Volume_per_trade,Volume
0,2021-10-18 07:45:01,8760.0,2000.0,1208700.0
1,2021-10-18 07:45:01,8760.0,1000.0,1206700.0
2,2021-10-18 07:45:01,8760.0,300.0,1205700.0
3,2021-10-18 07:45:01,8760.0,1800.0,1205400.0
4,2021-10-18 07:45:01,8760.0,10900.0,1203600.0
5,2021-10-18 07:45:01,8760.0,500.0,1192700.0
6,2021-10-18 07:45:01,8760.0,1900.0,1192200.0
7,2021-10-18 07:45:01,8760.0,700.0,1190300.0
8,2021-10-18 07:45:01,8760.0,800.0,1189600.0
9,2021-10-18 07:45:01,8760.0,1200.0,1188800.0
10,2021-10-18 07:45:01,8760.0,1000.0,1187600.0
11,2021-10-18 07:45:01,8760.0,2800.0,1186600.0
12,2021-10-18 07:45:01,8760.0,900.0,1183800.0
13,2021-10-18 07:45:01,8760.0,100.0,1182900.0
14,2021-10-18 07:30:00,8740.0,100.0,1182800.0
15,2021-10-18 07:30:00,8750.0,1000.0,1182700.0
16,2021-10-18 07:29:54,8750.0,200.0,1181700.0
17,2021-10-18 07:29:54,8750.0,300.0,1181500.0
18,2021-10-18 07:29:48,8750.0,200.0,1181200.0
19,2021-10-18 07:29:45,8750.0,300.0,1181000.0
20,2021-10-18 07:29:29,8760.0,200.0,1180700.0
21,2021-10-18 07:29:29,8750.0,100.0,1180500.0
22,2021-10-18 07:29:20,8750.0,300.0,1180400.0
23,2021-10-18 07:29:20,8750.0,200.0,1180100.0
24,2021-10-18 07:29:20,8750.0,1000.0,1179900.0
25,2021-10-18 07:29:20,8750.0,400.0,1178900.0
26,2021-10-18 07:29:13,8750.0,2000.0,1178500.0
27,2021-10-18 07:29:08,8760.0,500.0,1176500.0
28,2021-10-18 07:29:04,8750.0,600.0,1176000.0
29,2021-10-18 07:29:04,8750.0,2000.0,1175400.0
30,2021-10-18 07:29:00,8750.0,800.0,1173400.0
31,2021-10-18 07:28:51,8750.0,200.0,1172600.0
32,2021-10-18 07:28:43,8750.0,1000.0,1172400.0
33,2021-10-18 07:28:25,8750.0,1000.0,1171400.0
34,2021-10-18 07:28:23,8760.0,300.0,1170400.0
35,2021-10-18 07:27:57,8760.0,1000.0,1170100.0
36,2021-10-18 07:27:43,8760.0,1500.0,1169100.0
37,2021-10-18 07:27:28,8760.0,100.0,1167600.0
38,2021-10-18 07:27:03,8760.0,1000.0,1167500.0
39,2021-10-18 07:26:51,8760.0,3900.0,1166500.0
40,2021-10-18 07:26:51,8760.0,600.0,1162600.0
41,2021-10-18 07:26:51,8760.0,500.0,1162000.0
42,2021-10-18 07:26:48,8760.0,500.0,1161500.0
43,2021-10-18 07:26:48,8760.0,500.0,1161000.0
44,2021-10-18 07:26:43,8760.0,200.0,1160500.0
45,2021-10-18 07:26:37,8750.0,1000.0,1160300.0
46,2021-10-18 07:26:26,8750.0,400.0,1159300.0
47,2021-10-18 07:26:06,8760.0,300.0,1158900.0
48,2021-10-18 07:25:49,8760.0,5000.0,1158600.0
49,2021-10-18 07:25:31,8760.0,100.0,1153600.0
50,2021-10-18 07:25:25,8760.0,300.0,1153500.0
51,2021-10-18 07:25:22,8760.0,1100.0,1153200.0
52,2021-10-18 07:25:05,8760.0,200.0,1152100.0
53,2021-10-18 07:25:04,8750.0,1900.0,1151900.0
54,2021-10-18 07:25:04,8750.0,100.0,1150000.0
55,2021-10-18 07:24:54,8750.0,700.0,1149900.0
56,2021-10-18 07:24:37,8750.0,100.0,1149200.0
57,2021-10-18 07:24:37,8750.0,200.0,1149100.0
58,2021-10-18 07:24:30,8750.0,800.0,1148900.0
59,2021-10-18 07:24:21,8750.0,200.0,1148100.0
60,2021-10-18 07:24:21,8750.0,300.0,1147900.0
61,2021-10-18 07:24:08,8750.0,200.0,1147600.0
62,2021-10-18 07:23:23,8450.0,1200.0,1147400.0
63,2021-10-18 07:23:23,8480.0,200.0,1146200.0
64,2021-10-18 07:23:23,8500.0,1000.0,1146000.0
65,2021-10-18 07:23:23,8500.0,200.0,1145000.0
66,2021-10-18 07:23:23,8600.0,100.0,1144800.0
67,2021-10-18 07:23:23,8600.0,500.0,1144700.0
68,2021-10-18 07:23:23,8680.0,600.0,1144200.0
69,2021-10-18 07:23:23,8690.0,100.0,1143600.0
70,2021-10-18 07:23:23,8700.0,1400.0,1143500.0
71,2021-10-18 07:23:23,8700.0,800.0,1142100.0
72,2021-10-18 07:23:23,8700.0,3000.0,1141300.0
73,2021-10-18 07:23:23,8700.0,200.0,1138300.0
74,2021-10-18 07:23:23,8700.0,100.0,1138100.0
75,2021-10-18 07:23:23,8730.0,400.0,1138000.0
76,2021-10-18 07:23:23,8740.0,200.0,1137600.0
77,2021-10-18 07:23:22,8750.0,1400.0,1137400.0
78,2021-10-18 07:23:18,8750.0,200.0,1136000.0
79,2021-10-18 07:23:17,8750.0,200.0,1135800.0
80,2021-10-18 07:23:02,8750.0,1800.0,1135600.0
81,2021-10-18 07:23:02,8750.0,200.0,1133800.0
82,2021-10-18 07:22:58,8750.0,100.0,1133600.0
83,2021-10-18 07:22:53,8750.0,700.0,1133500.0
84,2021-10-18 07:22:53,8750.0,1300.0,1132800.0
85,2021-10-18 07:22:47,8750.0,200.0,1131500.0
86,2021-10-18 07:22:40,8750.0,300.0,1131300.0
87,2021-10-18 07:21:58,8750.0,200.0,1131000.0
88,2021-10-18 07:21:58,8750.0,100.0,1130800.0
89,2021-10-18 07:21:44,8750.0,200.0,1130700.0
90,2021-10-18 07:21:15,8750.0,1200.0,1130500.0
91,2021-10-18 07:21:08,8750.0,300.0,1129300.0
92,2021-10-18 07:21:08,8750.0,700.0,1129000.0
93,2021-10-18 07:20:31,8750.0,300.0,1128300.0
94,2021-10-18 07:20:31,8750.0,500.0,1128000.0
95,2021-10-18 07:20:31,8750.0,300.0,1127500.0
96,2021-10-18 07:20:31,8760.0,1500.0,1127200.0
97,2021-10-18 07:20:31,8760.0,1000.0,1125700.0
98,2021-10-18 07:20:31,8760.0,600.0,1124700.0
99,2021-10-18 07:20:31,8760.0,800.0,1124100.0
100,2021-10-18 07:20:28,8760.0,1200.0,1123300.0
101,2021-10-18 07:20:28,8760.0,1000.0,1122100.0
102,2021-10-18 07:20:28,8760.0,800.0,1121100.0
103,2021-10-18 07:20:17,8760.0,200.0,1120300.0
104,2021-10-18 07:20:17,8760.0,1500.0,1120100.0
105,2021-10-18 07:20:17,8760.0,2000.0,1118600.0
106,2021-10-18 07:20:17,8760.0,300.0,1116600.0
107,2021-10-18 07:20:17,8760.0,400.0,1116300.0
108,2021-10-18 07:20:17,8760.0,500.0,1115900.0
109,2021-10-18 07:20:17,8760.0,100.0,1115400.0
110,2021-10-18 07:20:17,8760.0,100.0,1115300.0
111,2021-10-18 07:20:17,8760.0,200.0,1115200.0
112,2021-10-18 07:20:17,8760.0,1000.0,1115000.0
113,2021-10-18 07:20:17,8760.0,400.0,1114000.0
114,2021-10-18 07:20:05,8760.0,3000.0,1113600.0
115,2021-10-18 07:20:04,8760.0,1300.0,1110600.0
116,2021-10-18 07:19:27,8760.0,300.0,1109300.0
117,2021-10-18 07:18:19,8760.0,2500.0,1109000.0
118,2021-10-18 07:18:19,8760.0,500.0,1106500.0
119,2021-10-18 07:18:19,8760.0,2000.0,1106000.0
120,2021-10-18 07:17:45,8760.0,200.0,1104000.0
121,2021-10-18 07:17:44,8760.0,100.0,1103800.0
122,2021-10-18 07:17:36,8760.0,3000.0,1103700.0
123,2021-10-18 07:17:31,8760.0,11600.0,1100700.0
124,2021-10-18 07:17:19,8760.0,1000.0,1089100.0
125,2021-10-18 07:17:16,8760.0,5000.0,1088100.0
126,2021-10-18 07:16:53,8760.0,26600.0,1083100.0
127,2021-10-18 07:16:53,8760.0,2400.0,1056500.0
128,2021-10-18 07:16:53,8760.0,1000.0,1054100.0
129,2021-10-18 07:16:53,8760.0,100.0,1053100.0
130,2021-10-18 07:16:53,8760.0,6900.0,1053000.0
131,2021-10-18 07:16:53,8760.0,100.0,1046100.0
132,2021-10-18 07:16:53,8760.0,300.0,1046000.0
133,2021-10-18 07:16:53,8760.0,200.0,1045700.0
134,2021-10-18 07:16:53,8760.0,5000.0,1045500.0
135,2021-10-18 07:16:53,8760.0,100.0,1040500.0
136,2021-10-18 07:16:53,8760.0,2000.0,1040400.0
137,2021-10-18 07:16:53,8760.0,300.0,1038400.0
138,2021-10-18 07:16:53,8760.0,200.0,1038100.0
139,2021-10-18 07:16:53,8760.0,300.0,1037900.0
140,2021-10-18 07:16:53,8760.0,1100.0,1037600.0
141,2021-10-18 07:00:51,8760.0,900.0,1036500.0
142,2021-10-18 07:00:51,8760.0,200.0,1035600.0
143,2021-10-18 07:00:51,8760.0,1400.0,1035400.0
144,2021-10-18 07:00:51,8760.0,500.0,1034000.0
145,2021-10-18 06:58:54,8760.0,500.0,1033500.0
146,2021-10-18 06:58:54,8760.0,3500.0,1033000.0
147,2021-10-18 06:57:51,8760.0,1500.0,1029500.0
148,2021-10-18 06:57:51,8760.0,1000.0,1028000.0
149,2021-10-18 06:57:51,8760.0,100.0,1027000.0
150,2021-10-18 06:57:51,8760.0,500.0,1026900.0
151,2021-10-18 06:57:51,8760.0,1900.0,1026400.0
152,2021-10-18 06:57:01,8760.0,1000.0,1024500.0
153,2021-10-18 06:56:23,8760.0,100.0,1023500.0
154,2021-10-18 06:56:23,8760.0,900.0,1023400.0
155,2021-10-18 06:53:20,8760.0,1800.0,1022500.0
156,2021-10-18 06:53:20,8760.0,200.0,1020700.0
157,2021-10-18 06:52:05,8760.0,25800.0,1020500.0
158,2021-10-18 06:52:05,8760.0,500.0,994700.0
159,2021-10-18 06:52:05,8760.0,11700.0,994200.0
160,2021-10-18 06:52:05,8760.0,1000.0,982500.0
161,2021-10-18 06:52:05,8760.0,100.0,981500.0
162,2021-10-18 06:52:05,8760.0,1500.0,981400.0
163,2021-10-18 06:52:05,8760.0,100.0,979900.0
164,2021-10-18 06:52:05,8760.0,1700.0,979800.0
165,2021-10-18 06:52:05,8760.0,9500.0,978100.0
166,2021-10-18 06:51:03,8760.0,1000.0,968600.0
167,2021-10-18 06:49:49,8760.0,300.0,967600.0
168,2021-10-18 06:45:41,8760.0,200.0,967300.0
169,2021-10-18 06:40:40,8760.0,100.0,967100.0
170,2021-10-18 06:38:46,8760.0,700.0,967000.0
171,2021-10-18 06:35:07,8760.0,500.0,966300.0
172,2021-10-18 06:27:23,8760.0,1000.0,965800.0
173,2021-10-18 06:26:08,8760.0,400.0,964800.0
174,2021-10-18 06:25:51,8760.0,300.0,964400.0
175,2021-10-18 06:23:24,8760.0,1000.0,964100.0
176,2021-10-18 06:23:24,8760.0,500.0,963100.0
177,2021-10-18 06:23:24,8760.0,700.0,962600.0
178,2021-10-18 06:23:24,8760.0,1500.0,961900.0
179,2021-10-18 06:23:24,8760.0,800.0,960400.0
180,2021-10-18 06:23:24,8760.0,5500.0,959600.0
181,2021-10-18 06:20:55,8760.0,2000.0,954100.0
182,2021-10-18 06:20:02,8760.0,1000.0,952100.0
183,2021-10-18 06:19:39,8760.0,600.0,951100.0
184,2021-10-18 06:16:40,8760.0,2500.0,950500.0
185,2021-10-18 06:16:25,8760.0,1000.0,948000.0
186,2021-10-18 06:16:25,8760.0,7400.0,947000.0
187,2021-10-18 06:16:13,8760.0,100.0,939600.0
188,2021-10-18 06:15:59,8760.0,400.0,939500.0
189,2021-10-18 06:15:45,8750.0,3000.0,939100.0
190,2021-10-18 06:15:25,8760.0,500.0,936100.0
191,2021-10-18 06:15:19,8760.0,600.0,935600.0
192,2021-10-18 06:14:54,8760.0,800.0,935000.0
193,2021-10-18 06:14:54,8760.0,1000.0,934200.0
194,2021-10-18 06:14:54,8760.0,100.0,933200.0
195,2021-10-18 06:14:54,8760.0,500.0,933100.0
196,2021-10-18 06:14:20,8760.0,100.0,932600.0
197,2021-10-18 06:13:33,8760.0,1000.0,932500.0
198,2021-10-18 06:13:33,8760.0,1000.0,931500.0
199,2021-10-18 06:13:33,8760.0,3000.0,930500.0
200,2021-10-18 06:13:33,8760.0,400.0,927500.0
201,2021-10-18 06:13:33,8760.0,500.0,927100.0
202,2021-10-18 06:13:33,8760.0,1000.0,926600.0
203,2021-10-18 06:13:33,8760.0,1000.0,925600.0
204,2021-10-18 06:13:33,8760.0,200.0,924600.0
205,2021-10-18 06:13:33,8760.0,1000.0,924400.0
206,2021-10-18 06:13:33,8760.0,2400.0,923400.0
207,2021-10-18 06:12:04,8760.0,3000.0,921000.0
208,2021-10-18 06:10:36,8760.0,600.0,918000.0
209,2021-10-18 06:10:36,8760.0,1000.0,917400.0
210,2021-10-18 06:10:36,8760.0,100.0,916400.0
211,2021-10-18 06:10:36,8760.0,1500.0,916300.0
212,2021-10-18 06:10:36,8760.0,300.0,914800.0
213,2021-10-18 06:10:36,8760.0,500.0,914500.0
214,2021-10-18 06:10:36,8760.0,700.0,914000.0
215,2021-10-18 06:10:36,8760.0,4800.0,913300.0
216,2021-10-18 06:10:36,8760.0,500.0,908500.0
217,2021-10-18 06:10:06,8760.0,500.0,908000.0
218,2021-10-18 06:09:58,8760.0,500.0,907500.0
219,2021-10-18 06:09:58,8760.0,200.0,907000.0
220,2021-10-18 06:09:58,8760.0,2800.0,906800.0
221,2021-10-18 06:09:14,8760.0,200.0,904000.0
222,2021-10-18 06:09:14,8760.0,1300.0,903800.0
223,2021-10-18 06:08:34,8760.0,200.0,902500.0
224,2021-10-18 06:07:38,8760.0,500.0,902300.0
225,2021-10-18 06:07:38,8760.0,5300.0,901800.0
226,2021-10-18 06:07:38,8760.0,300.0,896500.0
227,2021-10-18 06:07:38,8760.0,3900.0,896200.0
228,2021-10-18 06:07:24,8760.0,10000.0,892300.0
229,2021-10-18 06:05:06,8760.0,3700.0,882300.0
230,2021-10-18 06:05:06,8760.0,1000.0,878600.0
231,2021-10-18 06:05:06,8760.0,100.0,877600.0
232,2021-10-18 06:05:06,8760.0,10000.0,877500.0
233,2021-10-18 06:05:06,8760.0,100.0,867500.0
234,2021-10-18 06:05:06,8760.0,100.0,867400.0
235,2021-10-18 06:05:06,8760.0,4000.0,867300.0
236,2021-10-18 06:05:06,8760.0,100.0,863300.0
237,2021-10-18 06:05:06,8760.0,100.0,863200.0
238,2021-10-18 06:05:06,8760.0,700.0,863100.0
239,2021-10-18 06:05:06,8760.0,100.0,862400.0
240,2021-10-18 06:05:06,8760.0,6100.0,862300.0
241,2021-10-18 06:05:04,8760.0,500.0,856200.0
242,2021-10-18 06:04:52,8760.0,5200.0,855700.0
243,2021-10-18 06:04:37,8750.0,100.0,850500.0
244,2021-10-18 06:04:28,8750.0,900.0,850400.0
245,2021-10-18 06:04:27,8760.0,900.0,849500.0
246,2021-10-18 06:04:27,8760.0,300.0,848600.0
247,2021-10-18 06:04:19,8760.0,400.0,848300.0
248,2021-10-18 06:04:19,8760.0,1000.0,847900.0
249,2021-10-18 06:04:19,8760.0,200.0,846900.0
250,2021-10-18 06:04:15,8760.0,100.0,846700.0
251,2021-10-18 06:04:12,8760.0,200.0,846600.0
252,2021-10-18 06:04:12,8760.0,800.0,846400.0
253,2021-10-18 06:04:05,8760.0,4200.0,845600.0
254,2021-10-18 06:04:05,8760.0,100.0,841400.0
255,2021-10-18 06:04:05,8760.0,12400.0,841300.0
256,2021-10-18 06:03:59,8760.0,800.0,828900.0
257,2021-10-18 06:03:32,8760.0,13600.0,828100.0
258,2021-10-18 06:03:09,8760.0,3000.0,814500.0
259,2021-10-18 06:02:53,8750.0,500.0,811500.0
260,2021-10-18 06:02:51,8760.0,200.0,811000.0
261,2021-10-18 06:02:51,8760.0,1300.0,810800.0
262,2021-10-18 06:02:48,8750.0,1000.0,809500.0
263,2021-10-18 06:02:43,8760.0,300.0,808500.0
264,2021-10-18 06:02:41,8760.0,200.0,808200.0
265,2021-10-18 06:02:41,8760.0,2600.0,808000.0
266,2021-10-18 06:02:33,8760.0,200.0,805400.0
267,2021-10-18 06:02:15,8760.0,2100.0,805200.0
268,2021-10-18 06:02:06,8750.0,800.0,803100.0
269,2021-10-18 06:02:06,8750.0,200.0,802300.0
270,2021-10-18 06:01:53,8760.0,300.0,802100.0
271,2021-10-18 06:01:42,8750.0,800.0,801800.0
272,2021-10-18 06:01:30,8750.0,600.0,801000.0
273,2021-10-18 06:01:01,8750.0,600.0,800400.0
274,2021-10-18 06:01:01,8750.0,1000.0,799800.0
275,2021-10-18 06:00:29,8760.0,200.0,798800.0
276,2021-10-18 06:00:19,8760.0,2600.0,798600.0
277,2021-10-18 06:00:19,8750.0,400.0,796000.0
278,2021-10-18 06:00:15,8750.0,1000.0,795600.0
279,2021-10-18 06:00:10,8750.0,2300.0,794600.0
280,2021-10-18 06:00:10,8750.0,100.0,792300.0
281,2021-10-18 06:00:07,8750.0,100.0,792200.0
282,2021-10-18 06:00:06,8750.0,300.0,792100.0
283,2021-10-18 06:00:06,8750.0,800.0,791800.0
284,2021-10-18 06:00:03,8760.0,18500.0,791000.0
285,2021-10-18 06:00:03,8760.0,1000.0,772500.0
286,2021-10-18 06:00:03,8760.0,2500.0,771500.0
287,2021-10-18 06:00:03,8760.0,5000.0,769000.0
288,2021-10-18 06:00:03,8760.0,3000.0,764000.0
289,2021-10-18 06:00:02,8760.0,1700.0,761000.0
290,2021-10-18 06:00:02,8760.0,2000.0,759300.0
291,2021-10-18 06:00:02,8760.0,500.0,757300.0
292,2021-10-18 06:00:02,8760.0,300.0,756800.0
293,2021-10-18 06:00:02,8750.0,100.0,756500.0
294,2021-10-18 06:00:01,8750.0,200.0,756400.0
295,2021-10-18 06:00:01,8750.0,100.0,756200.0
296,2021-10-18 06:00:01,8750.0,300.0,756100.0
297,2021-10-18 06:00:01,8750.0,1900.0,755800.0
298,2021-10-18 06:00:01,8750.0,400.0,753900.0
299,2021-10-18 06:00:01,8760.0,2000.0,753500.0
300,2021-10-18 06:00:01,8760.0,300.0,751500.0
301,2021-10-18 06:00:01,8760.0,400.0,751200.0
302,2021-10-18 06:00:00,8760.0,2000.0,750800.0
303,2021-10-18 04:29:47,8760.0,1500.0,748800.0
304,2021-10-18 04:29:33,8750.0,2100.0,747300.0
305,2021-10-18 04:29:33,8750.0,2100.0,745200.0
306,2021-10-18 04:29:33,8750.0,400.0,743100.0
307,2021-10-18 04:29:33,8750.0,400.0,742700.0
308,2021-10-18 04:29:29,8750.0,1000.0,742300.0
309,2021-10-18 04:29:21,8760.0,12000.0,741300.0
310,2021-10-18 04:29:02,8760.0,900.0,729300.0
311,2021-10-18 04:29:01,8760.0,600.0,728400.0
312,2021-10-18 04:28:48,8760.0,300.0,727800.0
313,2021-10-18 04:28:40,8750.0,1000.0,727500.0
314,2021-10-18 04:28:40,8750.0,300.0,726500.0
315,2021-10-18 04:28:40,8750.0,1000.0,726200.0
316,2021-10-18 04:28:40,8750.0,300.0,725200.0
317,2021-10-18 04:28:38,8750.0,300.0,724900.0
318,2021-10-18 04:28:25,8750.0,1900.0,724600.0
319,2021-10-18 04:27:44,8750.0,600.0,722700.0
320,2021-10-18 04:27:40,8750.0,500.0,722100.0
321,2021-10-18 04:27:35,8750.0,1400.0,721600.0
322,2021-10-18 04:27:35,8750.0,2200.0,720200.0
323,2021-10-18 04:27:35,8750.0,400.0,718000.0
324,2021-10-18 04:27:33,8750.0,100.0,717600.0
325,2021-10-18 04:27:33,8750.0,900.0,717500.0
326,2021-10-18 04:27:24,8750.0,600.0,716600.0
327,2021-10-18 04:27:12,8750.0,500.0,716000.0
328,2021-10-18 04:27:12,8750.0,1000.0,715500.0
329,2021-10-18 04:27:12,8750.0,1700.0,714500.0
330,2021-10-18 04:27:06,8750.0,300.0,712800.0
331,2021-10-18 04:26:59,8730.0,500.0,712500.0
332,2021-10-18 04:26:59,8740.0,500.0,712000.0
333,2021-10-18 04:26:42,8750.0,200.0,711500.0
334,2021-10-18 04:26:42,8740.0,100.0,711300.0
335,2021-10-18 04:26:36,8740.0,900.0,711200.0
336,2021-10-18 04:26:32,8750.0,800.0,710300.0
337,2021-10-18 04:26:32,8750.0,200.0,709500.0
338,2021-10-18 04:26:28,8750.0,200.0,709300.0
339,2021-10-18 04:26:17,8750.0,200.0,709100.0
340,2021-10-18 04:26:12,8730.0,800.0,708900.0
341,2021-10-18 04:26:06,8720.0,400.0,708100.0
342,2021-10-18 04:26:05,8730.0,200.0,707700.0
343,2021-10-18 04:26:00,8720.0,100.0,707500.0
344,2021-10-18 04:26:00,8720.0,2400.0,707400.0
345,2021-10-18 04:26:00,8710.0,1000.0,705000.0
346,2021-10-18 04:25:50,8720.0,200.0,704000.0
347,2021-10-18 04:25:49,8720.0,2000.0,703800.0
348,2021-10-18 04:25:44,8710.0,1500.0,701800.0
349,2021-10-18 04:25:41,8710.0,400.0,700300.0
350,2021-10-18 04:25:37,8710.0,300.0,699900.0
351,2021-10-18 04:25:30,8720.0,600.0,699600.0
352,2021-10-18 04:25:27,8710.0,6800.0,699000.0
353,2021-10-18 04:25:16,8710.0,200.0,692200.0
354,2021-10-18 04:25:11,8700.0,500.0,692000.0
355,2021-10-18 04:25:11,8700.0,800.0,691500.0
356,2021-10-18 04:25:10,8700.0,100.0,690700.0
357,2021-10-18 04:25:03,8700.0,1400.0,690600.0
358,2021-10-18 04:24:57,8700.0,200.0,689200.0
359,2021-10-18 04:24:52,8680.0,500.0,689000.0
360,2021-10-18 04:24:49,8680.0,200.0,688500.0
361,2021-10-18 04:24:42,8680.0,100.0,688300.0
362,2021-10-18 04:24:35,8680.0,200.0,688200.0
363,2021-10-18 04:24:34,8700.0,500.0,688000.0
364,2021-10-18 04:24:28,8700.0,3200.0,687500.0
365,2021-10-18 04:24:28,8690.0,1000.0,684300.0
366,2021-10-18 04:24:28,8650.0,800.0,683300.0
367,2021-10-18 04:24:16,8650.0,200.0,682500.0
368,2021-10-18 04:24:12,8600.0,100.0,682300.0
369,2021-10-18 04:24:11,8600.0,500.0,682200.0
370,2021-10-18 04:24:06,8600.0,500.0,681700.0
371,2021-10-18 04:24:00,8600.0,500.0,681200.0
372,2021-10-18 04:23:56,8600.0,100.0,680700.0
373,2021-10-18 04:23:52,8600.0,200.0,680600.0
374,2021-10-18 04:23:48,8590.0,500.0,680400.0
375,2021-10-18 04:23:31,8590.0,200.0,679900.0
376,2021-10-18 04:23:25,8500.0,800.0,679700.0
377,2021-10-18 04:23:25,8500.0,100.0,678900.0
378,2021-10-18 04:23:18,8500.0,100.0,678800.0
379,2021-10-18 04:23:18,8500.0,200.0,678700.0
380,2021-10-18 04:23:12,8490.0,200.0,678500.0
381,2021-10-18 04:23:05,8490.0,200.0,678300.0
382,2021-10-18 04:22:55,8480.0,400.0,678100.0
383,2021-10-18 04:22:55,8470.0,2200.0,677700.0
384,2021-10-18 04:22:55,8470.0,300.0,675500.0
385,2021-10-18 04:22:32,8480.0,300.0,675200.0
386,2021-10-18 04:22:24,8350.0,2000.0,674900.0
387,2021-10-18 04:22:13,8350.0,200.0,672900.0
388,2021-10-18 04:22:13,8360.0,100.0,672700.0
389,2021-10-18 04:22:13,8480.0,200.0,672600.0
390,2021-10-18 04:22:00,8350.0,4800.0,672400.0
391,2021-10-18 04:22:00,8350.0,100.0,667600.0
392,2021-10-18 04:22:00,8360.0,100.0,667500.0
393,2021-10-18 04:21:58,8490.0,300.0,667400.0
394,2021-10-18 04:21:56,8490.0,200.0,667100.0
395,2021-10-18 04:21:56,8490.0,800.0,666900.0
396,2021-10-18 04:21:53,8490.0,200.0,666100.0
397,2021-10-18 04:21:53,8490.0,300.0,665900.0
398,2021-10-18 04:21:34,8490.0,600.0,665600.0
399,2021-10-18 04:21:34,8480.0,400.0,665000.0
400,2021-10-18 04:21:28,8490.0,100.0,664600.0
401,2021-10-18 04:21:16,8500.0,100.0,664500.0
402,2021-10-18 04:21:03,8500.0,200.0,664400.0
403,2021-10-18 04:20:51,8590.0,300.0,664200.0
404,2021-10-18 04:20:48,8600.0,100.0,663900.0
405,2021-10-18 04:20:36,8600.0,200.0,663800.0
406,2021-10-18 04:20:34,8600.0,300.0,663600.0
407,2021-10-18 04:20:17,8600.0,2100.0,663300.0
408,2021-10-18 04:20:06,8600.0,200.0,661200.0
409,2021-10-18 04:20:06,8610.0,100.0,661000.0
410,2021-10-18 04:20:06,8660.0,100.0,660900.0
411,2021-10-18 04:19:53,8690.0,100.0,660800.0
412,2021-10-18 04:19:51,8690.0,200.0,660700.0
413,2021-10-18 04:19:32,8690.0,300.0,660500.0
414,2021-10-18 04:19:26,8600.0,4800.0,660200.0
415,2021-10-18 04:19:26,8600.0,100.0,655400.0
416,2021-10-18 04:19:26,8650.0,100.0,655300.0
417,2021-10-18 04:19:18,8690.0,500.0,655200.0
418,2021-10-18 04:19:08,8700.0,100.0,654700.0
419,2021-10-18 04:19:08,8700.0,100.0,654600.0
420,2021-10-18 04:19:02,8700.0,900.0,654500.0
421,2021-10-18 04:19:02,8690.0,1100.0,653600.0
422,2021-10-18 04:18:38,8700.0,100.0,652500.0
423,2021-10-18 04:18:38,8700.0,100.0,652400.0
424,2021-10-18 04:18:38,8700.0,200.0,652300.0
425,2021-10-18 04:18:38,8700.0,300.0,652100.0
426,2021-10-18 04:18:38,8700.0,100.0,651800.0
427,2021-10-18 04:18:29,8720.0,300.0,651700.0
428,2021-10-18 04:18:25,8720.0,100.0,651400.0
429,2021-10-18 04:18:22,8720.0,200.0,651300.0
430,2021-10-18 04:18:22,8720.0,16000.0,651100.0
431,2021-10-18 04:18:22,8720.0,300.0,635100.0
432,2021-10-18 04:18:22,8720.0,1200.0,634800.0
433,2021-10-18 04:18:22,8720.0,100.0,633600.0
434,2021-10-18 04:18:22,8720.0,5800.0,633500.0
435,2021-10-18 04:18:22,8730.0,200.0,627700.0
436,2021-10-18 04:18:22,8730.0,400.0,627500.0
437,2021-10-18 04:18:22,8730.0,200.0,627100.0
438,2021-10-18 04:18:13,8750.0,1200.0,626900.0
439,2021-10-18 04:18:03,8750.0,2100.0,625700.0
440,2021-10-18 04:18:01,8750.0,2200.0,623600.0
441,2021-10-18 04:17:58,8750.0,400.0,621400.0
442,2021-10-18 04:17:58,8750.0,600.0,621000.0
443,2021-10-18 04:17:53,8750.0,300.0,620400.0
444,2021-10-18 04:17:52,8750.0,600.0,620100.0
445,2021-10-18 04:17:51,8750.0,3000.0,619500.0
446,2021-10-18 04:17:51,8750.0,1400.0,616500.0
447,2021-10-18 04:17:43,8750.0,2600.0,615100.0
448,2021-10-18 04:17:43,8750.0,100.0,612500.0
449,2021-10-18 04:17:43,8750.0,800.0,612400.0
450,2021-10-18 04:17:40,8750.0,200.0,611600.0
451,2021-10-18 04:16:59,8720.0,300.0,611400.0
452,2021-10-18 04:16:57,8720.0,600.0,611100.0
453,2021-10-18 04:16:56,8720.0,2000.0,610500.0
454,2021-10-18 04:16:50,8720.0,1300.0,608500.0
455,2021-10-18 04:16:50,8720.0,700.0,607200.0
456,2021-10-18 04:16:49,8720.0,300.0,606500.0
457,2021-10-18 04:16:49,8720.0,500.0,606200.0
458,2021-10-18 04:16:45,8720.0,5000.0,605700.0
459,2021-10-18 04:16:42,8720.0,400.0,600700.0
460,2021-10-18 04:16:36,8720.0,500.0,600300.0
461,2021-10-18 04:16:23,8720.0,1000.0,599800.0
462,2021-10-18 04:16:19,8730.0,200.0,598800.0
463,2021-10-18 04:16:08,8730.0,3000.0,598600.0
464,2021-10-18 04:16:02,8760.0,400.0,595600.0
465,2021-10-18 04:16:00,8730.0,1000.0,595200.0
466,2021-10-18 04:15:43,8720.0,2600.0,594200.0
467,2021-10-18 04:15:43,8750.0,300.0,591600.0
468,2021-10-18 04:15:43,8750.0,100.0,591300.0
469,2021-10-18 04:15:21,8760.0,7600.0,591200.0
470,2021-10-18 04:15:18,8760.0,100.0,583600.0
471,2021-10-18 04:15:14,8760.0,900.0,583500.0
472,2021-10-18 04:15:13,8760.0,300.0,582600.0
473,2021-10-18 04:15:13,8760.0,500.0,582300.0
474,2021-10-18 04:15:01,8760.0,300.0,581800.0
475,2021-10-18 04:14:51,8760.0,100.0,581500.0
476,2021-10-18 04:14:51,8760.0,2000.0,581400.0
477,2021-10-18 04:14:51,8760.0,200.0,579400.0
478,2021-10-18 04:14:50,8760.0,300.0,579200.0
479,2021-10-18 04:14:47,8760.0,100.0,578900.0
480,2021-10-18 04:14:41,8760.0,500.0,578800.0
481,2021-10-18 04:14:36,8760.0,3200.0,578300.0
482,2021-10-18 04:14:30,8760.0,10000.0,575100.0
483,2021-10-18 04:14:28,8750.0,500.0,565100.0
484,2021-10-18 04:14:15,8750.0,7000.0,564600.0
485,2021-10-18 04:14:13,8750.0,3200.0,557600.0
486,2021-10-18 04:14:01,8750.0,1000.0,554400.0
487,2021-10-18 04:13:49,8720.0,300.0,553400.0
488,2021-10-18 04:13:47,8720.0,700.0,553100.0
489,2021-10-18 04:13:23,8720.0,1000.0,552400.0
490,2021-10-18 04:12:47,8760.0,5000.0,551400.0
491,2021-10-18 04:12:28,8760.0,400.0,546400.0
492,2021-10-18 04:12:28,8760.0,100.0,546000.0
493,2021-10-18 04:12:28,8760.0,200.0,545900.0
494,2021-10-18 04:12:28,8760.0,200.0,545700.0
495,2021-10-18 04:12:28,8760.0,400.0,545500.0
496,2021-10-18 04:12:28,8760.0,100.0,545100.0
497,2021-10-18 04:12:28,8760.0,400.0,545000.0
498,2021-10-18 04:12:28,8760.0,500.0,544600.0
499,2021-10-18 04:12:28,8760.0,300.0,544100.0
500,2021-10-18 04:12:28,8760.0,100.0,543800.0
501,2021-10-18 04:12:28,8760.0,1000.0,543700.0
502,2021-10-18 04:12:28,8760.0,600.0,542700.0
503,2021-10-18 04:12:28,8760.0,10200.0,542100.0
504,2021-10-18 04:12:28,8760.0,4000.0,531900.0
505,2021-10-18 04:12:28,8760.0,400.0,527900.0
506,2021-10-18 04:12:28,8760.0,500.0,527500.0
507,2021-10-18 04:12:28,8760.0,800.0,527000.0
508,2021-10-18 04:12:28,8760.0,300.0,526200.0
509,2021-10-18 04:12:28,8760.0,100.0,525900.0
510,2021-10-18 04:12:28,8760.0,2000.0,525800.0
511,2021-10-18 04:12:28,8760.0,500.0,523800.0
512,2021-10-18 04:12:28,8760.0,2000.0,523300.0
513,2021-10-18 04:12:28,8760.0,800.0,521300.0
514,2021-10-18 04:12:28,8760.0,7000.0,520500.0
515,2021-10-18 04:12:28,8760.0,100.0,513500.0
516,2021-10-18 04:12:28,8760.0,1400.0,513400.0
517,2021-10-18 04:12:28,8760.0,200.0,512000.0
518,2021-10-18 04:12:28,8760.0,500.0,511800.0
519,2021-10-18 04:12:28,8760.0,200.0,511300.0
520,2021-10-18 04:12:28,8760.0,100.0,511100.0
521,2021-10-18 04:12:28,8760.0,1000.0,511000.0
522,2021-10-18 04:12:28,8760.0,1000.0,510000.0
523,2021-10-18 04:12:28,8760.0,100.0,509000.0
524,2021-10-18 04:12:28,8760.0,200.0,508900.0
525,2021-10-18 04:12:28,8760.0,2000.0,508700.0
526,2021-10-18 04:12:28,8760.0,100.0,506700.0
527,2021-10-18 04:12:28,8760.0,5000.0,506600.0
528,2021-10-18 04:12:28,8760.0,300.0,501600.0
529,2021-10-18 04:12:28,8760.0,300.0,501300.0
530,2021-10-18 04:12:28,8760.0,200.0,501000.0
531,2021-10-18 04:12:28,8760.0,600.0,500800.0
532,2021-10-18 04:12:28,8760.0,100.0,500200.0
533,2021-10-18 04:12:28,8760.0,100.0,500100.0
534,2021-10-18 04:12:28,8760.0,100.0,500000.0
535,2021-10-18 04:12:28,8760.0,100.0,499900.0
536,2021-10-18 04:12:28,8760.0,1000.0,499800.0
537,2021-10-18 04:12:28,8760.0,400.0,498800.0
538,2021-10-18 04:12:28,8760.0,200.0,498400.0
539,2021-10-18 04:12:25,8760.0,9400.0,498200.0
540,2021-10-18 04:12:25,8760.0,100.0,488800.0
541,2021-10-18 04:12:25,8760.0,500.0,488700.0
542,2021-10-18 04:12:22,8760.0,2000.0,488200.0
543,2021-10-18 04:12:21,8760.0,1300.0,486200.0
544,2021-10-18 04:12:06,8760.0,1200.0,484900.0
545,2021-10-18 04:12:06,8760.0,100.0,483700.0
546,2021-10-18 04:12:06,8760.0,1900.0,483600.0
547,2021-10-18 04:12:06,8760.0,800.0,481700.0
548,2021-10-18 04:11:59,8760.0,200.0,480900.0
549,2021-10-18 04:11:59,8760.0,1000.0,480700.0
550,2021-10-18 04:11:59,8760.0,2000.0,479700.0
551,2021-10-18 04:11:59,8760.0,400.0,477700.0
552,2021-10-18 04:11:59,8760.0,500.0,477300.0
553,2021-10-18 04:11:59,8760.0,500.0,476800.0
554,2021-10-18 04:11:59,8760.0,500.0,476300.0
555,2021-10-18 04:11:59,8760.0,9900.0,475800.0
556,2021-10-18 04:11:42,8760.0,8600.0,465900.0
557,2021-10-18 04:11:42,8760.0,1600.0,457300.0
558,2021-10-18 04:11:42,8760.0,2000.0,455700.0
559,2021-10-18 04:11:42,8760.0,700.0,453700.0
560,2021-10-18 04:11:42,8760.0,100.0,453000.0
561,2021-10-18 04:11:42,8760.0,10000.0,452900.0
562,2021-10-18 04:11:42,8760.0,600.0,442900.0
563,2021-10-18 04:11:42,8760.0,200.0,442300.0
564,2021-10-18 04:11:42,8760.0,3000.0,442100.0
565,2021-10-18 04:11:42,8760.0,100.0,439100.0
566,2021-10-18 04:11:42,8760.0,1000.0,439000.0
567,2021-10-18 04:11:42,8760.0,4000.0,438000.0
568,2021-10-18 04:11:42,8760.0,500.0,434000.0
569,2021-10-18 04:11:42,8760.0,500.0,433500.0
570,2021-10-18 04:11:42,8760.0,10000.0,433000.0
571,2021-10-18 04:11:42,8760.0,500.0,423000.0
572,2021-10-18 04:11:42,8760.0,500.0,422500.0
573,2021-10-18 04:11:42,8760.0,5000.0,422000.0
574,2021-10-18 04:11:42,8760.0,200.0,417000.0
575,2021-10-18 04:11:42,8760.0,900.0,416800.0
576,2021-10-18 04:11:31,8760.0,100.0,415900.0
577,2021-10-18 04:09:47,8760.0,600.0,415800.0
578,2021-10-18 04:09:47,8760.0,2000.0,415200.0
579,2021-10-18 04:09:47,8760.0,100.0,413200.0
580,2021-10-18 04:09:47,8760.0,500.0,413100.0
581,2021-10-18 04:09:47,8760.0,8000.0,412600.0
582,2021-10-18 04:09:47,8760.0,200.0,404600.0
583,2021-10-18 04:09:47,8760.0,400.0,404400.0
584,2021-10-18 04:09:47,8760.0,100.0,404000.0
585,2021-10-18 04:09:47,8760.0,1000.0,403900.0
586,2021-10-18 04:09:47,8760.0,10000.0,402900.0
587,2021-10-18 04:09:47,8760.0,200.0,392900.0
588,2021-10-18 04:09:47,8760.0,3000.0,392700.0
589,2021-10-18 04:09:47,8760.0,4600.0,389700.0
590,2021-10-18 04:09:47,8760.0,600.0,385100.0
591,2021-10-18 04:09:47,8760.0,1500.0,384500.0
592,2021-10-18 04:09:47,8760.0,3700.0,383000.0
593,2021-10-18 04:09:47,8760.0,1000.0,379300.0
594,2021-10-18 04:09:47,8760.0,1300.0,378300.0
595,2021-10-18 04:09:47,8760.0,1000.0,377000.0
596,2021-10-18 04:09:47,8760.0,1000.0,376000.0
597,2021-10-18 04:09:47,8760.0,2700.0,375000.0
598,2021-10-18 04:09:47,8760.0,700.0,372300.0
599,2021-10-18 04:09:47,8760.0,1000.0,371600.0
600,2021-10-18 04:09:47,8760.0,200.0,370600.0
601,2021-10-18 04:09:47,8760.0,3000.0,370400.0
602,2021-10-18 04:09:47,8760.0,2000.0,367400.0
603,2021-10-18 04:09:47,8760.0,100.0,365400.0
604,2021-10-18 04:09:47,8760.0,10000.0,365300.0
605,2021-10-18 04:09:47,8760.0,500.0,355300.0
606,2021-10-18 04:09:47,8760.0,1000.0,354800.0
607,2021-10-18 04:09:47,8760.0,7100.0,353800.0
608,2021-10-18 04:02:31,8760.0,400.0,346700.0
609,2021-10-18 04:01:16,8760.0,300.0,346300.0
610,2021-10-18 03:46:57,8760.0,1000.0,346000.0
611,2021-10-18 03:46:39,8760.0,400.0,345000.0
612,2021-10-18 03:46:26,8760.0,100.0,344600.0
613,2021-10-18 03:35:33,8760.0,100.0,344500.0
614,2021-10-18 03:29:02,8760.0,300.0,344400.0
615,2021-10-18 03:23:49,8760.0,400.0,344100.0
616,2021-10-18 03:23:10,8760.0,200.0,343700.0
617,2021-10-18 03:18:45,8760.0,400.0,343500.0
618,2021-10-18 03:15:14,8760.0,2200.0,343100.0
619,2021-10-18 03:11:26,8760.0,500.0,340900.0
620,2021-10-18 03:07:13,8760.0,1600.0,340400.0
621,2021-10-18 03:07:13,8760.0,200.0,338800.0
622,2021-10-18 03:07:13,8760.0,5000.0,338600.0
623,2021-10-18 03:07:13,8760.0,2000.0,333600.0
624,2021-10-18 03:07:13,8760.0,1000.0,331600.0
625,2021-10-18 03:07:13,8760.0,1000.0,330600.0
626,2021-10-18 03:07:13,8760.0,11000.0,329600.0
627,2021-10-18 03:07:08,8760.0,3000.0,318600.0
628,2021-10-18 03:02:20,8760.0,100.0,315600.0
629,2021-10-18 03:01:07,8760.0,1000.0,315500.0
630,2021-10-18 03:00:29,8760.0,400.0,314500.0
631,2021-10-18 02:58:45,8760.0,1000.0,314100.0
632,2021-10-18 02:58:29,8760.0,100.0,313100.0
633,2021-10-18 02:55:25,8760.0,2000.0,313000.0
634,2021-10-18 02:54:26,8760.0,100.0,311000.0
635,2021-10-18 02:54:04,8760.0,300.0,310900.0
636,2021-10-18 02:49:56,8760.0,200.0,310600.0
637,2021-10-18 02:44:17,8760.0,800.0,310400.0
638,2021-10-18 02:44:17,8760.0,200.0,309600.0
639,2021-10-18 02:43:41,8760.0,1000.0,309400.0
640,2021-10-18 02:43:41,8760.0,1000.0,308400.0
641,2021-10-18 02:42:43,8760.0,1000.0,307400.0
642,2021-10-18 02:42:43,8760.0,300.0,306400.0
643,2021-10-18 02:42:43,8760.0,200.0,306100.0
644,2021-10-18 02:42:43,8760.0,1500.0,305900.0
645,2021-10-18 02:41:10,8760.0,900.0,304400.0
646,2021-10-18 02:40:07,8760.0,2600.0,303500.0
647,2021-10-18 02:40:07,8760.0,200.0,300900.0
648,2021-10-18 02:40:07,8760.0,100.0,300700.0
649,2021-10-18 02:40:07,8760.0,800.0,300600.0
650,2021-10-18 02:40:07,8760.0,100.0,299800.0
651,2021-10-18 02:40:07,8760.0,2300.0,299700.0
652,2021-10-18 02:40:07,8760.0,300.0,297400.0
653,2021-10-18 02:40:07,8760.0,2000.0,297100.0
654,2021-10-18 02:38:33,8760.0,200.0,295100.0
655,2021-10-18 02:38:17,8760.0,1000.0,294900.0
656,2021-10-18 02:36:25,8760.0,100.0,293900.0
657,2021-10-18 02:35:25,8760.0,1000.0,293800.0
658,2021-10-18 02:35:13,8760.0,2800.0,292800.0
659,2021-10-18 02:35:00,8760.0,100.0,290000.0
660,2021-10-18 02:34:53,8760.0,1000.0,289900.0
661,2021-10-18 02:34:33,8760.0,5000.0,288900.0
662,2021-10-18 02:33:47,8760.0,3500.0,283900.0
663,2021-10-18 02:33:05,8760.0,300.0,280400.0
664,2021-10-18 02:32:26,8760.0,500.0,280100.0
665,2021-10-18 02:31:39,8760.0,10000.0,279600.0
666,2021-10-18 02:28:28,8760.0,100.0,269600.0
667,2021-10-18 02:28:24,8760.0,200.0,269500.0
668,2021-10-18 02:27:25,8760.0,100.0,269300.0
669,2021-10-18 02:26:51,8760.0,100.0,269200.0
670,2021-10-18 02:26:04,8760.0,500.0,269100.0
671,2021-10-18 02:25:12,8760.0,1000.0,268600.0
672,2021-10-18 02:24:35,8760.0,300.0,267600.0
673,2021-10-18 02:23:45,8760.0,100.0,267300.0
674,2021-10-18 02:23:02,8760.0,100.0,267200.0
675,2021-10-18 02:23:02,8760.0,400.0,267100.0
676,2021-10-18 02:22:51,8760.0,600.0,266700.0
677,2021-10-18 02:22:51,8760.0,8400.0,266100.0
678,2021-10-18 02:21:40,8760.0,600.0,257700.0
679,2021-10-18 02:20:36,8760.0,900.0,257100.0
680,2021-10-18 02:20:36,8760.0,100.0,256200.0
681,2021-10-18 02:20:36,8760.0,1000.0,256100.0
682,2021-10-18 02:20:18,8760.0,200.0,255100.0
683,2021-10-18 02:20:11,8760.0,4100.0,254900.0
684,2021-10-18 02:20:11,8760.0,200.0,250800.0
685,2021-10-18 02:20:11,8760.0,100.0,250600.0
686,2021-10-18 02:20:11,8760.0,600.0,250500.0
687,2021-10-18 02:20:01,8760.0,200.0,249900.0
688,2021-10-18 02:19:18,8760.0,200.0,249700.0
689,2021-10-18 02:19:11,8760.0,100.0,249500.0
690,2021-10-18 02:19:05,8760.0,1000.0,249400.0
691,2021-10-18 02:18:41,8760.0,800.0,248400.0
692,2021-10-18 02:18:41,8760.0,1100.0,247600.0
693,2021-10-18 02:18:41,8760.0,1900.0,246500.0
694,2021-10-18 02:18:41,8760.0,1000.0,244600.0
695,2021-10-18 02:18:41,8760.0,100.0,243600.0
696,2021-10-18 02:17:50,8760.0,300.0,243500.0
697,2021-10-18 02:17:24,8760.0,600.0,243200.0
698,2021-10-18 02:17:24,8760.0,100.0,242600.0
699,2021-10-18 02:17:24,8760.0,100.0,242500.0
700,2021-10-18 02:17:24,8760.0,49200.0,242400.0
701,2021-10-18 02:16:38,8760.0,2000.0,193200.0
702,2021-10-18 02:16:13,8760.0,10000.0,191200.0
703,2021-10-18 02:15:51,8760.0,200.0,181200.0
704,2021-10-18 02:15:47,8760.0,4200.0,181000.0
705,2021-10-18 02:15:45,8760.0,3000.0,176800.0
706,2021-10-18 02:15:38,8760.0,400.0,173800.0
707,2021-10-18 02:15:38,8760.0,300.0,173400.0
708,2021-10-18 02:15:38,8760.0,300.0,173100.0
709,2021-10-18 02:15:24,8760.0,500.0,172800.0
710,2021-10-18 02:15:23,8760.0,1000.0,172300.0
711,2021-10-18 02:15:01,8760.0,500.0,171300.0
712,2021-10-18 02:15:01,8760.0,1200.0,170800.0
713,2021-10-18 02:15:01,8760.0,1500.0,169600.0
714,2021-10-18 02:15:01,8760.0,300.0,168100.0
715,2021-10-18 02:15:01,8760.0,200.0,167800.0
716,2021-10-18 02:15:01,8760.0,500.0,167600.0
717,2021-10-18 02:15:01,8760.0,500.0,167100.0
718,2021-10-18 02:15:01,8760.0,1000.0,166600.0
719,2021-10-18 02:15:01,8760.0,100.0,165600.0
720,2021-10-18 02:15:01,8760.0,1000.0,165500.0
721,2021-10-18 02:15:01,8760.0,700.0,164500.0
722,2021-10-18 02:15:01,8760.0,100.0,163800.0
723,2021-10-18 02:15:01,8760.0,200.0,163700.0
724,2021-10-18 02:15:01,8760.0,500.0,163500.0
725,2021-10-18 02:15:01,8760.0,2700.0,163000.0
726,2021-10-18 02:15:01,8760.0,100.0,160300.0
727,2021-10-18 02:15:01,8760.0,1300.0,160200.0
728,2021-10-18 02:15:01,8760.0,200.0,158900.0
729,2021-10-18 02:15:01,8760.0,400.0,158700.0
730,2021-10-18 02:15:01,8760.0,3000.0,158300.0
731,2021-10-18 02:15:01,8760.0,100.0,155300.0
732,2021-10-18 02:15:01,8760.0,2200.0,155200.0
733,2021-10-18 02:15:01,8760.0,1800.0,153000.0
734,2021-10-18 02:15:01,8760.0,500.0,151200.0
735,2021-10-18 02:15:01,8760.0,500.0,150700.0
736,2021-10-18 02:15:01,8760.0,100.0,150200.0
737,2021-10-18 02:15:01,8760.0,500.0,150100.0
738,2021-10-18 02:15:01,8760.0,200.0,149600.0
739,2021-10-18 02:15:01,8760.0,100.0,149400.0
740,2021-10-18 02:15:01,8760.0,100.0,149300.0
741,2021-10-18 02:15:01,8760.0,4100.0,149200.0
742,2021-10-18 02:15:01,8760.0,1000.0,145100.0
743,2021-10-18 02:15:01,8760.0,200.0,144100.0
744,2021-10-18 02:15:01,8760.0,1500.0,143900.0
745,2021-10-18 02:15:01,8760.0,1400.0,142400.0
746,2021-10-18 02:15:01,8760.0,2000.0,141000.0
747,2021-10-18 02:15:01,8760.0,2200.0,139000.0
748,2021-10-18 02:15:01,8760.0,500.0,136800.0
749,2021-10-18 02:15:01,8760.0,1100.0,136300.0
750,2021-10-18 02:15:01,8760.0,700.0,135200.0
751,2021-10-18 02:15:01,8760.0,200.0,134500.0
752,2021-10-18 02:15:01,8760.0,100.0,134300.0
753,2021-10-18 02:15:01,8760.0,100.0,134200.0
754,2021-10-18 02:15:01,8760.0,100.0,134100.0
755,2021-10-18 02:15:01,8760.0,1000.0,134000.0
756,2021-10-18 02:15:01,8760.0,1500.0,133000.0
757,2021-10-18 02:15:01,8760.0,400.0,131500.0
758,2021-10-18 02:15:01,8760.0,100.0,131100.0
759,2021-10-18 02:15:01,8760.0,200.0,131000.0
760,2021-10-18 02:15:01,8760.0,4700.0,130800.0
761,2021-10-18 02:15:01,8760.0,200.0,126100.0
762,2021-10-18 02:15:01,8760.0,100.0,125900.0
763,2021-10-18 02:15:01,8760.0,900.0,125800.0
764,2021-10-18 02:15:01,8760.0,2100.0,124900.0
765,2021-10-18 02:15:01,8760.0,1500.0,122800.0
766,2021-10-18 02:15:01,8760.0,500.0,121300.0
767,2021-10-18 02:15:01,8760.0,900.0,120800.0
768,2021-10-18 02:15:01,8760.0,100.0,119900.0
769,2021-10-18 02:15:01,8760.0,400.0,119800.0
770,2021-10-18 02:15:01,8760.0,400.0,119400.0
771,2021-10-18 02:15:01,8760.0,1600.0,119000.0
772,2021-10-18 02:15:01,8760.0,200.0,117400.0
773,2021-10-18 02:15:01,8760.0,2100.0,117200.0
774,2021-10-18 02:15:01,8760.0,1800.0,115100.0
775,2021-10-18 02:15:01,8760.0,22300.0,113300.0
776,2021-10-18 02:15:01,8760.0,4000.0,91000.0
777,2021-10-18 02:15:01,8760.0,100.0,87000.0
778,2021-10-18 02:15:01,8760.0,7000.0,86900.0
779,2021-10-18 02:15:01,8760.0,200.0,79900.0
780,2021-10-18 02:15:01,8760.0,100.0,79700.0
781,2021-10-18 02:15:01,8760.0,200.0,79600.0
782,2021-10-18 02:15:01,8760.0,7000.0,79400.0
783,2021-10-18 02:15:01,8760.0,100.0,72400.0
784,2021-10-18 02:15:01,8760.0,1100.0,72300.0
785,2021-10-18 02:15:01,8760.0,2500.0,71200.0
786,2021-10-18 02:15:01,8760.0,10000.0,68700.0
787,2021-10-18 02:15:01,8760.0,5100.0,58700.0
788,2021-10-18 02:15:01,8760.0,1900.0,53600.0
789,2021-10-18 02:15:01,8760.0,100.0,51700.0
790,2021-10-18 02:15:01,8760.0,1600.0,51600.0
791,2021-10-18 02:15:01,8760.0,6700.0,50000.0
792,2021-10-18 02:15:01,8760.0,5000.0,43300.0
793,2021-10-18 02:15:01,8760.0,3000.0,38300.0
794,2021-10-18 02:15:01,8760.0,500.0,35300.0
795,2021-10-18 02:15:01,8760.0,5000.0,34800.0
796,2021-10-18 02:15:01,8760.0,15000.0,29800.0
797,2021-10-18 02:15:01,8760.0,12700.0,14800.0
798,2021-10-18 02:15:01,8760.0,2100.0,2100.0
