,Time,Price,Volume_per_trade,Volume
0,2021-10-11 07:45:01,39000.0,100.0,4698700.0
1,2021-10-11 07:45:01,39000.0,100.0,4698600.0
2,2021-10-11 07:45:01,39000.0,200.0,4698500.0
3,2021-10-11 07:45:01,39000.0,1000.0,4698300.0
4,2021-10-11 07:45:01,39000.0,300.0,4697300.0
5,2021-10-11 07:45:01,39000.0,100.0,4697000.0
6,2021-10-11 07:45:01,39000.0,100.0,4696900.0
7,2021-10-11 07:45:01,39000.0,3300.0,4696800.0
8,2021-10-11 07:45:01,39000.0,100.0,4693500.0
9,2021-10-11 07:45:01,39000.0,100.0,4693400.0
10,2021-10-11 07:45:01,39000.0,100.0,4693300.0
11,2021-10-11 07:45:01,39000.0,100.0,4693200.0
12,2021-10-11 07:45:01,39000.0,500.0,4693100.0
13,2021-10-11 07:45:01,39000.0,3000.0,4692600.0
14,2021-10-11 07:45:01,39000.0,500.0,4689600.0
15,2021-10-11 07:45:01,39000.0,200.0,4689100.0
16,2021-10-11 07:45:01,39000.0,100.0,4688900.0
17,2021-10-11 07:45:01,39000.0,1000.0,4688800.0
18,2021-10-11 07:45:01,39000.0,1000.0,4687800.0
19,2021-10-11 07:45:01,39000.0,200.0,4686800.0
20,2021-10-11 07:45:01,39000.0,200.0,4686600.0
21,2021-10-11 07:45:01,39000.0,100.0,4686400.0
22,2021-10-11 07:45:01,39000.0,2000.0,4686300.0
23,2021-10-11 07:45:01,39000.0,2400.0,4684300.0
24,2021-10-11 07:45:01,39000.0,3000.0,4681900.0
25,2021-10-11 07:45:01,39000.0,12000.0,4678900.0
26,2021-10-11 07:45:01,39000.0,300.0,4666900.0
27,2021-10-11 07:45:01,39000.0,700.0,4666600.0
28,2021-10-11 07:45:01,39000.0,1000.0,4665900.0
29,2021-10-11 07:45:01,39000.0,300.0,4664900.0
30,2021-10-11 07:45:01,39000.0,400.0,4664600.0
31,2021-10-11 07:45:01,39000.0,500.0,4664200.0
32,2021-10-11 07:45:01,39000.0,200.0,4663700.0
33,2021-10-11 07:45:01,39000.0,500.0,4663500.0
34,2021-10-11 07:45:01,39000.0,400.0,4663000.0
35,2021-10-11 07:45:01,39000.0,600.0,4662600.0
36,2021-10-11 07:45:01,39000.0,100.0,4662000.0
37,2021-10-11 07:45:01,39000.0,100.0,4661900.0
38,2021-10-11 07:45:01,39000.0,200.0,4661800.0
39,2021-10-11 07:45:01,39000.0,500.0,4661600.0
40,2021-10-11 07:45:01,39000.0,100.0,4661100.0
41,2021-10-11 07:45:01,39000.0,200.0,4661000.0
42,2021-10-11 07:45:01,39000.0,200.0,4660800.0
43,2021-10-11 07:45:01,39000.0,400.0,4660600.0
44,2021-10-11 07:45:01,39000.0,600.0,4660200.0
45,2021-10-11 07:45:01,39000.0,200.0,4659600.0
46,2021-10-11 07:45:01,39000.0,100.0,4659400.0
47,2021-10-11 07:45:01,39000.0,500.0,4659300.0
48,2021-10-11 07:45:01,39000.0,1500.0,4658800.0
49,2021-10-11 07:45:01,39000.0,500.0,4657300.0
50,2021-10-11 07:45:01,39000.0,100.0,4656800.0
51,2021-10-11 07:45:01,39000.0,1700.0,4656700.0
52,2021-10-11 07:45:01,39000.0,300.0,4655000.0
53,2021-10-11 07:45:01,39000.0,19700.0,4654700.0
54,2021-10-11 07:45:01,39000.0,700.0,4635000.0
55,2021-10-11 07:45:01,39000.0,300.0,4634300.0
56,2021-10-11 07:45:01,39000.0,200.0,4634000.0
57,2021-10-11 07:45:01,39000.0,1000.0,4633800.0
58,2021-10-11 07:45:01,39000.0,500.0,4632800.0
59,2021-10-11 07:45:01,39000.0,10000.0,4632300.0
60,2021-10-11 07:45:01,39000.0,3000.0,4622300.0
61,2021-10-11 07:45:01,39000.0,1400.0,4619300.0
62,2021-10-11 07:45:01,39000.0,500.0,4617900.0
63,2021-10-11 07:45:01,39000.0,2000.0,4617400.0
64,2021-10-11 07:45:01,39000.0,500.0,4615400.0
65,2021-10-11 07:45:01,39000.0,8200.0,4614900.0
66,2021-10-11 07:45:01,39000.0,7500.0,4606700.0
67,2021-10-11 07:45:01,39000.0,1000.0,4599200.0
68,2021-10-11 07:45:01,39000.0,3300.0,4598200.0
69,2021-10-11 07:45:01,39000.0,700.0,4594900.0
70,2021-10-11 07:45:01,39000.0,300.0,4594200.0
71,2021-10-11 07:45:01,39000.0,800.0,4593900.0
72,2021-10-11 07:45:01,39000.0,100.0,4593100.0
73,2021-10-11 07:45:01,39000.0,300.0,4593000.0
74,2021-10-11 07:45:01,39000.0,1700.0,4592700.0
75,2021-10-11 07:45:01,39000.0,2000.0,4591000.0
76,2021-10-11 07:45:01,39000.0,100.0,4589000.0
77,2021-10-11 07:45:01,39000.0,100.0,4588900.0
78,2021-10-11 07:45:01,39000.0,1100.0,4588800.0
79,2021-10-11 07:45:01,39000.0,300.0,4587700.0
80,2021-10-11 07:45:01,39000.0,600.0,4587400.0
81,2021-10-11 07:45:01,39000.0,100.0,4586800.0
82,2021-10-11 07:45:01,39000.0,100.0,4586700.0
83,2021-10-11 07:45:01,39000.0,1300.0,4586600.0
84,2021-10-11 07:45:01,39000.0,300.0,4585300.0
85,2021-10-11 07:45:01,39000.0,9700.0,4585000.0
86,2021-10-11 07:45:01,39000.0,100.0,4575300.0
87,2021-10-11 07:45:01,39000.0,3000.0,4575200.0
88,2021-10-11 07:45:01,39000.0,300.0,4572200.0
89,2021-10-11 07:45:01,39000.0,100.0,4571900.0
90,2021-10-11 07:45:01,39000.0,3000.0,4571800.0
91,2021-10-11 07:45:01,39000.0,500.0,4568800.0
92,2021-10-11 07:45:01,39000.0,1000.0,4568300.0
93,2021-10-11 07:45:01,39000.0,100.0,4567300.0
94,2021-10-11 07:45:01,39000.0,4000.0,4567200.0
95,2021-10-11 07:45:01,39000.0,3000.0,4563200.0
96,2021-10-11 07:45:01,39000.0,3000.0,4560200.0
97,2021-10-11 07:45:01,39000.0,200.0,4557200.0
98,2021-10-11 07:45:01,39000.0,5000.0,4557000.0
99,2021-10-11 07:45:01,39000.0,300.0,4552000.0
100,2021-10-11 07:45:01,39000.0,1500.0,4551700.0
101,2021-10-11 07:45:01,39000.0,300.0,4550200.0
102,2021-10-11 07:45:01,39000.0,300.0,4549900.0
103,2021-10-11 07:45:01,39000.0,2000.0,4549600.0
104,2021-10-11 07:45:01,39000.0,300.0,4547600.0
105,2021-10-11 07:45:01,39000.0,100.0,4547300.0
106,2021-10-11 07:45:01,39000.0,5000.0,4547200.0
107,2021-10-11 07:45:01,39000.0,500.0,4542200.0
108,2021-10-11 07:45:01,39000.0,100.0,4541700.0
109,2021-10-11 07:45:01,39000.0,800.0,4541600.0
110,2021-10-11 07:45:01,39000.0,100.0,4540800.0
111,2021-10-11 07:45:01,39000.0,3000.0,4540700.0
112,2021-10-11 07:45:01,39000.0,100.0,4537700.0
113,2021-10-11 07:45:01,39000.0,300.0,4537600.0
114,2021-10-11 07:45:01,39000.0,100.0,4537300.0
115,2021-10-11 07:45:01,39000.0,1000.0,4537200.0
116,2021-10-11 07:45:01,39000.0,100.0,4536200.0
117,2021-10-11 07:45:01,39000.0,1100.0,4536100.0
118,2021-10-11 07:45:01,39000.0,100.0,4535000.0
119,2021-10-11 07:45:01,39000.0,800.0,4534900.0
120,2021-10-11 07:45:01,39000.0,300.0,4534100.0
121,2021-10-11 07:45:01,39000.0,1000.0,4533800.0
122,2021-10-11 07:29:48,39050.0,300.0,4532800.0
123,2021-10-11 07:29:41,39050.0,100.0,4532500.0
124,2021-10-11 07:29:38,39100.0,800.0,4532400.0
125,2021-10-11 07:29:38,39100.0,3700.0,4531600.0
126,2021-10-11 07:29:38,39100.0,1700.0,4527900.0
127,2021-10-11 07:29:38,39100.0,500.0,4526200.0
128,2021-10-11 07:29:38,39100.0,100.0,4525700.0
129,2021-10-11 07:29:38,39100.0,1000.0,4525600.0
130,2021-10-11 07:29:38,39100.0,500.0,4524600.0
131,2021-10-11 07:29:38,39100.0,300.0,4524100.0
132,2021-10-11 07:29:38,39100.0,100.0,4523800.0
133,2021-10-11 07:29:38,39100.0,300.0,4523700.0
134,2021-10-11 07:29:38,39100.0,200.0,4523400.0
135,2021-10-11 07:29:38,39100.0,1000.0,4523200.0
136,2021-10-11 07:29:38,39100.0,600.0,4522200.0
137,2021-10-11 07:29:38,39100.0,400.0,4521600.0
138,2021-10-11 07:29:38,39100.0,300.0,4521200.0
139,2021-10-11 07:29:37,39100.0,300.0,4520900.0
140,2021-10-11 07:29:37,39100.0,100.0,4520600.0
141,2021-10-11 07:29:36,39100.0,500.0,4520500.0
142,2021-10-11 07:29:17,39100.0,200.0,4520000.0
143,2021-10-11 07:29:17,39150.0,400.0,4519800.0
144,2021-10-11 07:29:15,39100.0,1000.0,4519400.0
145,2021-10-11 07:29:07,39100.0,2600.0,4518400.0
146,2021-10-11 07:29:07,39100.0,100.0,4515800.0
147,2021-10-11 07:29:07,39100.0,500.0,4515700.0
148,2021-10-11 07:29:07,39100.0,1800.0,4515200.0
149,2021-10-11 07:29:03,39150.0,300.0,4513400.0
150,2021-10-11 07:29:00,39100.0,100.0,4513100.0
151,2021-10-11 07:28:55,39150.0,1200.0,4513000.0
152,2021-10-11 07:28:47,39150.0,1300.0,4511800.0
153,2021-10-11 07:28:47,39150.0,100.0,4510500.0
154,2021-10-11 07:28:47,39150.0,400.0,4510400.0
155,2021-10-11 07:28:47,39150.0,200.0,4510000.0
156,2021-10-11 07:28:47,39100.0,4500.0,4509800.0
157,2021-10-11 07:28:41,39100.0,2500.0,4505300.0
158,2021-10-11 07:28:34,39100.0,5000.0,4502800.0
159,2021-10-11 07:28:32,39150.0,300.0,4497800.0
160,2021-10-11 07:28:32,39150.0,100.0,4497500.0
161,2021-10-11 07:28:32,39150.0,100.0,4497400.0
162,2021-10-11 07:28:19,39100.0,1000.0,4497300.0
163,2021-10-11 07:28:18,39100.0,100.0,4496300.0
164,2021-10-11 07:28:18,39100.0,200.0,4496200.0
165,2021-10-11 07:28:14,39150.0,9900.0,4496000.0
166,2021-10-11 07:28:14,39150.0,10000.0,4486100.0
167,2021-10-11 07:28:14,39100.0,100.0,4476100.0
168,2021-10-11 07:28:14,39100.0,200.0,4476000.0
169,2021-10-11 07:28:14,39100.0,1000.0,4475800.0
170,2021-10-11 07:28:14,39100.0,100.0,4474800.0
171,2021-10-11 07:28:14,39100.0,200.0,4474700.0
172,2021-10-11 07:28:14,39100.0,2000.0,4474500.0
173,2021-10-11 07:28:14,39100.0,100.0,4472500.0
174,2021-10-11 07:28:14,39100.0,500.0,4472400.0
175,2021-10-11 07:28:14,39100.0,5900.0,4471900.0
176,2021-10-11 07:28:07,39100.0,100.0,4466000.0
177,2021-10-11 07:28:02,39100.0,24700.0,4465900.0
178,2021-10-11 07:28:02,39100.0,800.0,4441200.0
179,2021-10-11 07:27:58,39100.0,3200.0,4440400.0
180,2021-10-11 07:27:58,39100.0,300.0,4437200.0
181,2021-10-11 07:27:58,39100.0,100.0,4436900.0
182,2021-10-11 07:27:58,39100.0,100.0,4436800.0
183,2021-10-11 07:27:58,39100.0,1000.0,4436700.0
184,2021-10-11 07:27:58,39100.0,500.0,4435700.0
185,2021-10-11 07:27:58,39100.0,200.0,4435200.0
186,2021-10-11 07:27:58,39100.0,800.0,4435000.0
187,2021-10-11 07:27:58,39100.0,200.0,4434200.0
188,2021-10-11 07:27:58,39100.0,100.0,4434000.0
189,2021-10-11 07:27:58,39100.0,500.0,4433900.0
190,2021-10-11 07:27:58,39100.0,1000.0,4433400.0
191,2021-10-11 07:27:58,39100.0,2000.0,4432400.0
192,2021-10-11 07:27:53,39050.0,900.0,4430400.0
193,2021-10-11 07:27:49,39100.0,1000.0,4429500.0
194,2021-10-11 07:27:47,39100.0,200.0,4428500.0
195,2021-10-11 07:27:44,39050.0,100.0,4428300.0
196,2021-10-11 07:27:44,39050.0,200.0,4428200.0
197,2021-10-11 07:27:44,39050.0,300.0,4428000.0
198,2021-10-11 07:27:26,39100.0,700.0,4427700.0
199,2021-10-11 07:27:25,39050.0,700.0,4427000.0
200,2021-10-11 07:27:25,39050.0,400.0,4426300.0
201,2021-10-11 07:27:25,39050.0,400.0,4425900.0
202,2021-10-11 07:27:23,39100.0,300.0,4425500.0
203,2021-10-11 07:27:16,39050.0,500.0,4425200.0
204,2021-10-11 07:27:06,39050.0,100.0,4424700.0
205,2021-10-11 07:27:03,39100.0,200.0,4424600.0
206,2021-10-11 07:26:57,39050.0,500.0,4424400.0
207,2021-10-11 07:26:54,39050.0,500.0,4423900.0
208,2021-10-11 07:26:52,39050.0,1000.0,4423400.0
209,2021-10-11 07:26:40,39050.0,100.0,4422400.0
210,2021-10-11 07:26:37,39050.0,5900.0,4422300.0
211,2021-10-11 07:26:37,39050.0,500.0,4416400.0
212,2021-10-11 07:26:37,39050.0,600.0,4415900.0
213,2021-10-11 07:26:37,39050.0,100.0,4415300.0
214,2021-10-11 07:26:37,39050.0,1000.0,4415200.0
215,2021-10-11 07:26:37,39050.0,1900.0,4414200.0
216,2021-10-11 07:26:21,39050.0,100.0,4412300.0
217,2021-10-11 07:25:41,39050.0,200.0,4412200.0
218,2021-10-11 07:25:40,39050.0,200.0,4412000.0
219,2021-10-11 07:25:40,39050.0,100.0,4411800.0
220,2021-10-11 07:25:24,39050.0,100.0,4411700.0
221,2021-10-11 07:25:21,39100.0,2600.0,4411600.0
222,2021-10-11 07:25:21,39100.0,2000.0,4409000.0
223,2021-10-11 07:25:21,39100.0,2000.0,4407000.0
224,2021-10-11 07:25:21,39100.0,1000.0,4405000.0
225,2021-10-11 07:25:21,39100.0,100.0,4404000.0
226,2021-10-11 07:25:21,39100.0,600.0,4403900.0
227,2021-10-11 07:25:21,39050.0,2800.0,4403300.0
228,2021-10-11 07:25:21,39050.0,300.0,4400500.0
229,2021-10-11 07:25:21,39050.0,100.0,4400200.0
230,2021-10-11 07:25:21,39050.0,2000.0,4400100.0
231,2021-10-11 07:25:21,39050.0,1000.0,4398100.0
232,2021-10-11 07:25:21,39050.0,5500.0,4397100.0
233,2021-10-11 07:25:21,39050.0,100.0,4391600.0
234,2021-10-11 07:25:17,39050.0,400.0,4391500.0
235,2021-10-11 07:25:17,39050.0,1100.0,4391100.0
236,2021-10-11 07:25:06,39050.0,600.0,4390000.0
237,2021-10-11 07:24:56,39050.0,100.0,4389400.0
238,2021-10-11 07:24:23,39000.0,700.0,4389300.0
239,2021-10-11 07:24:21,39050.0,200.0,4388600.0
240,2021-10-11 07:24:20,39000.0,100.0,4388400.0
241,2021-10-11 07:24:10,39050.0,1000.0,4388300.0
242,2021-10-11 07:24:04,39050.0,300.0,4387300.0
243,2021-10-11 07:23:58,39050.0,700.0,4387000.0
244,2021-10-11 07:23:58,39050.0,500.0,4386300.0
245,2021-10-11 07:23:58,39050.0,300.0,4385800.0
246,2021-10-11 07:23:58,39050.0,1200.0,4385500.0
247,2021-10-11 07:23:58,39050.0,200.0,4384300.0
248,2021-10-11 07:23:58,39050.0,2000.0,4384100.0
249,2021-10-11 07:23:58,39050.0,100.0,4382100.0
250,2021-10-11 07:23:58,39050.0,100.0,4382000.0
251,2021-10-11 07:23:54,39050.0,800.0,4381900.0
252,2021-10-11 07:23:54,39050.0,600.0,4381100.0
253,2021-10-11 07:23:45,39050.0,400.0,4380500.0
254,2021-10-11 07:23:45,39050.0,100.0,4380100.0
255,2021-10-11 07:22:47,39000.0,2000.0,4380000.0
256,2021-10-11 07:22:47,39000.0,2000.0,4378000.0
257,2021-10-11 07:22:47,39000.0,100.0,4376000.0
258,2021-10-11 07:22:47,39000.0,3000.0,4375900.0
259,2021-10-11 07:22:47,39000.0,1000.0,4372900.0
260,2021-10-11 07:22:47,39000.0,100.0,4371900.0
261,2021-10-11 07:22:47,39000.0,100.0,4371800.0
262,2021-10-11 07:22:47,39000.0,500.0,4371700.0
263,2021-10-11 07:22:47,39000.0,100.0,4371200.0
264,2021-10-11 07:22:47,39000.0,100.0,4371100.0
265,2021-10-11 07:22:47,39000.0,1000.0,4371000.0
266,2021-10-11 07:22:47,39000.0,5000.0,4370000.0
267,2021-10-11 07:22:47,39000.0,300.0,4365000.0
268,2021-10-11 07:22:47,39000.0,2000.0,4364700.0
269,2021-10-11 07:22:47,39000.0,2000.0,4362700.0
270,2021-10-11 07:22:47,39000.0,500.0,4360700.0
271,2021-10-11 07:22:47,39000.0,200.0,4360200.0
272,2021-10-11 07:22:47,39000.0,2000.0,4360000.0
273,2021-10-11 07:22:47,39000.0,100.0,4358000.0
274,2021-10-11 07:22:47,39000.0,1000.0,4357900.0
275,2021-10-11 07:22:47,39000.0,200.0,4356900.0
276,2021-10-11 07:22:47,39000.0,12900.0,4356700.0
277,2021-10-11 07:22:47,39000.0,1000.0,4343800.0
278,2021-10-11 07:22:47,39000.0,500.0,4342800.0
279,2021-10-11 07:22:47,39000.0,700.0,4342300.0
280,2021-10-11 07:22:47,39000.0,300.0,4341600.0
281,2021-10-11 07:22:47,39000.0,2800.0,4341300.0
282,2021-10-11 07:22:47,39000.0,5000.0,4338500.0
283,2021-10-11 07:22:47,39000.0,7000.0,4333500.0
284,2021-10-11 07:22:47,39000.0,500.0,4326500.0
285,2021-10-11 07:22:47,39000.0,500.0,4326000.0
286,2021-10-11 07:22:47,39000.0,2000.0,4325500.0
287,2021-10-11 07:22:47,39000.0,1000.0,4323500.0
288,2021-10-11 07:22:47,39000.0,100.0,4322500.0
289,2021-10-11 07:22:47,39000.0,200.0,4322400.0
290,2021-10-11 07:22:47,39000.0,100.0,4322200.0
291,2021-10-11 07:22:47,39000.0,500.0,4322100.0
292,2021-10-11 07:22:47,39000.0,1000.0,4321600.0
293,2021-10-11 07:22:47,39000.0,600.0,4320600.0
294,2021-10-11 07:22:47,39000.0,30000.0,4320000.0
295,2021-10-11 07:22:47,39000.0,1000.0,4290000.0
296,2021-10-11 07:22:47,39000.0,200.0,4289000.0
297,2021-10-11 07:22:47,39000.0,200.0,4288800.0
298,2021-10-11 07:22:47,39000.0,100.0,4288600.0
299,2021-10-11 07:22:47,39000.0,1000.0,4288500.0
300,2021-10-11 07:22:47,39000.0,4300.0,4287500.0
301,2021-10-11 07:22:35,39000.0,300.0,4283200.0
302,2021-10-11 07:22:34,39000.0,100.0,4282900.0
303,2021-10-11 07:22:06,39000.0,200.0,4282800.0
304,2021-10-11 07:22:03,38950.0,2500.0,4282600.0
305,2021-10-11 07:22:03,38950.0,200.0,4280100.0
306,2021-10-11 07:22:03,38950.0,500.0,4279900.0
307,2021-10-11 07:22:03,38950.0,200.0,4279400.0
308,2021-10-11 07:22:03,38950.0,200.0,4279200.0
309,2021-10-11 07:22:03,38950.0,16400.0,4279000.0
310,2021-10-11 07:22:02,38950.0,200.0,4262600.0
311,2021-10-11 07:21:59,38950.0,1200.0,4262400.0
312,2021-10-11 07:21:58,39000.0,100.0,4261200.0
313,2021-10-11 07:21:43,38950.0,100.0,4261100.0
314,2021-10-11 07:21:23,38950.0,2100.0,4261000.0
315,2021-10-11 07:21:20,38950.0,500.0,4258900.0
316,2021-10-11 07:21:14,38950.0,500.0,4258400.0
317,2021-10-11 07:21:14,38950.0,1400.0,4257900.0
318,2021-10-11 07:21:11,38950.0,200.0,4256500.0
319,2021-10-11 07:21:11,38950.0,100.0,4256300.0
320,2021-10-11 07:21:11,38950.0,300.0,4256200.0
321,2021-10-11 07:21:03,38950.0,100.0,4255900.0
322,2021-10-11 07:20:59,38950.0,600.0,4255800.0
323,2021-10-11 07:20:59,38950.0,2000.0,4255200.0
324,2021-10-11 07:20:59,38950.0,2000.0,4253200.0
325,2021-10-11 07:20:59,38950.0,400.0,4251200.0
326,2021-10-11 07:20:47,38900.0,500.0,4250800.0
327,2021-10-11 07:20:35,38900.0,200.0,4250300.0
328,2021-10-11 07:20:23,38950.0,400.0,4250100.0
329,2021-10-11 07:20:18,38950.0,300.0,4249700.0
330,2021-10-11 07:20:07,38950.0,4900.0,4249400.0
331,2021-10-11 07:20:07,38950.0,100.0,4244500.0
332,2021-10-11 07:20:07,38950.0,1200.0,4244400.0
333,2021-10-11 07:20:07,38950.0,1000.0,4243200.0
334,2021-10-11 07:20:07,38950.0,9000.0,4242200.0
335,2021-10-11 07:20:07,38950.0,1000.0,4233200.0
336,2021-10-11 07:20:07,38950.0,2800.0,4232200.0
337,2021-10-11 07:20:01,38950.0,1000.0,4229400.0
338,2021-10-11 07:19:58,38950.0,1200.0,4228400.0
339,2021-10-11 07:19:58,38950.0,100.0,4227200.0
340,2021-10-11 07:19:58,38950.0,200.0,4227100.0
341,2021-10-11 07:19:45,38950.0,100.0,4226900.0
342,2021-10-11 07:19:32,38950.0,700.0,4226800.0
343,2021-10-11 07:19:32,38950.0,500.0,4226100.0
344,2021-10-11 07:19:32,38950.0,2800.0,4225600.0
345,2021-10-11 07:19:18,38950.0,2200.0,4222800.0
346,2021-10-11 07:19:18,38950.0,2000.0,4220600.0
347,2021-10-11 07:19:18,38950.0,800.0,4218600.0
348,2021-10-11 07:19:16,38900.0,300.0,4217800.0
349,2021-10-11 07:19:02,38900.0,2000.0,4217500.0
350,2021-10-11 07:19:01,38950.0,100.0,4215500.0
351,2021-10-11 07:18:56,38950.0,100.0,4215400.0
352,2021-10-11 07:18:42,38950.0,100.0,4215300.0
353,2021-10-11 07:18:41,38900.0,100.0,4215200.0
354,2021-10-11 07:18:32,38950.0,400.0,4215100.0
355,2021-10-11 07:18:32,38950.0,1000.0,4214700.0
356,2021-10-11 07:18:32,38950.0,100.0,4213700.0
357,2021-10-11 07:18:32,38950.0,500.0,4213600.0
358,2021-10-11 07:18:29,38950.0,100.0,4213100.0
359,2021-10-11 07:18:25,38900.0,500.0,4213000.0
360,2021-10-11 07:18:25,38900.0,1300.0,4212500.0
361,2021-10-11 07:18:25,38900.0,100.0,4211200.0
362,2021-10-11 07:18:25,38900.0,600.0,4211100.0
363,2021-10-11 07:18:25,38900.0,200.0,4210500.0
364,2021-10-11 07:18:25,38900.0,300.0,4210300.0
365,2021-10-11 07:18:24,38900.0,200.0,4210000.0
366,2021-10-11 07:18:24,38900.0,200.0,4209800.0
367,2021-10-11 07:18:24,38900.0,1500.0,4209600.0
368,2021-10-11 07:18:24,38900.0,100.0,4208100.0
369,2021-10-11 07:18:09,38900.0,2900.0,4208000.0
370,2021-10-11 07:18:09,38900.0,200.0,4205100.0
371,2021-10-11 07:18:09,38900.0,500.0,4204900.0
372,2021-10-11 07:18:09,38900.0,500.0,4204400.0
373,2021-10-11 07:18:09,38900.0,300.0,4203900.0
374,2021-10-11 07:18:09,38900.0,200.0,4203600.0
375,2021-10-11 07:18:09,38900.0,500.0,4203400.0
376,2021-10-11 07:18:09,38900.0,2000.0,4202900.0
377,2021-10-11 07:18:09,38900.0,100.0,4200900.0
378,2021-10-11 07:18:09,38900.0,500.0,4200800.0
379,2021-10-11 07:18:09,38900.0,2300.0,4200300.0
380,2021-10-11 07:17:46,38900.0,2000.0,4198000.0
381,2021-10-11 07:17:45,38900.0,700.0,4196000.0
382,2021-10-11 07:17:45,38900.0,500.0,4195300.0
383,2021-10-11 07:17:14,38950.0,100.0,4194800.0
384,2021-10-11 07:16:47,38900.0,100.0,4194700.0
385,2021-10-11 07:16:20,38900.0,400.0,4194600.0
386,2021-10-11 07:16:20,38900.0,100.0,4194200.0
387,2021-10-11 07:16:09,38950.0,100.0,4194100.0
388,2021-10-11 07:16:09,38950.0,200.0,4194000.0
389,2021-10-11 07:16:06,38900.0,100.0,4193800.0
390,2021-10-11 07:16:06,38900.0,1000.0,4193700.0
391,2021-10-11 07:16:06,38900.0,1000.0,4192700.0
392,2021-10-11 07:16:06,38900.0,500.0,4191700.0
393,2021-10-11 07:16:06,38900.0,500.0,4191200.0
394,2021-10-11 07:16:06,38900.0,200.0,4190700.0
395,2021-10-11 07:16:06,38900.0,1100.0,4190500.0
396,2021-10-11 07:16:06,38900.0,500.0,4189400.0
397,2021-10-11 07:16:06,38900.0,100.0,4188900.0
398,2021-10-11 07:16:06,38900.0,100.0,4188800.0
399,2021-10-11 07:16:06,38900.0,2000.0,4188700.0
400,2021-10-11 07:16:06,38900.0,100.0,4186700.0
401,2021-10-11 07:16:06,38900.0,800.0,4186600.0
402,2021-10-11 07:16:06,38900.0,300.0,4185800.0
403,2021-10-11 07:16:06,38900.0,100.0,4185500.0
404,2021-10-11 07:16:06,38900.0,100.0,4185400.0
405,2021-10-11 07:16:06,38900.0,1500.0,4185300.0
406,2021-10-11 07:16:04,38950.0,100.0,4183800.0
407,2021-10-11 07:15:48,38950.0,200.0,4183700.0
408,2021-10-11 07:15:48,38950.0,2000.0,4183500.0
409,2021-10-11 07:15:48,38950.0,100.0,4181500.0
410,2021-10-11 07:15:48,38950.0,100.0,4181400.0
411,2021-10-11 07:15:46,38900.0,500.0,4181300.0
412,2021-10-11 07:15:46,38900.0,2500.0,4180800.0
413,2021-10-11 07:15:40,38900.0,300.0,4178300.0
414,2021-10-11 07:15:38,38950.0,100.0,4178000.0
415,2021-10-11 07:15:37,38950.0,100.0,4177900.0
416,2021-10-11 07:15:36,38900.0,100.0,4177800.0
417,2021-10-11 07:15:27,38900.0,100.0,4177700.0
418,2021-10-11 07:15:27,38900.0,100.0,4177600.0
419,2021-10-11 07:15:06,38950.0,100.0,4177500.0
420,2021-10-11 07:15:05,38950.0,500.0,4177400.0
421,2021-10-11 07:14:46,38950.0,1000.0,4176900.0
422,2021-10-11 07:14:40,38900.0,1600.0,4175900.0
423,2021-10-11 07:14:40,38900.0,2000.0,4174300.0
424,2021-10-11 07:14:40,38900.0,500.0,4172300.0
425,2021-10-11 07:14:40,38900.0,9400.0,4171800.0
426,2021-10-11 07:14:30,38900.0,5000.0,4162400.0
427,2021-10-11 07:14:05,38900.0,3600.0,4157400.0
428,2021-10-11 07:14:05,38900.0,1800.0,4153800.0
429,2021-10-11 07:14:05,38900.0,500.0,4152000.0
430,2021-10-11 07:14:05,38900.0,100.0,4151500.0
431,2021-10-11 07:14:05,38900.0,2000.0,4151400.0
432,2021-10-11 07:14:05,38900.0,2000.0,4149400.0
433,2021-10-11 07:14:05,38900.0,500.0,4147400.0
434,2021-10-11 07:14:05,38900.0,100.0,4146900.0
435,2021-10-11 07:14:05,38900.0,100.0,4146800.0
436,2021-10-11 07:14:05,38900.0,300.0,4146700.0
437,2021-10-11 07:14:05,38900.0,500.0,4146400.0
438,2021-10-11 07:14:05,38900.0,300.0,4145900.0
439,2021-10-11 07:14:05,38900.0,1500.0,4145600.0
440,2021-10-11 07:14:05,38900.0,2000.0,4144100.0
441,2021-10-11 07:14:05,38900.0,500.0,4142100.0
442,2021-10-11 07:14:05,38900.0,100.0,4141600.0
443,2021-10-11 07:14:05,38900.0,100.0,4141500.0
444,2021-10-11 07:14:05,38900.0,14000.0,4141400.0
445,2021-10-11 07:14:02,38900.0,2000.0,4127400.0
446,2021-10-11 07:13:59,38900.0,200.0,4125400.0
447,2021-10-11 07:13:42,38900.0,200.0,4125200.0
448,2021-10-11 07:13:22,38950.0,1200.0,4125000.0
449,2021-10-11 07:13:22,38950.0,1100.0,4123800.0
450,2021-10-11 07:13:22,38950.0,100.0,4122700.0
451,2021-10-11 07:13:22,38950.0,500.0,4122600.0
452,2021-10-11 07:13:22,38950.0,5100.0,4122100.0
453,2021-10-11 07:12:57,38900.0,100.0,4117000.0
454,2021-10-11 07:12:21,38900.0,2000.0,4116900.0
455,2021-10-11 07:12:13,38900.0,4800.0,4114900.0
456,2021-10-11 07:11:54,38900.0,2000.0,4110100.0
457,2021-10-11 07:11:54,38900.0,300.0,4108100.0
458,2021-10-11 07:11:53,38900.0,10000.0,4107800.0
459,2021-10-11 07:11:37,38900.0,10000.0,4097800.0
460,2021-10-11 07:10:46,38900.0,10000.0,4087800.0
461,2021-10-11 07:10:39,38900.0,500.0,4077800.0
462,2021-10-11 07:10:31,38950.0,100.0,4077300.0
463,2021-10-11 07:10:15,38950.0,500.0,4077200.0
464,2021-10-11 07:10:02,38900.0,500.0,4076700.0
465,2021-10-11 07:09:45,38900.0,14700.0,4076200.0
466,2021-10-11 07:09:01,38950.0,4300.0,4061500.0
467,2021-10-11 07:09:01,38950.0,2000.0,4057200.0
468,2021-10-11 07:09:01,38950.0,2400.0,4055200.0
469,2021-10-11 07:08:58,38950.0,3000.0,4052800.0
470,2021-10-11 07:08:54,38900.0,300.0,4049800.0
471,2021-10-11 07:08:52,38950.0,1500.0,4049500.0
472,2021-10-11 07:08:43,38950.0,2000.0,4048000.0
473,2021-10-11 07:08:42,38950.0,1000.0,4046000.0
474,2021-10-11 07:08:33,38950.0,1100.0,4045000.0
475,2021-10-11 07:08:28,38950.0,500.0,4043900.0
476,2021-10-11 07:08:26,38900.0,2000.0,4043400.0
477,2021-10-11 07:08:19,38950.0,100.0,4041400.0
478,2021-10-11 07:08:12,38950.0,400.0,4041300.0
479,2021-10-11 07:08:08,38950.0,5200.0,4040900.0
480,2021-10-11 07:08:06,38900.0,5000.0,4035700.0
481,2021-10-11 07:07:43,38950.0,200.0,4030700.0
482,2021-10-11 07:07:29,38900.0,3000.0,4030500.0
483,2021-10-11 07:07:10,38950.0,500.0,4027500.0
484,2021-10-11 07:07:10,38950.0,5000.0,4027000.0
485,2021-10-11 07:07:10,38950.0,100.0,4022000.0
486,2021-10-11 07:06:50,38950.0,200.0,4021900.0
487,2021-10-11 07:06:48,39000.0,300.0,4021700.0
488,2021-10-11 07:06:47,38950.0,100.0,4021400.0
489,2021-10-11 07:06:44,39000.0,1600.0,4021300.0
490,2021-10-11 07:06:16,39000.0,100.0,4019700.0
491,2021-10-11 07:06:10,39000.0,500.0,4019600.0
492,2021-10-11 07:06:10,39000.0,2400.0,4019100.0
493,2021-10-11 07:06:10,39000.0,600.0,4016700.0
494,2021-10-11 07:05:51,39000.0,800.0,4016100.0
495,2021-10-11 07:05:18,38950.0,500.0,4015300.0
496,2021-10-11 07:05:18,38950.0,1100.0,4014800.0
497,2021-10-11 07:05:15,38950.0,4000.0,4013700.0
498,2021-10-11 07:05:15,38950.0,2000.0,4009700.0
499,2021-10-11 07:05:15,38950.0,4000.0,4007700.0
500,2021-10-11 07:05:13,38950.0,200.0,4003700.0
501,2021-10-11 07:04:58,38950.0,500.0,4003500.0
502,2021-10-11 07:04:48,38950.0,2000.0,4003000.0
503,2021-10-11 07:04:46,38950.0,200.0,4001000.0
504,2021-10-11 07:04:37,38950.0,2000.0,4000800.0
505,2021-10-11 07:04:37,38950.0,100.0,3998800.0
506,2021-10-11 07:04:37,38950.0,400.0,3998700.0
507,2021-10-11 07:04:37,38950.0,1400.0,3998300.0
508,2021-10-11 07:04:08,38900.0,900.0,3996900.0
509,2021-10-11 07:04:08,38950.0,1100.0,3996000.0
510,2021-10-11 07:03:55,38950.0,900.0,3994900.0
511,2021-10-11 07:03:47,38950.0,100.0,3994000.0
512,2021-10-11 07:03:47,38950.0,200.0,3993900.0
513,2021-10-11 07:03:47,38950.0,1700.0,3993700.0
514,2021-10-11 07:03:47,38950.0,1000.0,3992000.0
515,2021-10-11 07:03:44,38950.0,400.0,3991000.0
516,2021-10-11 07:03:24,38950.0,300.0,3990600.0
517,2021-10-11 07:03:22,38950.0,100.0,3990300.0
518,2021-10-11 07:03:16,38950.0,300.0,3990200.0
519,2021-10-11 07:03:16,38950.0,5000.0,3989900.0
520,2021-10-11 07:03:16,38950.0,1100.0,3984900.0
521,2021-10-11 07:03:16,38950.0,2000.0,3983800.0
522,2021-10-11 07:03:16,38950.0,900.0,3981800.0
523,2021-10-11 07:03:16,38950.0,4000.0,3980900.0
524,2021-10-11 07:03:16,38950.0,2000.0,3976900.0
525,2021-10-11 07:03:16,38950.0,100.0,3974900.0
526,2021-10-11 07:03:16,38950.0,1000.0,3974800.0
527,2021-10-11 07:03:16,38950.0,100.0,3973800.0
528,2021-10-11 07:03:15,39000.0,200.0,3973700.0
529,2021-10-11 07:03:10,38950.0,200.0,3973500.0
530,2021-10-11 07:02:52,38950.0,200.0,3973300.0
531,2021-10-11 07:02:52,38950.0,300.0,3973100.0
532,2021-10-11 07:02:49,38950.0,100.0,3972800.0
533,2021-10-11 07:02:48,38950.0,1600.0,3972700.0
534,2021-10-11 07:02:48,38950.0,1000.0,3971100.0
535,2021-10-11 07:02:48,38950.0,1000.0,3970100.0
536,2021-10-11 07:02:48,38950.0,400.0,3969100.0
537,2021-10-11 07:02:47,39000.0,100.0,3968700.0
538,2021-10-11 07:02:20,38950.0,600.0,3968600.0
539,2021-10-11 07:02:07,38950.0,100.0,3968000.0
540,2021-10-11 07:02:07,39000.0,200.0,3967900.0
541,2021-10-11 07:01:56,38950.0,3000.0,3967700.0
542,2021-10-11 07:01:52,39000.0,200.0,3964700.0
543,2021-10-11 07:01:45,39000.0,500.0,3964500.0
544,2021-10-11 07:01:44,39000.0,100.0,3964000.0
545,2021-10-11 07:01:43,39000.0,300.0,3963900.0
546,2021-10-11 07:01:42,38950.0,2000.0,3963600.0
547,2021-10-11 07:01:39,39000.0,500.0,3961600.0
548,2021-10-11 07:01:35,39000.0,100.0,3961100.0
549,2021-10-11 07:01:25,39000.0,100.0,3961000.0
550,2021-10-11 07:01:25,39000.0,300.0,3960900.0
551,2021-10-11 07:01:22,39000.0,100.0,3960600.0
552,2021-10-11 07:01:17,39000.0,1500.0,3960500.0
553,2021-10-11 07:01:17,39000.0,500.0,3959000.0
554,2021-10-11 07:01:14,39000.0,1500.0,3958500.0
555,2021-10-11 07:01:08,39000.0,2000.0,3957000.0
556,2021-10-11 07:01:06,39000.0,100.0,3955000.0
557,2021-10-11 07:00:57,39000.0,100.0,3954900.0
558,2021-10-11 07:00:51,39000.0,200.0,3954800.0
559,2021-10-11 07:00:47,39000.0,1000.0,3954600.0
560,2021-10-11 07:00:46,39000.0,300.0,3953600.0
561,2021-10-11 07:00:20,39000.0,100.0,3953300.0
562,2021-10-11 07:00:14,39000.0,900.0,3953200.0
563,2021-10-11 07:00:07,39000.0,400.0,3952300.0
564,2021-10-11 07:00:07,39000.0,1000.0,3951900.0
565,2021-10-11 06:59:53,39000.0,200.0,3950900.0
566,2021-10-11 06:59:53,39000.0,500.0,3950700.0
567,2021-10-11 06:59:53,39000.0,500.0,3950200.0
568,2021-10-11 06:59:53,39000.0,700.0,3949700.0
569,2021-10-11 06:59:31,39000.0,300.0,3949000.0
570,2021-10-11 06:59:27,39000.0,200.0,3948700.0
571,2021-10-11 06:59:27,39000.0,200.0,3948500.0
572,2021-10-11 06:59:20,39000.0,900.0,3948300.0
573,2021-10-11 06:59:20,39000.0,100.0,3947400.0
574,2021-10-11 06:59:10,39000.0,300.0,3947300.0
575,2021-10-11 06:59:09,38950.0,3900.0,3947000.0
576,2021-10-11 06:59:09,38950.0,100.0,3943100.0
577,2021-10-11 06:59:05,38950.0,500.0,3943000.0
578,2021-10-11 06:59:00,38950.0,100.0,3942500.0
579,2021-10-11 06:59:00,38950.0,1000.0,3942400.0
580,2021-10-11 06:58:58,38950.0,300.0,3941400.0
581,2021-10-11 06:58:56,38950.0,1000.0,3941100.0
582,2021-10-11 06:58:50,38950.0,100.0,3940100.0
583,2021-10-11 06:58:50,38950.0,3000.0,3940000.0
584,2021-10-11 06:58:50,38950.0,800.0,3937000.0
585,2021-10-11 06:58:50,38950.0,6200.0,3936200.0
586,2021-10-11 06:58:46,38950.0,100.0,3930000.0
587,2021-10-11 06:58:40,38950.0,200.0,3929900.0
588,2021-10-11 06:58:39,38950.0,200.0,3929700.0
589,2021-10-11 06:58:35,38950.0,400.0,3929500.0
590,2021-10-11 06:58:30,38950.0,100.0,3929100.0
591,2021-10-11 06:58:27,38950.0,400.0,3929000.0
592,2021-10-11 06:58:22,38950.0,100.0,3928600.0
593,2021-10-11 06:58:17,38950.0,300.0,3928500.0
594,2021-10-11 06:58:17,38950.0,100.0,3928200.0
595,2021-10-11 06:58:17,38950.0,200.0,3928100.0
596,2021-10-11 06:58:17,38950.0,1700.0,3927900.0
597,2021-10-11 06:58:15,39100.0,1400.0,3926200.0
598,2021-10-11 06:58:15,39100.0,1000.0,3924800.0
599,2021-10-11 06:58:15,39100.0,200.0,3923800.0
600,2021-10-11 06:58:15,39100.0,2000.0,3923600.0
601,2021-10-11 06:58:15,39100.0,400.0,3921600.0
602,2021-10-11 06:58:13,39100.0,600.0,3921200.0
603,2021-10-11 06:58:13,39100.0,1000.0,3920600.0
604,2021-10-11 06:58:13,39050.0,2000.0,3919600.0
605,2021-10-11 06:58:13,39050.0,100.0,3917600.0
606,2021-10-11 06:58:13,39050.0,200.0,3917500.0
607,2021-10-11 06:58:13,39050.0,2000.0,3917300.0
608,2021-10-11 06:58:13,39050.0,1000.0,3915300.0
609,2021-10-11 06:58:13,39000.0,2000.0,3914300.0
610,2021-10-11 06:58:13,39000.0,100.0,3912300.0
611,2021-10-11 06:58:13,39000.0,200.0,3912200.0
612,2021-10-11 06:58:13,39000.0,2000.0,3912000.0
613,2021-10-11 06:58:13,39000.0,500.0,3910000.0
614,2021-10-11 06:58:13,39000.0,100.0,3909500.0
615,2021-10-11 06:58:13,39000.0,500.0,3909400.0
616,2021-10-11 06:58:13,39000.0,100.0,3908900.0
617,2021-10-11 06:58:13,39000.0,200.0,3908800.0
618,2021-10-11 06:58:13,39000.0,200.0,3908600.0
619,2021-10-11 06:58:13,39000.0,1000.0,3908400.0
620,2021-10-11 06:58:13,39000.0,2000.0,3907400.0
621,2021-10-11 06:58:13,39000.0,1400.0,3905400.0
622,2021-10-11 06:58:13,39000.0,100.0,3904000.0
623,2021-10-11 06:58:13,39000.0,2000.0,3903900.0
624,2021-10-11 06:58:13,39000.0,200.0,3901900.0
625,2021-10-11 06:58:13,39000.0,6000.0,3901700.0
626,2021-10-11 06:58:13,39000.0,6000.0,3895700.0
627,2021-10-11 06:58:13,39000.0,200.0,3889700.0
628,2021-10-11 06:58:13,39000.0,500.0,3889500.0
629,2021-10-11 06:58:13,39000.0,1400.0,3889000.0
630,2021-10-11 06:58:13,39000.0,500.0,3887600.0
631,2021-10-11 06:58:13,39000.0,200.0,3887100.0
632,2021-10-11 06:58:13,39000.0,200.0,3886900.0
633,2021-10-11 06:58:13,39000.0,200.0,3886700.0
634,2021-10-11 06:58:13,39000.0,100.0,3886500.0
635,2021-10-11 06:58:13,39000.0,100.0,3886400.0
636,2021-10-11 06:58:13,39000.0,100.0,3886300.0
637,2021-10-11 06:58:13,39000.0,200.0,3886200.0
638,2021-10-11 06:58:13,39000.0,100.0,3886000.0
639,2021-10-11 06:58:13,39000.0,500.0,3885900.0
640,2021-10-11 06:58:13,39000.0,5000.0,3885400.0
641,2021-10-11 06:58:13,39000.0,500.0,3880400.0
642,2021-10-11 06:58:13,39000.0,100.0,3879900.0
643,2021-10-11 06:58:13,39000.0,2000.0,3879800.0
644,2021-10-11 06:58:13,39000.0,1000.0,3877800.0
645,2021-10-11 06:58:13,39000.0,300.0,3876800.0
646,2021-10-11 06:58:13,39000.0,300.0,3876500.0
647,2021-10-11 06:58:13,39000.0,1000.0,3876200.0
648,2021-10-11 06:58:13,39000.0,1000.0,3875200.0
649,2021-10-11 06:58:13,39000.0,1000.0,3874200.0
650,2021-10-11 06:58:13,39000.0,1000.0,3873200.0
651,2021-10-11 06:58:13,39000.0,1600.0,3872200.0
652,2021-10-11 06:58:13,39000.0,600.0,3870600.0
653,2021-10-11 06:58:13,39000.0,2000.0,3870000.0
654,2021-10-11 06:58:13,39000.0,1000.0,3868000.0
655,2021-10-11 06:58:13,39000.0,500.0,3867000.0
656,2021-10-11 06:58:13,39000.0,100.0,3866500.0
657,2021-10-11 06:58:13,39000.0,10800.0,3866400.0
658,2021-10-11 06:58:13,39000.0,100.0,3855600.0
659,2021-10-11 06:58:13,39000.0,1000.0,3855500.0
660,2021-10-11 06:58:13,39000.0,100.0,3854500.0
661,2021-10-11 06:58:13,39000.0,800.0,3854400.0
662,2021-10-11 06:58:13,39000.0,1500.0,3853600.0
663,2021-10-11 06:58:13,39000.0,100.0,3852100.0
664,2021-10-11 06:58:13,39000.0,200.0,3852000.0
665,2021-10-11 06:58:13,39000.0,500.0,3851800.0
666,2021-10-11 06:58:13,39000.0,200.0,3851300.0
667,2021-10-11 06:58:13,39000.0,100.0,3851100.0
668,2021-10-11 06:58:13,39000.0,500.0,3851000.0
669,2021-10-11 06:58:13,39000.0,5000.0,3850500.0
670,2021-10-11 06:58:13,39000.0,500.0,3845500.0
671,2021-10-11 06:58:13,39000.0,800.0,3845000.0
672,2021-10-11 06:58:13,39000.0,600.0,3844200.0
673,2021-10-11 06:58:13,39000.0,2000.0,3843600.0
674,2021-10-11 06:58:13,39000.0,2000.0,3841600.0
675,2021-10-11 06:58:13,39000.0,500.0,3839600.0
676,2021-10-11 06:58:13,39000.0,400.0,3839100.0
677,2021-10-11 06:58:13,39000.0,500.0,3838700.0
678,2021-10-11 06:58:13,39000.0,100.0,3838200.0
679,2021-10-11 06:58:13,39000.0,1000.0,3838100.0
680,2021-10-11 06:58:13,39000.0,100.0,3837100.0
681,2021-10-11 06:58:13,39000.0,1000.0,3837000.0
682,2021-10-11 06:58:13,39000.0,1000.0,3836000.0
683,2021-10-11 06:58:13,39000.0,2100.0,3835000.0
684,2021-10-11 06:58:13,39000.0,1000.0,3832900.0
685,2021-10-11 06:58:13,39000.0,1000.0,3831900.0
686,2021-10-11 06:58:13,39000.0,1000.0,3830900.0
687,2021-10-11 06:58:13,39000.0,8600.0,3829900.0
688,2021-10-11 06:58:13,39000.0,8000.0,3821300.0
689,2021-10-11 06:58:13,39000.0,700.0,3813300.0
690,2021-10-11 06:58:13,39000.0,200.0,3812600.0
691,2021-10-11 06:58:13,39000.0,10000.0,3812400.0
692,2021-10-11 06:58:13,39000.0,500.0,3802400.0
693,2021-10-11 06:58:13,39000.0,200.0,3801900.0
694,2021-10-11 06:58:13,39000.0,1000.0,3801700.0
695,2021-10-11 06:58:13,39000.0,200.0,3800700.0
696,2021-10-11 06:58:13,39000.0,400.0,3800500.0
697,2021-10-11 06:58:13,39000.0,1100.0,3800100.0
698,2021-10-11 06:58:13,39000.0,300.0,3799000.0
699,2021-10-11 06:58:13,39000.0,100.0,3798700.0
700,2021-10-11 06:58:13,39000.0,5000.0,3798600.0
701,2021-10-11 06:58:13,39000.0,100.0,3793600.0
702,2021-10-11 06:58:13,39000.0,500.0,3793500.0
703,2021-10-11 06:58:13,39000.0,500.0,3793000.0
704,2021-10-11 06:58:13,39000.0,10000.0,3792500.0
705,2021-10-11 06:58:13,39000.0,300.0,3782500.0
706,2021-10-11 06:58:13,39000.0,200.0,3782200.0
707,2021-10-11 06:58:13,39000.0,200.0,3782000.0
708,2021-10-11 06:58:13,39000.0,800.0,3781800.0
709,2021-10-11 06:58:13,39000.0,2000.0,3781000.0
710,2021-10-11 06:58:13,39000.0,5000.0,3779000.0
711,2021-10-11 06:58:13,39000.0,600.0,3774000.0
712,2021-10-11 06:58:13,39000.0,2000.0,3773400.0
713,2021-10-11 06:58:13,39000.0,1000.0,3771400.0
714,2021-10-11 06:58:13,39000.0,400.0,3770400.0
715,2021-10-11 06:58:13,39000.0,100.0,3770000.0
716,2021-10-11 06:58:13,39000.0,10000.0,3769900.0
717,2021-10-11 06:58:13,39000.0,200.0,3759900.0
718,2021-10-11 06:58:13,39000.0,100.0,3759700.0
719,2021-10-11 06:58:13,39000.0,5000.0,3759600.0
720,2021-10-11 06:58:13,39000.0,5000.0,3754600.0
721,2021-10-11 06:58:13,39000.0,500.0,3749600.0
722,2021-10-11 06:58:13,39000.0,500.0,3749100.0
723,2021-10-11 06:58:13,39000.0,3000.0,3748600.0
724,2021-10-11 06:58:13,39000.0,1000.0,3745600.0
725,2021-10-11 06:58:13,39000.0,15000.0,3744600.0
726,2021-10-11 06:58:13,39000.0,8400.0,3729600.0
727,2021-10-11 06:58:09,39000.0,5000.0,3721200.0
728,2021-10-11 06:58:02,38950.0,500.0,3716200.0
729,2021-10-11 06:57:51,39000.0,200.0,3715700.0
730,2021-10-11 06:57:43,38950.0,500.0,3715500.0
731,2021-10-11 06:57:38,38950.0,100.0,3715000.0
732,2021-10-11 06:57:38,38950.0,2000.0,3714900.0
733,2021-10-11 06:57:38,38950.0,2000.0,3712900.0
734,2021-10-11 06:57:38,38950.0,100.0,3710900.0
735,2021-10-11 06:57:38,38950.0,2500.0,3710800.0
736,2021-10-11 06:57:38,38950.0,1000.0,3708300.0
737,2021-10-11 06:57:38,38950.0,2000.0,3707300.0
738,2021-10-11 06:57:38,38950.0,10000.0,3705300.0
739,2021-10-11 06:57:38,38950.0,200.0,3695300.0
740,2021-10-11 06:57:38,38950.0,200.0,3695100.0
741,2021-10-11 06:57:38,38950.0,900.0,3694900.0
742,2021-10-11 06:57:38,38950.0,1000.0,3694000.0
743,2021-10-11 06:57:38,38950.0,5000.0,3693000.0
744,2021-10-11 06:57:38,38950.0,1000.0,3688000.0
745,2021-10-11 06:57:38,38950.0,5000.0,3687000.0
746,2021-10-11 06:57:38,38950.0,5000.0,3682000.0
747,2021-10-11 06:57:38,38950.0,9300.0,3677000.0
748,2021-10-11 06:57:37,38950.0,5000.0,3667700.0
749,2021-10-11 06:57:36,38950.0,1000.0,3662700.0
750,2021-10-11 06:57:31,38950.0,2700.0,3661700.0
751,2021-10-11 06:57:28,38950.0,500.0,3659000.0
752,2021-10-11 06:57:17,38900.0,2000.0,3658500.0
753,2021-10-11 06:56:38,38900.0,300.0,3656500.0
754,2021-10-11 06:56:35,38900.0,2000.0,3656200.0
755,2021-10-11 06:56:35,38900.0,1000.0,3654200.0
756,2021-10-11 06:56:35,38900.0,500.0,3653200.0
757,2021-10-11 06:56:35,38900.0,100.0,3652700.0
758,2021-10-11 06:56:35,38900.0,6000.0,3652600.0
759,2021-10-11 06:56:35,38900.0,6000.0,3646600.0
760,2021-10-11 06:56:35,38900.0,5000.0,3640600.0
761,2021-10-11 06:56:35,38900.0,1000.0,3635600.0
762,2021-10-11 06:56:35,38900.0,5000.0,3634600.0
763,2021-10-11 06:56:35,38900.0,100.0,3629600.0
764,2021-10-11 06:56:35,38900.0,2000.0,3629500.0
765,2021-10-11 06:56:35,38900.0,100.0,3627500.0
766,2021-10-11 06:56:35,38900.0,5000.0,3627400.0
767,2021-10-11 06:56:35,38900.0,1000.0,3622400.0
768,2021-10-11 06:56:35,38900.0,5000.0,3621400.0
769,2021-10-11 06:56:35,38900.0,1600.0,3616400.0
770,2021-10-11 06:56:35,38900.0,1000.0,3614800.0
771,2021-10-11 06:56:35,38900.0,2700.0,3613800.0
772,2021-10-11 06:56:35,38900.0,1000.0,3611100.0
773,2021-10-11 06:56:35,38900.0,200.0,3610100.0
774,2021-10-11 06:56:35,38900.0,1000.0,3609900.0
775,2021-10-11 06:56:35,38900.0,1000.0,3608900.0
776,2021-10-11 06:56:35,38900.0,4000.0,3607900.0
777,2021-10-11 06:56:35,38900.0,100.0,3603900.0
778,2021-10-11 06:56:35,38900.0,900.0,3603800.0
779,2021-10-11 06:56:35,38850.0,2000.0,3602900.0
780,2021-10-11 06:56:35,38850.0,2000.0,3600900.0
781,2021-10-11 06:56:35,38850.0,200.0,3598900.0
782,2021-10-11 06:56:35,38850.0,100.0,3598700.0
783,2021-10-11 06:56:35,38850.0,5000.0,3598600.0
784,2021-10-11 06:56:35,38850.0,10000.0,3593600.0
785,2021-10-11 06:56:35,38850.0,10000.0,3583600.0
786,2021-10-11 06:56:35,38850.0,20000.0,3573600.0
787,2021-10-11 06:56:35,38850.0,10000.0,3553600.0
788,2021-10-11 06:56:35,38850.0,300.0,3543600.0
789,2021-10-11 06:56:35,38850.0,900.0,3543300.0
790,2021-10-11 06:56:35,38850.0,1000.0,3542400.0
791,2021-10-11 06:56:35,38850.0,100.0,3541400.0
792,2021-10-11 06:56:35,38850.0,300.0,3541300.0
793,2021-10-11 06:56:28,38800.0,100.0,3541000.0
794,2021-10-11 06:56:23,38800.0,500.0,3540900.0
795,2021-10-11 06:56:20,38800.0,100.0,3540400.0
796,2021-10-11 06:56:17,38800.0,800.0,3540300.0
797,2021-10-11 06:56:15,38800.0,200.0,3539500.0
798,2021-10-11 06:56:15,38800.0,1000.0,3539300.0
799,2021-10-11 06:56:15,38800.0,200.0,3538300.0
800,2021-10-11 06:56:15,38800.0,200.0,3538100.0
801,2021-10-11 06:56:15,38800.0,300.0,3537900.0
802,2021-10-11 06:56:14,38800.0,300.0,3537600.0
803,2021-10-11 06:56:02,38800.0,100.0,3537300.0
804,2021-10-11 06:55:25,38800.0,100.0,3537200.0
805,2021-10-11 06:55:17,38750.0,200.0,3537100.0
806,2021-10-11 06:55:12,38800.0,400.0,3536900.0
807,2021-10-11 06:55:09,38800.0,100.0,3536500.0
808,2021-10-11 06:55:00,38800.0,200.0,3536400.0
809,2021-10-11 06:54:59,38800.0,500.0,3536200.0
810,2021-10-11 06:54:59,38800.0,500.0,3535700.0
811,2021-10-11 06:54:58,38800.0,1500.0,3535200.0
812,2021-10-11 06:54:58,38800.0,200.0,3533700.0
813,2021-10-11 06:54:58,38800.0,200.0,3533500.0
814,2021-10-11 06:54:58,38800.0,600.0,3533300.0
815,2021-10-11 06:54:58,38800.0,100.0,3532700.0
816,2021-10-11 06:54:58,38800.0,100.0,3532600.0
817,2021-10-11 06:54:58,38800.0,200.0,3532500.0
818,2021-10-11 06:54:58,38800.0,1600.0,3532300.0
819,2021-10-11 06:54:58,38800.0,1400.0,3530700.0
820,2021-10-11 06:54:58,38800.0,200.0,3529300.0
821,2021-10-11 06:54:58,38800.0,300.0,3529100.0
822,2021-10-11 06:54:58,38800.0,600.0,3528800.0
823,2021-10-11 06:54:58,38800.0,100.0,3528200.0
824,2021-10-11 06:54:58,38800.0,200.0,3528100.0
825,2021-10-11 06:54:58,38800.0,3300.0,3527900.0
826,2021-10-11 06:54:58,38800.0,100.0,3524600.0
827,2021-10-11 06:54:58,38800.0,200.0,3524500.0
828,2021-10-11 06:54:58,38800.0,100.0,3524300.0
829,2021-10-11 06:54:58,38800.0,100.0,3524200.0
830,2021-10-11 06:54:58,38800.0,86000.0,3524100.0
831,2021-10-11 06:54:58,38800.0,2000.0,3438100.0
832,2021-10-11 06:54:58,38800.0,500.0,3436100.0
833,2021-10-11 06:54:58,38800.0,400.0,3435600.0
834,2021-10-11 06:54:54,38800.0,900.0,3435200.0
835,2021-10-11 06:54:45,38800.0,100.0,3434300.0
836,2021-10-11 06:54:36,38800.0,3600.0,3434200.0
837,2021-10-11 06:54:36,38800.0,800.0,3430600.0
838,2021-10-11 06:54:31,38800.0,200.0,3429800.0
839,2021-10-11 06:54:22,38800.0,4000.0,3429600.0
840,2021-10-11 06:54:22,38800.0,100.0,3425600.0
841,2021-10-11 06:54:22,38800.0,1000.0,3425500.0
842,2021-10-11 06:54:22,38800.0,1000.0,3424500.0
843,2021-10-11 06:54:22,38800.0,3000.0,3423500.0
844,2021-10-11 06:54:22,38800.0,900.0,3420500.0
845,2021-10-11 06:54:13,38800.0,100.0,3419600.0
846,2021-10-11 06:54:13,38800.0,100.0,3419500.0
847,2021-10-11 06:54:13,38800.0,200.0,3419400.0
848,2021-10-11 06:54:13,38800.0,100.0,3419200.0
849,2021-10-11 06:53:48,38750.0,1000.0,3419100.0
850,2021-10-11 06:53:45,38800.0,500.0,3418100.0
851,2021-10-11 06:53:22,38750.0,5400.0,3417600.0
852,2021-10-11 06:53:22,38750.0,1200.0,3412200.0
853,2021-10-11 06:53:22,38750.0,300.0,3411000.0
854,2021-10-11 06:53:22,38750.0,3000.0,3410700.0
855,2021-10-11 06:53:22,38750.0,100.0,3407700.0
856,2021-10-11 06:53:12,38750.0,100.0,3407600.0
857,2021-10-11 06:53:12,38750.0,400.0,3407500.0
858,2021-10-11 06:52:57,38750.0,100.0,3407100.0
859,2021-10-11 06:52:54,38750.0,500.0,3407000.0
860,2021-10-11 06:52:52,38750.0,2000.0,3406500.0
861,2021-10-11 06:52:35,38750.0,1000.0,3404500.0
862,2021-10-11 06:52:19,38750.0,1000.0,3403500.0
863,2021-10-11 06:51:34,38800.0,1400.0,3402500.0
864,2021-10-11 06:51:34,38800.0,100.0,3401100.0
865,2021-10-11 06:51:34,38800.0,300.0,3401000.0
866,2021-10-11 06:51:34,38800.0,6000.0,3400700.0
867,2021-10-11 06:51:34,38750.0,1000.0,3394700.0
868,2021-10-11 06:51:34,38750.0,1000.0,3393700.0
869,2021-10-11 06:51:34,38750.0,100.0,3392700.0
870,2021-10-11 06:51:34,38750.0,400.0,3392600.0
871,2021-10-11 06:51:34,38750.0,500.0,3392200.0
872,2021-10-11 06:51:34,38750.0,500.0,3391700.0
873,2021-10-11 06:51:34,38750.0,100.0,3391200.0
874,2021-10-11 06:51:34,38750.0,200.0,3391100.0
875,2021-10-11 06:51:34,38750.0,2000.0,3390900.0
876,2021-10-11 06:51:34,38750.0,100.0,3388900.0
877,2021-10-11 06:51:34,38750.0,1000.0,3388800.0
878,2021-10-11 06:51:34,38750.0,200.0,3387800.0
879,2021-10-11 06:51:34,38750.0,1000.0,3387600.0
880,2021-10-11 06:51:34,38750.0,500.0,3386600.0
881,2021-10-11 06:51:34,38750.0,100.0,3386100.0
882,2021-10-11 06:51:34,38750.0,100.0,3386000.0
883,2021-10-11 06:51:34,38750.0,100.0,3385900.0
884,2021-10-11 06:51:34,38750.0,1000.0,3385800.0
885,2021-10-11 06:51:34,38750.0,300.0,3384800.0
886,2021-10-11 06:51:34,38750.0,1000.0,3384500.0
887,2021-10-11 06:51:34,38750.0,5000.0,3383500.0
888,2021-10-11 06:51:34,38750.0,2000.0,3378500.0
889,2021-10-11 06:51:34,38750.0,5000.0,3376500.0
890,2021-10-11 06:51:34,38750.0,10000.0,3371500.0
891,2021-10-11 06:51:34,38750.0,9000.0,3361500.0
892,2021-10-11 06:51:29,38700.0,500.0,3352500.0
893,2021-10-11 06:51:14,38700.0,1200.0,3352000.0
894,2021-10-11 06:51:14,38700.0,300.0,3350800.0
895,2021-10-11 06:51:14,38700.0,8500.0,3350500.0
896,2021-10-11 06:51:02,38700.0,1000.0,3342000.0
897,2021-10-11 06:50:56,38700.0,500.0,3341000.0
898,2021-10-11 06:50:53,38700.0,500.0,3340500.0
899,2021-10-11 06:50:52,38700.0,1000.0,3340000.0
900,2021-10-11 06:50:52,38700.0,900.0,3339000.0
901,2021-10-11 06:50:44,38700.0,100.0,3338100.0
902,2021-10-11 06:50:36,38700.0,1000.0,3338000.0
903,2021-10-11 06:50:15,38700.0,100.0,3337000.0
904,2021-10-11 06:50:14,38700.0,500.0,3336900.0
905,2021-10-11 06:50:08,38700.0,400.0,3336400.0
906,2021-10-11 06:50:08,38700.0,600.0,3336000.0
907,2021-10-11 06:50:04,38750.0,200.0,3335400.0
908,2021-10-11 06:49:48,38700.0,1000.0,3335200.0
909,2021-10-11 06:49:48,38700.0,500.0,3334200.0
910,2021-10-11 06:49:48,38700.0,200.0,3333700.0
911,2021-10-11 06:49:48,38700.0,1000.0,3333500.0
912,2021-10-11 06:49:48,38700.0,500.0,3332500.0
913,2021-10-11 06:49:48,38700.0,100.0,3332000.0
914,2021-10-11 06:49:48,38700.0,2000.0,3331900.0
915,2021-10-11 06:49:48,38700.0,300.0,3329900.0
916,2021-10-11 06:49:48,38700.0,3000.0,3329600.0
917,2021-10-11 06:49:48,38700.0,1000.0,3326600.0
918,2021-10-11 06:49:48,38700.0,1000.0,3325600.0
919,2021-10-11 06:49:48,38700.0,800.0,3324600.0
920,2021-10-11 06:49:48,38700.0,300.0,3323800.0
921,2021-10-11 06:49:48,38700.0,100.0,3323500.0
922,2021-10-11 06:49:48,38700.0,200.0,3323400.0
923,2021-10-11 06:49:48,38700.0,1000.0,3323200.0
924,2021-10-11 06:49:48,38700.0,100.0,3322200.0
925,2021-10-11 06:49:48,38700.0,1000.0,3322100.0
926,2021-10-11 06:49:48,38700.0,300.0,3321100.0
927,2021-10-11 06:49:41,38650.0,1100.0,3320800.0
928,2021-10-11 06:49:38,38650.0,1500.0,3319700.0
929,2021-10-11 06:49:17,38650.0,100.0,3318200.0
930,2021-10-11 06:49:17,38650.0,5200.0,3318100.0
931,2021-10-11 06:49:13,38650.0,800.0,3312900.0
932,2021-10-11 06:49:13,38650.0,1000.0,3312100.0
933,2021-10-11 06:49:13,38650.0,6000.0,3311100.0
934,2021-10-11 06:49:13,38650.0,1000.0,3305100.0
935,2021-10-11 06:49:13,38650.0,1000.0,3304100.0
936,2021-10-11 06:49:13,38650.0,2000.0,3303100.0
937,2021-10-11 06:49:13,38650.0,100.0,3301100.0
938,2021-10-11 06:49:13,38650.0,8100.0,3301000.0
939,2021-10-11 06:49:12,38650.0,5000.0,3292900.0
940,2021-10-11 06:49:09,38600.0,100.0,3287900.0
941,2021-10-11 06:49:09,38600.0,200.0,3287800.0
942,2021-10-11 06:49:09,38600.0,700.0,3287600.0
943,2021-10-11 06:48:11,38600.0,100.0,3286900.0
944,2021-10-11 06:48:11,38600.0,500.0,3286800.0
945,2021-10-11 06:47:39,38600.0,400.0,3286300.0
946,2021-10-11 06:47:27,38600.0,800.0,3285900.0
947,2021-10-11 06:47:03,38600.0,1000.0,3285100.0
948,2021-10-11 06:46:53,38650.0,200.0,3284100.0
949,2021-10-11 06:46:40,38600.0,400.0,3283900.0
950,2021-10-11 06:46:40,38600.0,200.0,3283500.0
951,2021-10-11 06:46:40,38600.0,900.0,3283300.0
952,2021-10-11 06:46:38,38600.0,100.0,3282400.0
953,2021-10-11 06:46:38,38600.0,2000.0,3282300.0
954,2021-10-11 06:46:38,38600.0,2900.0,3280300.0
955,2021-10-11 06:46:33,38600.0,500.0,3277400.0
956,2021-10-11 06:46:31,38600.0,5000.0,3276900.0
957,2021-10-11 06:46:27,38600.0,500.0,3271900.0
958,2021-10-11 06:46:09,38600.0,1100.0,3271400.0
959,2021-10-11 06:46:09,38600.0,2000.0,3270300.0
960,2021-10-11 06:46:09,38600.0,500.0,3268300.0
961,2021-10-11 06:46:09,38600.0,400.0,3267800.0
962,2021-10-11 06:46:09,38600.0,500.0,3267400.0
963,2021-10-11 06:46:09,38600.0,500.0,3266900.0
964,2021-10-11 06:45:54,38600.0,100.0,3266400.0
965,2021-10-11 06:45:44,38600.0,1000.0,3266300.0
966,2021-10-11 06:45:33,38600.0,100.0,3265300.0
967,2021-10-11 06:45:24,38550.0,2000.0,3265200.0
968,2021-10-11 06:45:24,38550.0,200.0,3263200.0
969,2021-10-11 06:45:24,38550.0,300.0,3263000.0
970,2021-10-11 06:45:24,38550.0,100.0,3262700.0
971,2021-10-11 06:45:24,38550.0,200.0,3262600.0
972,2021-10-11 06:45:24,38550.0,100.0,3262400.0
973,2021-10-11 06:45:24,38550.0,100.0,3262300.0
974,2021-10-11 06:44:52,38600.0,300.0,3262200.0
975,2021-10-11 06:44:52,38600.0,600.0,3261900.0
976,2021-10-11 06:44:22,38600.0,1000.0,3261300.0
977,2021-10-11 06:44:17,38600.0,100.0,3260300.0
978,2021-10-11 06:44:14,38600.0,300.0,3260200.0
979,2021-10-11 06:44:14,38600.0,700.0,3259900.0
980,2021-10-11 06:44:08,38550.0,1000.0,3259200.0
981,2021-10-11 06:44:06,38600.0,200.0,3258200.0
982,2021-10-11 06:44:00,38600.0,1100.0,3258000.0
983,2021-10-11 06:44:00,38600.0,2000.0,3256900.0
984,2021-10-11 06:44:00,38600.0,1900.0,3254900.0
985,2021-10-11 06:43:55,38600.0,300.0,3253000.0
986,2021-10-11 06:43:35,38600.0,100.0,3252700.0
987,2021-10-11 06:43:32,38600.0,400.0,3252600.0
988,2021-10-11 06:43:29,38600.0,500.0,3252200.0
989,2021-10-11 06:43:23,38600.0,500.0,3251700.0
990,2021-10-11 06:43:19,38600.0,4000.0,3251200.0
991,2021-10-11 06:43:06,38600.0,11000.0,3247200.0
992,2021-10-11 06:42:54,38600.0,300.0,3236200.0
993,2021-10-11 06:42:42,38600.0,500.0,3235900.0
994,2021-10-11 06:42:32,38600.0,1000.0,3235400.0
995,2021-10-11 06:42:19,38600.0,500.0,3234400.0
996,2021-10-11 06:42:05,38600.0,200.0,3233900.0
997,2021-10-11 06:42:04,38600.0,100.0,3233700.0
998,2021-10-11 06:42:02,38600.0,200.0,3233600.0
999,2021-10-11 06:41:58,38600.0,100.0,3233400.0
1000,2021-10-11 06:41:32,38600.0,400.0,3233300.0
1001,2021-10-11 06:41:00,38600.0,1000.0,3232900.0
1002,2021-10-11 06:40:53,38600.0,500.0,3231900.0
1003,2021-10-11 06:40:50,38600.0,100.0,3231400.0
1004,2021-10-11 06:40:50,38600.0,100.0,3231300.0
1005,2021-10-11 06:40:50,38600.0,400.0,3231200.0
1006,2021-10-11 06:40:50,38600.0,700.0,3230800.0
1007,2021-10-11 06:40:50,38600.0,500.0,3230100.0
1008,2021-10-11 06:40:50,38600.0,1900.0,3229600.0
1009,2021-10-11 06:40:50,38600.0,3600.0,3227700.0
1010,2021-10-11 06:40:04,38600.0,500.0,3224100.0
1011,2021-10-11 06:40:04,38600.0,200.0,3223600.0
1012,2021-10-11 06:40:04,38600.0,700.0,3223400.0
1013,2021-10-11 06:40:02,38600.0,500.0,3222700.0
1014,2021-10-11 06:39:55,38600.0,1000.0,3222200.0
1015,2021-10-11 06:39:53,38600.0,100.0,3221200.0
1016,2021-10-11 06:39:49,38600.0,100.0,3221100.0
1017,2021-10-11 06:39:43,38600.0,2000.0,3221000.0
1018,2021-10-11 06:39:39,38600.0,100.0,3219000.0
1019,2021-10-11 06:39:32,38600.0,1000.0,3218900.0
1020,2021-10-11 06:39:32,38600.0,100.0,3217900.0
1021,2021-10-11 06:39:28,38600.0,300.0,3217800.0
1022,2021-10-11 06:39:14,38600.0,300.0,3217500.0
1023,2021-10-11 06:39:07,38600.0,500.0,3217200.0
1024,2021-10-11 06:39:06,38600.0,600.0,3216700.0
1025,2021-10-11 06:39:06,38600.0,100.0,3216100.0
1026,2021-10-11 06:39:06,38600.0,1000.0,3216000.0
1027,2021-10-11 06:39:06,38600.0,100.0,3215000.0
1028,2021-10-11 06:39:06,38600.0,1500.0,3214900.0
1029,2021-10-11 06:38:54,38600.0,800.0,3213400.0
1030,2021-10-11 06:38:34,38650.0,16700.0,3212600.0
1031,2021-10-11 06:38:34,38650.0,200.0,3195900.0
1032,2021-10-11 06:38:34,38650.0,100.0,3195700.0
1033,2021-10-11 06:38:29,38600.0,100.0,3195600.0
1034,2021-10-11 06:38:06,38600.0,1000.0,3195500.0
1035,2021-10-11 06:38:06,38600.0,2600.0,3194500.0
1036,2021-10-11 06:37:52,38600.0,100.0,3191900.0
1037,2021-10-11 06:37:51,38600.0,100.0,3191800.0
1038,2021-10-11 06:37:39,38600.0,2100.0,3191700.0
1039,2021-10-11 06:37:37,38550.0,900.0,3189600.0
1040,2021-10-11 06:37:37,38550.0,500.0,3188700.0
1041,2021-10-11 06:37:37,38550.0,1000.0,3188200.0
1042,2021-10-11 06:37:37,38550.0,100.0,3187200.0
1043,2021-10-11 06:37:37,38550.0,500.0,3187100.0
1044,2021-10-11 06:37:37,38550.0,300.0,3186600.0
1045,2021-10-11 06:37:37,38550.0,100.0,3186300.0
1046,2021-10-11 06:37:37,38550.0,2000.0,3186200.0
1047,2021-10-11 06:37:37,38550.0,200.0,3184200.0
1048,2021-10-11 06:37:37,38550.0,600.0,3184000.0
1049,2021-10-11 06:37:37,38550.0,1000.0,3183400.0
1050,2021-10-11 06:37:37,38550.0,100.0,3182400.0
1051,2021-10-11 06:37:37,38550.0,1900.0,3182300.0
1052,2021-10-11 06:37:37,38550.0,300.0,3180400.0
1053,2021-10-11 06:37:37,38550.0,1000.0,3180100.0
1054,2021-10-11 06:37:37,38550.0,100.0,3179100.0
1055,2021-10-11 06:37:37,38550.0,500.0,3179000.0
1056,2021-10-11 06:37:37,38550.0,18900.0,3178500.0
1057,2021-10-11 06:37:31,38600.0,100.0,3159600.0
1058,2021-10-11 06:37:30,38600.0,500.0,3159500.0
1059,2021-10-11 06:37:23,38600.0,1000.0,3159000.0
1060,2021-10-11 06:37:14,38600.0,500.0,3158000.0
1061,2021-10-11 06:37:14,38600.0,200.0,3157500.0
1062,2021-10-11 06:37:14,38600.0,100.0,3157300.0
1063,2021-10-11 06:37:14,38600.0,200.0,3157200.0
1064,2021-10-11 06:37:14,38600.0,100.0,3157000.0
1065,2021-10-11 06:37:14,38600.0,1000.0,3156900.0
1066,2021-10-11 06:37:14,38600.0,1000.0,3155900.0
1067,2021-10-11 06:37:14,38600.0,500.0,3154900.0
1068,2021-10-11 06:37:14,38600.0,500.0,3154400.0
1069,2021-10-11 06:37:14,38600.0,500.0,3153900.0
1070,2021-10-11 06:37:14,38600.0,100.0,3153400.0
1071,2021-10-11 06:37:14,38600.0,200.0,3153300.0
1072,2021-10-11 06:37:14,38600.0,600.0,3153100.0
1073,2021-10-11 06:37:14,38600.0,200.0,3152500.0
1074,2021-10-11 06:37:14,38600.0,100.0,3152300.0
1075,2021-10-11 06:37:14,38600.0,800.0,3152200.0
1076,2021-10-11 06:37:14,38600.0,100.0,3151400.0
1077,2021-10-11 06:37:14,38600.0,700.0,3151300.0
1078,2021-10-11 06:37:14,38600.0,1000.0,3150600.0
1079,2021-10-11 06:37:14,38600.0,300.0,3149600.0
1080,2021-10-11 06:37:14,38600.0,100.0,3149300.0
1081,2021-10-11 06:37:14,38600.0,200.0,3149200.0
1082,2021-10-11 06:37:14,38600.0,500.0,3149000.0
1083,2021-10-11 06:37:14,38600.0,200.0,3148500.0
1084,2021-10-11 06:37:14,38600.0,200.0,3148300.0
1085,2021-10-11 06:37:14,38600.0,100.0,3148100.0
1086,2021-10-11 06:37:14,38600.0,200.0,3148000.0
1087,2021-10-11 06:37:14,38600.0,100.0,3147800.0
1088,2021-10-11 06:37:14,38600.0,200.0,3147700.0
1089,2021-10-11 06:37:14,38600.0,200.0,3147500.0
1090,2021-10-11 06:37:14,38600.0,1000.0,3147300.0
1091,2021-10-11 06:37:14,38600.0,500.0,3146300.0
1092,2021-10-11 06:37:14,38600.0,100.0,3145800.0
1093,2021-10-11 06:37:14,38600.0,1000.0,3145700.0
1094,2021-10-11 06:37:14,38600.0,100.0,3144700.0
1095,2021-10-11 06:37:14,38600.0,2000.0,3144600.0
1096,2021-10-11 06:37:14,38600.0,2000.0,3142600.0
1097,2021-10-11 06:37:14,38600.0,100.0,3140600.0
1098,2021-10-11 06:37:14,38600.0,200.0,3140500.0
1099,2021-10-11 06:37:14,38600.0,1000.0,3140300.0
1100,2021-10-11 06:37:14,38600.0,100.0,3139300.0
1101,2021-10-11 06:37:14,38600.0,100.0,3139200.0
1102,2021-10-11 06:37:14,38600.0,3000.0,3139100.0
1103,2021-10-11 06:37:14,38600.0,800.0,3136100.0
1104,2021-10-11 06:37:14,38600.0,100.0,3135300.0
1105,2021-10-11 06:37:14,38600.0,1000.0,3135200.0
1106,2021-10-11 06:37:14,38600.0,100.0,3134200.0
1107,2021-10-11 06:37:14,38600.0,500.0,3134100.0
1108,2021-10-11 06:37:14,38600.0,200.0,3133600.0
1109,2021-10-11 06:37:14,38600.0,5000.0,3133400.0
1110,2021-10-11 06:37:14,38600.0,10000.0,3128400.0
1111,2021-10-11 06:37:14,38600.0,2000.0,3118400.0
1112,2021-10-11 06:37:14,38600.0,100.0,3116400.0
1113,2021-10-11 06:37:14,38650.0,1800.0,3116300.0
1114,2021-10-11 06:37:09,38650.0,500.0,3114500.0
1115,2021-10-11 06:37:09,38650.0,2000.0,3114000.0
1116,2021-10-11 06:37:09,38650.0,700.0,3112000.0
1117,2021-10-11 06:36:58,38650.0,1000.0,3111300.0
1118,2021-10-11 06:36:53,38600.0,1000.0,3110300.0
1119,2021-10-11 06:36:09,38650.0,500.0,3109300.0
1120,2021-10-11 06:36:06,38650.0,1000.0,3108800.0
1121,2021-10-11 06:36:06,38650.0,300.0,3107800.0
1122,2021-10-11 06:36:06,38650.0,500.0,3107500.0
1123,2021-10-11 06:36:06,38650.0,1200.0,3107000.0
1124,2021-10-11 06:36:06,38650.0,1000.0,3105800.0
1125,2021-10-11 06:36:06,38650.0,1000.0,3104800.0
1126,2021-10-11 06:36:06,38650.0,200.0,3103800.0
1127,2021-10-11 06:36:06,38650.0,200.0,3103600.0
1128,2021-10-11 06:36:06,38650.0,300.0,3103400.0
1129,2021-10-11 06:36:06,38650.0,900.0,3103100.0
1130,2021-10-11 06:36:06,38650.0,200.0,3102200.0
1131,2021-10-11 06:36:06,38650.0,1000.0,3102000.0
1132,2021-10-11 06:36:03,38700.0,200.0,3101000.0
1133,2021-10-11 06:35:54,38700.0,100.0,3100800.0
1134,2021-10-11 06:35:23,38700.0,100.0,3100700.0
1135,2021-10-11 06:35:21,38700.0,100.0,3100600.0
1136,2021-10-11 06:35:14,38700.0,200.0,3100500.0
1137,2021-10-11 06:35:07,38700.0,100.0,3100300.0
1138,2021-10-11 06:34:35,38700.0,600.0,3100200.0
1139,2021-10-11 06:34:31,38700.0,200.0,3099600.0
1140,2021-10-11 06:34:30,38700.0,400.0,3099400.0
1141,2021-10-11 06:34:24,38700.0,100.0,3099000.0
1142,2021-10-11 06:34:12,38700.0,3600.0,3098900.0
1143,2021-10-11 06:34:12,38700.0,1000.0,3095300.0
1144,2021-10-11 06:34:12,38700.0,400.0,3094300.0
1145,2021-10-11 06:34:11,38700.0,600.0,3093900.0
1146,2021-10-11 06:34:11,38700.0,200.0,3093300.0
1147,2021-10-11 06:34:11,38700.0,100.0,3093100.0
1148,2021-10-11 06:34:11,38700.0,200.0,3093000.0
1149,2021-10-11 06:34:11,38700.0,1000.0,3092800.0
1150,2021-10-11 06:34:09,38700.0,100.0,3091800.0
1151,2021-10-11 06:33:42,38700.0,400.0,3091700.0
1152,2021-10-11 06:33:26,38700.0,200.0,3091300.0
1153,2021-10-11 06:33:25,38700.0,300.0,3091100.0
1154,2021-10-11 06:33:24,38700.0,1000.0,3090800.0
1155,2021-10-11 06:33:18,38700.0,6000.0,3089800.0
1156,2021-10-11 06:33:14,38700.0,500.0,3083800.0
1157,2021-10-11 06:33:08,38700.0,1400.0,3083300.0
1158,2021-10-11 06:32:58,38700.0,1000.0,3081900.0
1159,2021-10-11 06:32:36,38700.0,300.0,3080900.0
1160,2021-10-11 06:32:34,38700.0,1000.0,3080600.0
1161,2021-10-11 06:32:32,38700.0,1000.0,3079600.0
1162,2021-10-11 06:32:19,38700.0,100.0,3078600.0
1163,2021-10-11 06:32:17,38700.0,200.0,3078500.0
1164,2021-10-11 06:31:55,38650.0,100.0,3078300.0
1165,2021-10-11 06:31:48,38650.0,400.0,3078200.0
1166,2021-10-11 06:31:40,38650.0,100.0,3077800.0
1167,2021-10-11 06:31:39,38650.0,700.0,3077700.0
1168,2021-10-11 06:31:29,38650.0,100.0,3077000.0
1169,2021-10-11 06:31:26,38600.0,300.0,3076900.0
1170,2021-10-11 06:31:26,38600.0,400.0,3076600.0
1171,2021-10-11 06:31:11,38650.0,100.0,3076200.0
1172,2021-10-11 06:31:11,38650.0,2000.0,3076100.0
1173,2021-10-11 06:31:11,38650.0,500.0,3074100.0
1174,2021-10-11 06:31:11,38650.0,400.0,3073600.0
1175,2021-10-11 06:31:08,38650.0,100.0,3073200.0
1176,2021-10-11 06:31:08,38650.0,1000.0,3073100.0
1177,2021-10-11 06:31:08,38650.0,100.0,3072100.0
1178,2021-10-11 06:31:08,38650.0,1900.0,3072000.0
1179,2021-10-11 06:31:08,38650.0,500.0,3070100.0
1180,2021-10-11 06:31:08,38650.0,100.0,3069600.0
1181,2021-10-11 06:31:08,38650.0,1300.0,3069500.0
1182,2021-10-11 06:30:56,38650.0,100.0,3068200.0
1183,2021-10-11 06:30:52,38650.0,500.0,3068100.0
1184,2021-10-11 06:30:31,38650.0,3100.0,3067600.0
1185,2021-10-11 06:30:31,38650.0,100.0,3064500.0
1186,2021-10-11 06:30:31,38650.0,300.0,3064400.0
1187,2021-10-11 06:30:31,38650.0,100.0,3064100.0
1188,2021-10-11 06:30:31,38650.0,400.0,3064000.0
1189,2021-10-11 06:30:31,38650.0,2000.0,3063600.0
1190,2021-10-11 06:30:31,38650.0,100.0,3061600.0
1191,2021-10-11 06:30:31,38650.0,100.0,3061500.0
1192,2021-10-11 06:30:31,38650.0,100.0,3061400.0
1193,2021-10-11 06:30:31,38650.0,3000.0,3061300.0
1194,2021-10-11 06:30:31,38650.0,300.0,3058300.0
1195,2021-10-11 06:30:31,38650.0,3000.0,3058000.0
1196,2021-10-11 06:30:31,38650.0,500.0,3055000.0
1197,2021-10-11 06:30:31,38650.0,100.0,3054500.0
1198,2021-10-11 06:30:31,38650.0,100.0,3054400.0
1199,2021-10-11 06:30:31,38650.0,300.0,3054300.0
1200,2021-10-11 06:30:31,38650.0,500.0,3054000.0
1201,2021-10-11 06:30:31,38650.0,100.0,3053500.0
1202,2021-10-11 06:30:31,38650.0,500.0,3053400.0
1203,2021-10-11 06:30:31,38650.0,3000.0,3052900.0
1204,2021-10-11 06:30:31,38650.0,100.0,3049900.0
1205,2021-10-11 06:30:31,38650.0,100.0,3049800.0
1206,2021-10-11 06:30:31,38650.0,4000.0,3049700.0
1207,2021-10-11 06:30:31,38650.0,2000.0,3045700.0
1208,2021-10-11 06:30:31,38650.0,5000.0,3043700.0
1209,2021-10-11 06:30:31,38650.0,500.0,3038700.0
1210,2021-10-11 06:30:31,38650.0,2000.0,3038200.0
1211,2021-10-11 06:30:31,38650.0,1200.0,3036200.0
1212,2021-10-11 06:30:31,38650.0,2000.0,3035000.0
1213,2021-10-11 06:30:31,38650.0,100.0,3033000.0
1214,2021-10-11 06:30:31,38650.0,5300.0,3032900.0
1215,2021-10-11 06:30:21,38650.0,100.0,3027600.0
1216,2021-10-11 06:30:09,38700.0,300.0,3027500.0
1217,2021-10-11 06:30:02,38700.0,700.0,3027200.0
1218,2021-10-11 06:30:02,38700.0,100.0,3026500.0
1219,2021-10-11 06:30:02,38700.0,200.0,3026400.0
1220,2021-10-11 06:29:59,38700.0,100.0,3026200.0
1221,2021-10-11 06:29:35,38700.0,100.0,3026100.0
1222,2021-10-11 06:29:33,38700.0,100.0,3026000.0
1223,2021-10-11 06:29:28,38700.0,100.0,3025900.0
1224,2021-10-11 06:29:25,38700.0,700.0,3025800.0
1225,2021-10-11 06:29:03,38700.0,2000.0,3025100.0
1226,2021-10-11 06:28:41,38700.0,100.0,3023100.0
1227,2021-10-11 06:28:35,38700.0,1000.0,3023000.0
1228,2021-10-11 06:28:31,38700.0,600.0,3022000.0
1229,2021-10-11 06:28:31,38700.0,1000.0,3021400.0
1230,2021-10-11 06:28:31,38700.0,500.0,3020400.0
1231,2021-10-11 06:28:31,38700.0,900.0,3019900.0
1232,2021-10-11 06:28:29,38700.0,500.0,3019000.0
1233,2021-10-11 06:28:28,38700.0,1000.0,3018500.0
1234,2021-10-11 06:28:27,38700.0,300.0,3017500.0
1235,2021-10-11 06:28:25,38700.0,100.0,3017200.0
1236,2021-10-11 06:28:18,38700.0,300.0,3017100.0
1237,2021-10-11 06:28:16,38700.0,6900.0,3016800.0
1238,2021-10-11 06:28:16,38700.0,8000.0,3009900.0
1239,2021-10-11 06:28:16,38700.0,200.0,3001900.0
1240,2021-10-11 06:28:16,38700.0,1000.0,3001700.0
1241,2021-10-11 06:28:16,38700.0,10000.0,3000700.0
1242,2021-10-11 06:28:16,38700.0,200.0,2990700.0
1243,2021-10-11 06:28:16,38700.0,100.0,2990500.0
1244,2021-10-11 06:28:16,38700.0,5000.0,2990400.0
1245,2021-10-11 06:28:16,38700.0,1000.0,2985400.0
1246,2021-10-11 06:28:16,38700.0,1000.0,2984400.0
1247,2021-10-11 06:28:16,38700.0,1000.0,2983400.0
1248,2021-10-11 06:28:16,38700.0,100.0,2982400.0
1249,2021-10-11 06:28:16,38700.0,100.0,2982300.0
1250,2021-10-11 06:28:16,38700.0,3000.0,2982200.0
1251,2021-10-11 06:28:16,38700.0,200.0,2979200.0
1252,2021-10-11 06:28:16,38700.0,2000.0,2979000.0
1253,2021-10-11 06:28:16,38700.0,2000.0,2977000.0
1254,2021-10-11 06:28:16,38700.0,8200.0,2975000.0
1255,2021-10-11 06:28:16,38650.0,4600.0,2966800.0
1256,2021-10-11 06:28:16,38650.0,200.0,2962200.0
1257,2021-10-11 06:28:16,38650.0,200.0,2962000.0
1258,2021-10-11 06:28:16,38650.0,1000.0,2961800.0
1259,2021-10-11 06:28:16,38650.0,4000.0,2960800.0
1260,2021-10-11 06:28:11,38700.0,1000.0,2956800.0
1261,2021-10-11 06:28:06,38700.0,100.0,2955800.0
1262,2021-10-11 06:27:35,38700.0,500.0,2955700.0
1263,2021-10-11 06:27:30,38700.0,400.0,2955200.0
1264,2021-10-11 06:27:30,38700.0,2000.0,2954800.0
1265,2021-10-11 06:27:26,38700.0,900.0,2952800.0
1266,2021-10-11 06:27:26,38700.0,100.0,2951900.0
1267,2021-10-11 06:27:13,38700.0,1000.0,2951800.0
1268,2021-10-11 06:26:56,38700.0,200.0,2950800.0
1269,2021-10-11 06:26:45,38700.0,600.0,2950600.0
1270,2021-10-11 06:26:45,38700.0,1000.0,2950000.0
1271,2021-10-11 06:26:45,38700.0,400.0,2949000.0
1272,2021-10-11 06:26:34,38700.0,300.0,2948600.0
1273,2021-10-11 06:26:33,38700.0,300.0,2948300.0
1274,2021-10-11 06:26:33,38700.0,200.0,2948000.0
1275,2021-10-11 06:26:31,38700.0,200.0,2947800.0
1276,2021-10-11 06:26:31,38700.0,300.0,2947600.0
1277,2021-10-11 06:26:31,38700.0,500.0,2947300.0
1278,2021-10-11 06:26:25,38700.0,300.0,2946800.0
1279,2021-10-11 06:26:23,38700.0,2000.0,2946500.0
1280,2021-10-11 06:26:18,38700.0,2000.0,2944500.0
1281,2021-10-11 06:26:15,38700.0,100.0,2942500.0
1282,2021-10-11 06:26:08,38700.0,100.0,2942400.0
1283,2021-10-11 06:26:05,38700.0,1000.0,2942300.0
1284,2021-10-11 06:26:04,38700.0,200.0,2941300.0
1285,2021-10-11 06:26:00,38700.0,100.0,2941100.0
1286,2021-10-11 06:25:54,38700.0,300.0,2941000.0
1287,2021-10-11 06:25:53,38700.0,900.0,2940700.0
1288,2021-10-11 06:25:53,38700.0,1300.0,2939800.0
1289,2021-10-11 06:25:47,38700.0,1000.0,2938500.0
1290,2021-10-11 06:25:30,38700.0,100.0,2937500.0
1291,2021-10-11 06:25:28,38700.0,100.0,2937400.0
1292,2021-10-11 06:25:28,38700.0,400.0,2937300.0
1293,2021-10-11 06:25:26,38700.0,200.0,2936900.0
1294,2021-10-11 06:25:02,38700.0,100.0,2936700.0
1295,2021-10-11 06:24:44,38700.0,100.0,2936600.0
1296,2021-10-11 06:24:36,38650.0,2000.0,2936500.0
1297,2021-10-11 06:24:35,38700.0,400.0,2934500.0
1298,2021-10-11 06:24:31,38700.0,200.0,2934100.0
1299,2021-10-11 06:24:29,38700.0,100.0,2933900.0
1300,2021-10-11 06:24:29,38700.0,1000.0,2933800.0
1301,2021-10-11 06:24:16,38700.0,100.0,2932800.0
1302,2021-10-11 06:24:14,38700.0,200.0,2932700.0
1303,2021-10-11 06:24:08,38700.0,100.0,2932500.0
1304,2021-10-11 06:24:05,38700.0,200.0,2932400.0
1305,2021-10-11 06:23:57,38700.0,100.0,2932200.0
1306,2021-10-11 06:23:55,38700.0,100.0,2932100.0
1307,2021-10-11 06:23:51,38700.0,100.0,2932000.0
1308,2021-10-11 06:23:44,38700.0,200.0,2931900.0
1309,2021-10-11 06:23:25,38700.0,1500.0,2931700.0
1310,2021-10-11 06:23:22,38700.0,300.0,2930200.0
1311,2021-10-11 06:23:04,38700.0,700.0,2929900.0
1312,2021-10-11 06:23:02,38650.0,100.0,2929200.0
1313,2021-10-11 06:22:57,38700.0,5900.0,2929100.0
1314,2021-10-11 06:22:56,38650.0,100.0,2923200.0
1315,2021-10-11 06:22:30,38700.0,2000.0,2923100.0
1316,2021-10-11 06:22:19,38700.0,500.0,2921100.0
1317,2021-10-11 06:22:17,38700.0,500.0,2920600.0
1318,2021-10-11 06:22:17,38700.0,100.0,2920100.0
1319,2021-10-11 06:22:07,38700.0,1000.0,2920000.0
1320,2021-10-11 06:22:02,38700.0,100.0,2919000.0
1321,2021-10-11 06:21:56,38700.0,300.0,2918900.0
1322,2021-10-11 06:21:55,38700.0,500.0,2918600.0
1323,2021-10-11 06:21:49,38700.0,500.0,2918100.0
1324,2021-10-11 06:21:46,38700.0,2500.0,2917600.0
1325,2021-10-11 06:21:46,38700.0,800.0,2915100.0
1326,2021-10-11 06:21:46,38700.0,400.0,2914300.0
1327,2021-10-11 06:21:46,38700.0,200.0,2913900.0
1328,2021-10-11 06:21:46,38700.0,100.0,2913700.0
1329,2021-10-11 06:21:46,38700.0,100.0,2913600.0
1330,2021-10-11 06:21:46,38700.0,500.0,2913500.0
1331,2021-10-11 06:21:46,38700.0,5400.0,2913000.0
1332,2021-10-11 06:21:39,38700.0,2000.0,2907600.0
1333,2021-10-11 06:21:37,38700.0,100.0,2905600.0
1334,2021-10-11 06:21:37,38700.0,200.0,2905500.0
1335,2021-10-11 06:21:37,38700.0,100.0,2905300.0
1336,2021-10-11 06:21:19,38700.0,2000.0,2905200.0
1337,2021-10-11 06:21:16,38650.0,500.0,2903200.0
1338,2021-10-11 06:21:11,38700.0,200.0,2902700.0
1339,2021-10-11 06:20:53,38650.0,3300.0,2902500.0
1340,2021-10-11 06:20:53,38650.0,1700.0,2899200.0
1341,2021-10-11 06:20:47,38700.0,400.0,2897500.0
1342,2021-10-11 06:20:40,38700.0,400.0,2897100.0
1343,2021-10-11 06:20:40,38700.0,200.0,2896700.0
1344,2021-10-11 06:20:40,38700.0,400.0,2896500.0
1345,2021-10-11 06:20:34,38650.0,4300.0,2896100.0
1346,2021-10-11 06:20:34,38650.0,1500.0,2891800.0
1347,2021-10-11 06:20:34,38650.0,4200.0,2890300.0
1348,2021-10-11 06:20:29,38700.0,500.0,2886100.0
1349,2021-10-11 06:20:28,38650.0,1000.0,2885600.0
1350,2021-10-11 06:20:21,38700.0,2100.0,2884600.0
1351,2021-10-11 06:20:21,38700.0,200.0,2882500.0
1352,2021-10-11 06:20:21,38700.0,1000.0,2882300.0
1353,2021-10-11 06:20:21,38700.0,16500.0,2881300.0
1354,2021-10-11 06:20:18,38700.0,500.0,2864800.0
1355,2021-10-11 06:20:10,38700.0,100.0,2864300.0
1356,2021-10-11 06:19:51,38700.0,400.0,2864200.0
1357,2021-10-11 06:19:46,38700.0,2000.0,2863800.0
1358,2021-10-11 06:19:31,38650.0,800.0,2861800.0
1359,2021-10-11 06:19:31,38650.0,200.0,2861000.0
1360,2021-10-11 06:19:24,38700.0,200.0,2860800.0
1361,2021-10-11 06:19:04,38650.0,200.0,2860600.0
1362,2021-10-11 06:19:04,38650.0,300.0,2860400.0
1363,2021-10-11 06:19:04,38650.0,300.0,2860100.0
1364,2021-10-11 06:19:04,38650.0,300.0,2859800.0
1365,2021-10-11 06:19:04,38650.0,1900.0,2859500.0
1366,2021-10-11 06:18:49,38700.0,500.0,2857600.0
1367,2021-10-11 06:18:40,38700.0,300.0,2857100.0
1368,2021-10-11 06:18:37,38700.0,100.0,2856800.0
1369,2021-10-11 06:18:36,38650.0,200.0,2856700.0
1370,2021-10-11 06:18:25,38650.0,100.0,2856500.0
1371,2021-10-11 06:18:24,38650.0,1000.0,2856400.0
1372,2021-10-11 06:18:17,38700.0,500.0,2855400.0
1373,2021-10-11 06:18:14,38650.0,1800.0,2854900.0
1374,2021-10-11 06:18:14,38650.0,200.0,2853100.0
1375,2021-10-11 06:18:14,38650.0,1000.0,2852900.0
1376,2021-10-11 06:18:14,38650.0,1000.0,2851900.0
1377,2021-10-11 06:18:14,38650.0,1000.0,2850900.0
1378,2021-10-11 06:18:08,38650.0,300.0,2849900.0
1379,2021-10-11 06:18:08,38650.0,100.0,2849600.0
1380,2021-10-11 06:18:08,38650.0,500.0,2849500.0
1381,2021-10-11 06:18:08,38650.0,100.0,2849000.0
1382,2021-10-11 06:18:08,38650.0,1000.0,2848900.0
1383,2021-10-11 06:18:03,38700.0,5900.0,2847900.0
1384,2021-10-11 06:18:03,38700.0,100.0,2842000.0
1385,2021-10-11 06:18:02,38650.0,1400.0,2841900.0
1386,2021-10-11 06:17:59,38650.0,600.0,2840500.0
1387,2021-10-11 06:17:59,38650.0,100.0,2839900.0
1388,2021-10-11 06:17:59,38650.0,200.0,2839800.0
1389,2021-10-11 06:17:59,38650.0,500.0,2839600.0
1390,2021-10-11 06:17:59,38650.0,600.0,2839100.0
1391,2021-10-11 06:17:50,38700.0,1900.0,2838500.0
1392,2021-10-11 06:17:50,38700.0,500.0,2836600.0
1393,2021-10-11 06:17:50,38700.0,600.0,2836100.0
1394,2021-10-11 06:17:47,38650.0,400.0,2835500.0
1395,2021-10-11 06:17:47,38650.0,1000.0,2835100.0
1396,2021-10-11 06:17:47,38650.0,300.0,2834100.0
1397,2021-10-11 06:17:47,38650.0,1000.0,2833800.0
1398,2021-10-11 06:17:47,38650.0,2300.0,2832800.0
1399,2021-10-11 06:17:45,38700.0,800.0,2830500.0
1400,2021-10-11 06:17:36,38700.0,600.0,2829700.0
1401,2021-10-11 06:17:36,38700.0,100.0,2829100.0
1402,2021-10-11 06:17:36,38700.0,800.0,2829000.0
1403,2021-10-11 06:17:27,38700.0,200.0,2828200.0
1404,2021-10-11 06:17:25,38700.0,1000.0,2828000.0
1405,2021-10-11 06:17:23,38700.0,200.0,2827000.0
1406,2021-10-11 06:17:19,38700.0,100.0,2826800.0
1407,2021-10-11 06:17:09,38700.0,700.0,2826700.0
1408,2021-10-11 06:17:09,38700.0,3300.0,2826000.0
1409,2021-10-11 06:17:08,38700.0,100.0,2822700.0
1410,2021-10-11 06:16:59,38700.0,100.0,2822600.0
1411,2021-10-11 06:16:59,38700.0,1200.0,2822500.0
1412,2021-10-11 06:16:59,38700.0,200.0,2821300.0
1413,2021-10-11 06:16:59,38700.0,200.0,2821100.0
1414,2021-10-11 06:16:59,38700.0,100.0,2820900.0
1415,2021-10-11 06:16:59,38700.0,400.0,2820800.0
1416,2021-10-11 06:16:59,38700.0,100.0,2820400.0
1417,2021-10-11 06:16:59,38700.0,2000.0,2820300.0
1418,2021-10-11 06:16:59,38700.0,2000.0,2818300.0
1419,2021-10-11 06:16:59,38700.0,1000.0,2816300.0
1420,2021-10-11 06:16:59,38700.0,200.0,2815300.0
1421,2021-10-11 06:16:59,38700.0,1000.0,2815100.0
1422,2021-10-11 06:16:59,38700.0,3100.0,2814100.0
1423,2021-10-11 06:16:58,38750.0,200.0,2811000.0
1424,2021-10-11 06:16:57,38750.0,600.0,2810800.0
1425,2021-10-11 06:16:56,38750.0,100.0,2810200.0
1426,2021-10-11 06:16:41,38750.0,100.0,2810100.0
1427,2021-10-11 06:16:36,38750.0,1000.0,2810000.0
1428,2021-10-11 06:16:36,38750.0,100.0,2809000.0
1429,2021-10-11 06:16:36,38750.0,900.0,2808900.0
1430,2021-10-11 06:16:25,38700.0,2000.0,2808000.0
1431,2021-10-11 06:16:25,38750.0,100.0,2806000.0
1432,2021-10-11 06:16:23,38750.0,300.0,2805900.0
1433,2021-10-11 06:16:21,38750.0,100.0,2805600.0
1434,2021-10-11 06:16:10,38750.0,100.0,2805500.0
1435,2021-10-11 06:16:09,38750.0,100.0,2805400.0
1436,2021-10-11 06:16:08,38750.0,400.0,2805300.0
1437,2021-10-11 06:16:08,38750.0,600.0,2804900.0
1438,2021-10-11 06:15:55,38750.0,1700.0,2804300.0
1439,2021-10-11 06:15:51,38750.0,2000.0,2802600.0
1440,2021-10-11 06:15:49,38750.0,400.0,2800600.0
1441,2021-10-11 06:15:48,38750.0,200.0,2800200.0
1442,2021-10-11 06:15:46,38750.0,100.0,2800000.0
1443,2021-10-11 06:15:46,38750.0,400.0,2799900.0
1444,2021-10-11 06:15:38,38750.0,2000.0,2799500.0
1445,2021-10-11 06:15:33,38750.0,100.0,2797500.0
1446,2021-10-11 06:15:29,38750.0,500.0,2797400.0
1447,2021-10-11 06:15:21,38750.0,100.0,2796900.0
1448,2021-10-11 06:15:20,38750.0,100.0,2796800.0
1449,2021-10-11 06:15:19,38650.0,1100.0,2796700.0
1450,2021-10-11 06:15:19,38650.0,700.0,2795600.0
1451,2021-10-11 06:15:19,38650.0,700.0,2794900.0
1452,2021-10-11 06:15:19,38650.0,1200.0,2794200.0
1453,2021-10-11 06:15:19,38650.0,300.0,2793000.0
1454,2021-10-11 06:15:19,38650.0,1000.0,2792700.0
1455,2021-10-11 06:15:11,38750.0,100.0,2791700.0
1456,2021-10-11 06:14:52,38750.0,1700.0,2791600.0
1457,2021-10-11 06:14:52,38750.0,900.0,2789900.0
1458,2021-10-11 06:14:52,38700.0,300.0,2789000.0
1459,2021-10-11 06:14:52,38700.0,300.0,2788700.0
1460,2021-10-11 06:14:52,38700.0,400.0,2788400.0
1461,2021-10-11 06:14:52,38700.0,2000.0,2788000.0
1462,2021-10-11 06:14:52,38700.0,800.0,2786000.0
1463,2021-10-11 06:14:52,38700.0,1000.0,2785200.0
1464,2021-10-11 06:14:52,38700.0,100.0,2784200.0
1465,2021-10-11 06:14:52,38700.0,10000.0,2784100.0
1466,2021-10-11 06:14:52,38700.0,1000.0,2774100.0
1467,2021-10-11 06:14:52,38700.0,500.0,2773100.0
1468,2021-10-11 06:14:52,38700.0,1000.0,2772600.0
1469,2021-10-11 06:14:52,38700.0,1000.0,2771600.0
1470,2021-10-11 06:14:52,38700.0,1000.0,2770600.0
1471,2021-10-11 06:14:52,38700.0,100.0,2769600.0
1472,2021-10-11 06:14:52,38700.0,200.0,2769500.0
1473,2021-10-11 06:14:52,38700.0,200.0,2769300.0
1474,2021-10-11 06:14:52,38700.0,100.0,2769100.0
1475,2021-10-11 06:14:52,38700.0,1000.0,2769000.0
1476,2021-10-11 06:14:52,38700.0,1000.0,2768000.0
1477,2021-10-11 06:14:52,38700.0,500.0,2767000.0
1478,2021-10-11 06:14:52,38700.0,500.0,2766500.0
1479,2021-10-11 06:14:52,38700.0,10000.0,2766000.0
1480,2021-10-11 06:14:52,38700.0,100.0,2756000.0
1481,2021-10-11 06:14:52,38700.0,1000.0,2755900.0
1482,2021-10-11 06:14:52,38700.0,1000.0,2754900.0
1483,2021-10-11 06:14:52,38700.0,100.0,2753900.0
1484,2021-10-11 06:14:52,38700.0,7400.0,2753800.0
1485,2021-10-11 06:14:52,38650.0,1000.0,2746400.0
1486,2021-10-11 06:14:52,38650.0,1000.0,2745400.0
1487,2021-10-11 06:14:52,38650.0,500.0,2744400.0
1488,2021-10-11 06:14:52,38650.0,100.0,2743900.0
1489,2021-10-11 06:14:52,38650.0,2000.0,2743800.0
1490,2021-10-11 06:14:52,38650.0,200.0,2741800.0
1491,2021-10-11 06:14:52,38650.0,100.0,2741600.0
1492,2021-10-11 06:14:50,38650.0,1000.0,2741500.0
1493,2021-10-11 06:14:49,38650.0,100.0,2740500.0
1494,2021-10-11 06:14:48,38650.0,900.0,2740400.0
1495,2021-10-11 06:14:48,38650.0,500.0,2739500.0
1496,2021-10-11 06:14:46,38650.0,100.0,2739000.0
1497,2021-10-11 06:14:46,38650.0,500.0,2738900.0
1498,2021-10-11 06:14:45,38650.0,1600.0,2738400.0
1499,2021-10-11 06:14:45,38650.0,400.0,2736800.0
1500,2021-10-11 06:14:44,38650.0,200.0,2736400.0
1501,2021-10-11 06:14:44,38650.0,1400.0,2736200.0
1502,2021-10-11 06:14:44,38650.0,600.0,2734800.0
1503,2021-10-11 06:14:40,38650.0,200.0,2734200.0
1504,2021-10-11 06:14:37,38650.0,200.0,2734000.0
1505,2021-10-11 06:14:37,38650.0,100.0,2733800.0
1506,2021-10-11 06:14:36,38650.0,400.0,2733700.0
1507,2021-10-11 06:14:36,38650.0,2600.0,2733300.0
1508,2021-10-11 06:14:29,38650.0,7400.0,2730700.0
1509,2021-10-11 06:14:29,38650.0,2600.0,2723300.0
1510,2021-10-11 06:14:27,38650.0,7400.0,2720700.0
1511,2021-10-11 06:14:27,38650.0,200.0,2713300.0
1512,2021-10-11 06:14:27,38650.0,400.0,2713100.0
1513,2021-10-11 06:14:22,38650.0,100.0,2712700.0
1514,2021-10-11 06:14:18,38600.0,200.0,2712600.0
1515,2021-10-11 06:13:56,38650.0,300.0,2712400.0
1516,2021-10-11 06:13:56,38650.0,400.0,2712100.0
1517,2021-10-11 06:13:54,38650.0,100.0,2711700.0
1518,2021-10-11 06:13:53,38650.0,100.0,2711600.0
1519,2021-10-11 06:13:50,38650.0,100.0,2711500.0
1520,2021-10-11 06:13:50,38650.0,300.0,2711400.0
1521,2021-10-11 06:13:42,38650.0,200.0,2711100.0
1522,2021-10-11 06:13:42,38650.0,500.0,2710900.0
1523,2021-10-11 06:13:42,38650.0,100.0,2710400.0
1524,2021-10-11 06:13:42,38650.0,2000.0,2710300.0
1525,2021-10-11 06:13:42,38650.0,100.0,2708300.0
1526,2021-10-11 06:13:42,38650.0,100.0,2708200.0
1527,2021-10-11 06:13:34,38650.0,100.0,2708100.0
1528,2021-10-11 06:13:29,38650.0,200.0,2708000.0
1529,2021-10-11 06:13:18,38650.0,900.0,2707800.0
1530,2021-10-11 06:13:09,38650.0,200.0,2706900.0
1531,2021-10-11 06:13:08,38650.0,300.0,2706700.0
1532,2021-10-11 06:13:03,38650.0,200.0,2706400.0
1533,2021-10-11 06:13:03,38650.0,2800.0,2706200.0
1534,2021-10-11 06:12:57,38650.0,200.0,2703400.0
1535,2021-10-11 06:12:43,38650.0,2000.0,2703200.0
1536,2021-10-11 06:12:38,38600.0,200.0,2701200.0
1537,2021-10-11 06:12:38,38600.0,1000.0,2701000.0
1538,2021-10-11 06:12:38,38600.0,1800.0,2700000.0
1539,2021-10-11 06:12:38,38600.0,200.0,2698200.0
1540,2021-10-11 06:12:38,38600.0,800.0,2698000.0
1541,2021-10-11 06:12:38,38600.0,300.0,2697200.0
1542,2021-10-11 06:12:38,38600.0,600.0,2696900.0
1543,2021-10-11 06:12:38,38600.0,300.0,2696300.0
1544,2021-10-11 06:12:38,38600.0,2800.0,2696000.0
1545,2021-10-11 06:12:37,38600.0,500.0,2693200.0
1546,2021-10-11 06:12:36,38600.0,400.0,2692700.0
1547,2021-10-11 06:12:35,38600.0,500.0,2692300.0
1548,2021-10-11 06:12:34,38600.0,800.0,2691800.0
1549,2021-10-11 06:12:34,38600.0,200.0,2691000.0
1550,2021-10-11 06:12:29,38600.0,5000.0,2690800.0
1551,2021-10-11 06:12:26,38550.0,1000.0,2685800.0
1552,2021-10-11 06:12:26,38600.0,3700.0,2684800.0
1553,2021-10-11 06:12:24,38550.0,100.0,2681100.0
1554,2021-10-11 06:12:24,38550.0,1400.0,2681000.0
1555,2021-10-11 06:12:23,38600.0,1100.0,2679600.0
1556,2021-10-11 06:12:23,38600.0,1000.0,2678500.0
1557,2021-10-11 06:12:23,38600.0,2000.0,2677500.0
1558,2021-10-11 06:12:23,38600.0,400.0,2675500.0
1559,2021-10-11 06:12:23,38600.0,200.0,2675100.0
1560,2021-10-11 06:12:23,38600.0,300.0,2674900.0
1561,2021-10-11 06:12:20,38600.0,100.0,2674600.0
1562,2021-10-11 06:12:20,38600.0,100.0,2674500.0
1563,2021-10-11 06:12:19,38600.0,4500.0,2674400.0
1564,2021-10-11 06:12:19,38600.0,500.0,2669900.0
1565,2021-10-11 06:12:19,38600.0,300.0,2669400.0
1566,2021-10-11 06:12:18,38600.0,200.0,2669100.0
1567,2021-10-11 06:12:18,38600.0,200.0,2668900.0
1568,2021-10-11 06:12:18,38600.0,100.0,2668700.0
1569,2021-10-11 06:12:18,38600.0,500.0,2668600.0
1570,2021-10-11 06:12:15,38600.0,100.0,2668100.0
1571,2021-10-11 06:12:00,38600.0,500.0,2668000.0
1572,2021-10-11 06:12:00,38600.0,200.0,2667500.0
1573,2021-10-11 06:12:00,38600.0,100.0,2667300.0
1574,2021-10-11 06:12:00,38600.0,1000.0,2667200.0
1575,2021-10-11 06:12:00,38600.0,2000.0,2666200.0
1576,2021-10-11 06:12:00,38600.0,100.0,2664200.0
1577,2021-10-11 06:11:57,38600.0,400.0,2664100.0
1578,2021-10-11 06:11:57,38600.0,2000.0,2663700.0
1579,2021-10-11 06:11:57,38600.0,7600.0,2661700.0
1580,2021-10-11 06:11:53,38600.0,800.0,2654100.0
1581,2021-10-11 06:11:47,38600.0,300.0,2653300.0
1582,2021-10-11 06:11:45,38600.0,500.0,2653000.0
1583,2021-10-11 06:11:32,38600.0,800.0,2652500.0
1584,2021-10-11 06:11:32,38600.0,200.0,2651700.0
1585,2021-10-11 06:11:26,38600.0,1300.0,2651500.0
1586,2021-10-11 06:11:19,38600.0,500.0,2650200.0
1587,2021-10-11 06:11:16,38600.0,300.0,2649700.0
1588,2021-10-11 06:11:02,38600.0,1000.0,2649400.0
1589,2021-10-11 06:10:59,38600.0,100.0,2648400.0
1590,2021-10-11 06:10:47,38600.0,100.0,2648300.0
1591,2021-10-11 06:10:30,38600.0,100.0,2648200.0
1592,2021-10-11 06:10:05,38600.0,400.0,2648100.0
1593,2021-10-11 06:10:05,38600.0,900.0,2647700.0
1594,2021-10-11 06:10:02,38600.0,2000.0,2646800.0
1595,2021-10-11 06:09:43,38550.0,600.0,2644800.0
1596,2021-10-11 06:09:43,38550.0,300.0,2644200.0
1597,2021-10-11 06:09:43,38550.0,100.0,2643900.0
1598,2021-10-11 06:09:43,38600.0,7000.0,2643800.0
1599,2021-10-11 06:09:37,38600.0,300.0,2636800.0
1600,2021-10-11 06:09:33,38600.0,500.0,2636500.0
1601,2021-10-11 06:09:30,38600.0,100.0,2636000.0
1602,2021-10-11 06:09:28,38600.0,200.0,2635900.0
1603,2021-10-11 06:09:28,38600.0,3000.0,2635700.0
1604,2021-10-11 06:09:25,38600.0,6000.0,2632700.0
1605,2021-10-11 06:09:25,38600.0,1000.0,2626700.0
1606,2021-10-11 06:09:25,38600.0,200.0,2625700.0
1607,2021-10-11 06:09:25,38600.0,5000.0,2625500.0
1608,2021-10-11 06:09:25,38600.0,1000.0,2620500.0
1609,2021-10-11 06:09:25,38600.0,200.0,2619500.0
1610,2021-10-11 06:09:25,38600.0,300.0,2619300.0
1611,2021-10-11 06:09:25,38600.0,500.0,2619000.0
1612,2021-10-11 06:09:25,38600.0,5800.0,2618500.0
1613,2021-10-11 06:09:21,38600.0,2000.0,2612700.0
1614,2021-10-11 06:09:03,38600.0,2100.0,2610700.0
1615,2021-10-11 06:09:03,38550.0,500.0,2608600.0
1616,2021-10-11 06:09:03,38550.0,1000.0,2608100.0
1617,2021-10-11 06:09:03,38550.0,1200.0,2607100.0
1618,2021-10-11 06:09:03,38550.0,2000.0,2605900.0
1619,2021-10-11 06:09:03,38550.0,4000.0,2603900.0
1620,2021-10-11 06:09:03,38550.0,9200.0,2599900.0
1621,2021-10-11 06:09:02,38550.0,200.0,2590700.0
1622,2021-10-11 06:09:02,38550.0,300.0,2590500.0
1623,2021-10-11 06:09:00,38550.0,500.0,2590200.0
1624,2021-10-11 06:08:58,38550.0,1000.0,2589700.0
1625,2021-10-11 06:08:53,38550.0,300.0,2588700.0
1626,2021-10-11 06:08:51,38500.0,2800.0,2588400.0
1627,2021-10-11 06:08:51,38500.0,200.0,2585600.0
1628,2021-10-11 06:08:44,38550.0,1400.0,2585400.0
1629,2021-10-11 06:08:43,38550.0,1000.0,2584000.0
1630,2021-10-11 06:08:42,38550.0,1000.0,2583000.0
1631,2021-10-11 06:08:40,38550.0,300.0,2582000.0
1632,2021-10-11 06:08:39,38550.0,2000.0,2581700.0
1633,2021-10-11 06:08:38,38550.0,2000.0,2579700.0
1634,2021-10-11 06:08:38,38550.0,300.0,2577700.0
1635,2021-10-11 06:08:37,38550.0,1000.0,2577400.0
1636,2021-10-11 06:08:30,38550.0,10000.0,2576400.0
1637,2021-10-11 06:08:30,38550.0,500.0,2566400.0
1638,2021-10-11 06:08:21,38550.0,600.0,2565900.0
1639,2021-10-11 06:08:18,38550.0,600.0,2565300.0
1640,2021-10-11 06:08:15,38550.0,2000.0,2564700.0
1641,2021-10-11 06:08:14,38550.0,100.0,2562700.0
1642,2021-10-11 06:08:09,38550.0,500.0,2562600.0
1643,2021-10-11 06:08:08,38550.0,300.0,2562100.0
1644,2021-10-11 06:08:07,38550.0,500.0,2561800.0
1645,2021-10-11 06:08:07,38550.0,500.0,2561300.0
1646,2021-10-11 06:08:02,38550.0,400.0,2560800.0
1647,2021-10-11 06:07:53,38550.0,1000.0,2560400.0
1648,2021-10-11 06:07:52,38550.0,5000.0,2559400.0
1649,2021-10-11 06:07:52,38550.0,1000.0,2554400.0
1650,2021-10-11 06:07:52,38550.0,1000.0,2553400.0
1651,2021-10-11 06:07:52,38550.0,1000.0,2552400.0
1652,2021-10-11 06:07:52,38550.0,1000.0,2551400.0
1653,2021-10-11 06:07:52,38550.0,2000.0,2550400.0
1654,2021-10-11 06:07:52,38550.0,1500.0,2548400.0
1655,2021-10-11 06:07:52,38550.0,1000.0,2546900.0
1656,2021-10-11 06:07:52,38550.0,4000.0,2545900.0
1657,2021-10-11 06:07:44,38600.0,100.0,2541900.0
1658,2021-10-11 06:07:44,38600.0,200.0,2541800.0
1659,2021-10-11 06:07:28,38550.0,2200.0,2541600.0
1660,2021-10-11 06:07:15,38550.0,3800.0,2539400.0
1661,2021-10-11 06:07:15,38550.0,1000.0,2535600.0
1662,2021-10-11 06:07:15,38550.0,100.0,2534600.0
1663,2021-10-11 06:07:15,38550.0,100.0,2534500.0
1664,2021-10-11 06:06:49,38550.0,5000.0,2534400.0
1665,2021-10-11 06:06:18,38550.0,1000.0,2529400.0
1666,2021-10-11 06:06:18,38550.0,1000.0,2528400.0
1667,2021-10-11 06:06:18,38550.0,5000.0,2527400.0
1668,2021-10-11 06:06:18,38550.0,500.0,2522400.0
1669,2021-10-11 06:06:18,38550.0,100.0,2521900.0
1670,2021-10-11 06:06:18,38550.0,1000.0,2521800.0
1671,2021-10-11 06:06:18,38550.0,700.0,2520800.0
1672,2021-10-11 06:06:18,38550.0,4200.0,2520100.0
1673,2021-10-11 06:06:18,38550.0,10000.0,2515900.0
1674,2021-10-11 06:06:18,38550.0,10000.0,2505900.0
1675,2021-10-11 06:06:18,38550.0,1000.0,2495900.0
1676,2021-10-11 06:06:18,38550.0,400.0,2494900.0
1677,2021-10-11 06:06:18,38550.0,200.0,2494500.0
1678,2021-10-11 06:06:14,38550.0,1000.0,2494300.0
1679,2021-10-11 06:06:07,38550.0,3000.0,2493300.0
1680,2021-10-11 06:06:05,38550.0,1000.0,2490300.0
1681,2021-10-11 06:06:00,38550.0,400.0,2489300.0
1682,2021-10-11 06:05:50,38550.0,2000.0,2488900.0
1683,2021-10-11 06:05:43,38550.0,100.0,2486900.0
1684,2021-10-11 06:05:42,38550.0,500.0,2486800.0
1685,2021-10-11 06:05:35,38550.0,100.0,2486300.0
1686,2021-10-11 06:05:28,38550.0,200.0,2486200.0
1687,2021-10-11 06:05:26,38550.0,600.0,2486000.0
1688,2021-10-11 06:05:24,38550.0,2000.0,2485400.0
1689,2021-10-11 06:05:15,38550.0,400.0,2483400.0
1690,2021-10-11 06:05:09,38550.0,100.0,2483000.0
1691,2021-10-11 06:05:01,38550.0,100.0,2482900.0
1692,2021-10-11 06:05:00,38550.0,300.0,2482800.0
1693,2021-10-11 06:04:58,38550.0,100.0,2482500.0
1694,2021-10-11 06:04:43,38550.0,700.0,2482400.0
1695,2021-10-11 06:04:37,38550.0,100.0,2481700.0
1696,2021-10-11 06:04:36,38550.0,500.0,2481600.0
1697,2021-10-11 06:04:35,38550.0,500.0,2481100.0
1698,2021-10-11 06:04:33,38500.0,1600.0,2480600.0
1699,2021-10-11 06:04:20,38550.0,700.0,2479000.0
1700,2021-10-11 06:04:20,38550.0,2000.0,2478300.0
1701,2021-10-11 06:04:20,38550.0,200.0,2476300.0
1702,2021-10-11 06:04:20,38550.0,100.0,2476100.0
1703,2021-10-11 06:04:20,38550.0,2000.0,2476000.0
1704,2021-10-11 06:04:17,38550.0,1500.0,2474000.0
1705,2021-10-11 06:04:14,38550.0,500.0,2472500.0
1706,2021-10-11 06:04:07,38550.0,200.0,2472000.0
1707,2021-10-11 06:04:00,38550.0,200.0,2471800.0
1708,2021-10-11 06:03:53,38550.0,500.0,2471600.0
1709,2021-10-11 06:03:52,38550.0,1000.0,2471100.0
1710,2021-10-11 06:03:38,38550.0,1000.0,2470100.0
1711,2021-10-11 06:03:32,38550.0,100.0,2469100.0
1712,2021-10-11 06:03:28,38550.0,3000.0,2469000.0
1713,2021-10-11 06:02:38,38500.0,100.0,2466000.0
1714,2021-10-11 06:02:38,38500.0,100.0,2465900.0
1715,2021-10-11 06:02:34,38500.0,900.0,2465800.0
1716,2021-10-11 06:02:34,38500.0,100.0,2464900.0
1717,2021-10-11 06:02:30,38500.0,5000.0,2464800.0
1718,2021-10-11 06:02:28,38500.0,100.0,2459800.0
1719,2021-10-11 06:02:26,38500.0,200.0,2459700.0
1720,2021-10-11 06:02:23,38500.0,4000.0,2459500.0
1721,2021-10-11 06:02:19,38500.0,700.0,2455500.0
1722,2021-10-11 06:02:19,38500.0,2000.0,2454800.0
1723,2021-10-11 06:02:19,38500.0,2300.0,2452800.0
1724,2021-10-11 06:02:16,38500.0,500.0,2450500.0
1725,2021-10-11 06:02:06,38500.0,2000.0,2450000.0
1726,2021-10-11 06:01:55,38500.0,200.0,2448000.0
1727,2021-10-11 06:01:55,38500.0,900.0,2447800.0
1728,2021-10-11 06:01:55,38500.0,300.0,2446900.0
1729,2021-10-11 06:01:55,38500.0,1000.0,2446600.0
1730,2021-10-11 06:01:55,38500.0,1600.0,2445600.0
1731,2021-10-11 06:01:45,38500.0,400.0,2444000.0
1732,2021-10-11 06:01:45,38500.0,100.0,2443600.0
1733,2021-10-11 06:01:30,38500.0,300.0,2443500.0
1734,2021-10-11 06:01:30,38500.0,200.0,2443200.0
1735,2021-10-11 06:01:26,38500.0,700.0,2443000.0
1736,2021-10-11 06:01:25,38500.0,100.0,2442300.0
1737,2021-10-11 06:01:25,38500.0,1000.0,2442200.0
1738,2021-10-11 06:01:25,38500.0,600.0,2441200.0
1739,2021-10-11 06:01:25,38500.0,300.0,2440600.0
1740,2021-10-11 06:01:25,38500.0,300.0,2440300.0
1741,2021-10-11 06:01:25,38500.0,200.0,2440000.0
1742,2021-10-11 06:01:25,38500.0,200.0,2439800.0
1743,2021-10-11 06:01:25,38500.0,100.0,2439600.0
1744,2021-10-11 06:01:25,38500.0,500.0,2439500.0
1745,2021-10-11 06:01:25,38500.0,300.0,2439000.0
1746,2021-10-11 06:01:25,38500.0,100.0,2438700.0
1747,2021-10-11 06:01:25,38500.0,500.0,2438600.0
1748,2021-10-11 06:01:25,38500.0,100.0,2438100.0
1749,2021-10-11 06:01:25,38500.0,100.0,2438000.0
1750,2021-10-11 06:01:25,38500.0,100.0,2437900.0
1751,2021-10-11 06:01:25,38500.0,100.0,2437800.0
1752,2021-10-11 06:01:25,38500.0,300.0,2437700.0
1753,2021-10-11 06:01:15,38500.0,700.0,2437400.0
1754,2021-10-11 06:01:15,38500.0,300.0,2436700.0
1755,2021-10-11 06:01:10,38500.0,200.0,2436400.0
1756,2021-10-11 06:00:57,38500.0,500.0,2436200.0
1757,2021-10-11 06:00:56,38500.0,1000.0,2435700.0
1758,2021-10-11 06:00:53,38500.0,3000.0,2434700.0
1759,2021-10-11 06:00:45,38500.0,2000.0,2431700.0
1760,2021-10-11 06:00:40,38500.0,2000.0,2429700.0
1761,2021-10-11 06:00:38,38500.0,1000.0,2427700.0
1762,2021-10-11 06:00:34,38500.0,100.0,2426700.0
1763,2021-10-11 06:00:34,38500.0,100.0,2426600.0
1764,2021-10-11 06:00:34,38500.0,300.0,2426500.0
1765,2021-10-11 06:00:34,38500.0,1000.0,2426200.0
1766,2021-10-11 06:00:34,38500.0,100.0,2425200.0
1767,2021-10-11 06:00:34,38500.0,200.0,2425100.0
1768,2021-10-11 06:00:34,38500.0,1000.0,2424900.0
1769,2021-10-11 06:00:34,38500.0,100.0,2423900.0
1770,2021-10-11 06:00:34,38500.0,100.0,2423800.0
1771,2021-10-11 06:00:33,38500.0,500.0,2423700.0
1772,2021-10-11 06:00:26,38500.0,900.0,2423200.0
1773,2021-10-11 06:00:26,38500.0,500.0,2422300.0
1774,2021-10-11 06:00:26,38500.0,600.0,2421800.0
1775,2021-10-11 06:00:25,38450.0,600.0,2421200.0
1776,2021-10-11 06:00:22,38500.0,9400.0,2420600.0
1777,2021-10-11 06:00:22,38500.0,200.0,2411200.0
1778,2021-10-11 06:00:22,38500.0,400.0,2411000.0
1779,2021-10-11 06:00:18,38500.0,100.0,2410600.0
1780,2021-10-11 06:00:13,38500.0,1000.0,2410500.0
1781,2021-10-11 06:00:12,38500.0,1000.0,2409500.0
1782,2021-10-11 06:00:10,38500.0,200.0,2408500.0
1783,2021-10-11 06:00:07,38500.0,500.0,2408300.0
1784,2021-10-11 06:00:04,38500.0,2500.0,2407800.0
1785,2021-10-11 06:00:04,38500.0,2000.0,2405300.0
1786,2021-10-11 06:00:04,38500.0,500.0,2403300.0
1787,2021-10-11 06:00:04,38500.0,1000.0,2402800.0
1788,2021-10-11 06:00:01,38500.0,100.0,2401800.0
1789,2021-10-11 06:00:01,38500.0,100.0,2401700.0
1790,2021-10-11 06:00:00,38500.0,100.0,2401600.0
1791,2021-10-11 04:29:46,38450.0,100.0,2401500.0
1792,2021-10-11 04:29:14,38450.0,500.0,2401400.0
1793,2021-10-11 04:29:13,38450.0,19500.0,2400900.0
1794,2021-10-11 04:29:13,38450.0,100.0,2381400.0
1795,2021-10-11 04:29:13,38450.0,100.0,2381300.0
1796,2021-10-11 04:29:13,38450.0,10000.0,2381200.0
1797,2021-10-11 04:29:13,38450.0,10000.0,2371200.0
1798,2021-10-11 04:29:13,38450.0,100.0,2361200.0
1799,2021-10-11 04:29:13,38450.0,10000.0,2361100.0
1800,2021-10-11 04:29:13,38450.0,900.0,2351100.0
1801,2021-10-11 04:29:13,38450.0,100.0,2350200.0
1802,2021-10-11 04:29:13,38450.0,1000.0,2350100.0
1803,2021-10-11 04:29:13,38450.0,200.0,2349100.0
1804,2021-10-11 04:29:13,38450.0,30000.0,2348900.0
1805,2021-10-11 04:29:13,38450.0,18000.0,2318900.0
1806,2021-10-11 04:29:10,38450.0,300.0,2300900.0
1807,2021-10-11 04:28:56,38450.0,500.0,2300600.0
1808,2021-10-11 04:28:53,38450.0,100.0,2300100.0
1809,2021-10-11 04:28:26,38450.0,2000.0,2300000.0
1810,2021-10-11 04:27:16,38450.0,4100.0,2298000.0
1811,2021-10-11 04:27:16,38450.0,900.0,2293900.0
1812,2021-10-11 04:26:48,38450.0,100.0,2293000.0
1813,2021-10-11 04:26:45,38450.0,500.0,2292900.0
1814,2021-10-11 04:26:45,38400.0,200.0,2292400.0
1815,2021-10-11 04:26:19,38450.0,100.0,2292200.0
1816,2021-10-11 04:26:06,38450.0,1000.0,2292100.0
1817,2021-10-11 04:25:47,38450.0,300.0,2291100.0
1818,2021-10-11 04:25:30,38450.0,100.0,2290800.0
1819,2021-10-11 04:25:28,38400.0,300.0,2290700.0
1820,2021-10-11 04:25:11,38450.0,400.0,2290400.0
1821,2021-10-11 04:25:08,38400.0,5000.0,2290000.0
1822,2021-10-11 04:24:55,38400.0,500.0,2285000.0
1823,2021-10-11 04:24:03,38400.0,200.0,2284500.0
1824,2021-10-11 04:23:54,38450.0,200.0,2284300.0
1825,2021-10-11 04:23:49,38450.0,1000.0,2284100.0
1826,2021-10-11 04:23:48,38450.0,500.0,2283100.0
1827,2021-10-11 04:23:48,38450.0,800.0,2282600.0
1828,2021-10-11 04:23:42,38400.0,100.0,2281800.0
1829,2021-10-11 04:23:26,38450.0,4100.0,2281700.0
1830,2021-10-11 04:23:26,38450.0,900.0,2277600.0
1831,2021-10-11 04:23:21,38400.0,1000.0,2276700.0
1832,2021-10-11 04:23:07,38450.0,1000.0,2275700.0
1833,2021-10-11 04:22:32,38400.0,100.0,2274700.0
1834,2021-10-11 04:21:54,38400.0,10000.0,2274600.0
1835,2021-10-11 04:21:48,38450.0,2000.0,2264600.0
1836,2021-10-11 04:21:38,38450.0,200.0,2262600.0
1837,2021-10-11 04:21:23,38400.0,1000.0,2262400.0
1838,2021-10-11 04:20:57,38400.0,1000.0,2261400.0
1839,2021-10-11 04:20:57,38400.0,300.0,2260400.0
1840,2021-10-11 04:20:57,38400.0,20000.0,2260100.0
1841,2021-10-11 04:20:57,38400.0,100.0,2240100.0
1842,2021-10-11 04:20:57,38400.0,100.0,2240000.0
1843,2021-10-11 04:20:57,38400.0,2000.0,2239900.0
1844,2021-10-11 04:20:57,38400.0,200.0,2237900.0
1845,2021-10-11 04:20:57,38400.0,4000.0,2237700.0
1846,2021-10-11 04:20:57,38400.0,200.0,2233700.0
1847,2021-10-11 04:20:57,38400.0,1000.0,2233500.0
1848,2021-10-11 04:20:57,38400.0,500.0,2232500.0
1849,2021-10-11 04:20:57,38400.0,300.0,2232000.0
1850,2021-10-11 04:20:57,38400.0,300.0,2231700.0
1851,2021-10-11 04:20:57,38400.0,23800.0,2231400.0
1852,2021-10-11 04:20:44,38400.0,1100.0,2207600.0
1853,2021-10-11 04:20:41,38400.0,5100.0,2206500.0
1854,2021-10-11 04:20:41,38400.0,10000.0,2201400.0
1855,2021-10-11 04:20:41,38400.0,5000.0,2191400.0
1856,2021-10-11 04:20:41,38400.0,100.0,2186400.0
1857,2021-10-11 04:20:41,38400.0,200.0,2186300.0
1858,2021-10-11 04:20:41,38400.0,4100.0,2186100.0
1859,2021-10-11 04:20:41,38400.0,1000.0,2182000.0
1860,2021-10-11 04:20:41,38400.0,1000.0,2181000.0
1861,2021-10-11 04:20:41,38400.0,2000.0,2180000.0
1862,2021-10-11 04:20:41,38400.0,400.0,2178000.0
1863,2021-10-11 04:20:41,38400.0,2000.0,2177600.0
1864,2021-10-11 04:20:41,38400.0,10000.0,2175600.0
1865,2021-10-11 04:20:41,38400.0,1000.0,2165600.0
1866,2021-10-11 04:20:41,38400.0,5000.0,2164600.0
1867,2021-10-11 04:20:41,38400.0,3400.0,2159600.0
1868,2021-10-11 04:20:41,38350.0,200.0,2156200.0
1869,2021-10-11 04:20:41,38350.0,2000.0,2156000.0
1870,2021-10-11 04:20:41,38350.0,2500.0,2154000.0
1871,2021-10-11 04:20:41,38350.0,700.0,2151500.0
1872,2021-10-11 04:20:41,38350.0,10000.0,2150800.0
1873,2021-10-11 04:20:41,38350.0,2000.0,2140800.0
1874,2021-10-11 04:20:41,38350.0,500.0,2138800.0
1875,2021-10-11 04:20:41,38350.0,100.0,2138300.0
1876,2021-10-11 04:20:41,38350.0,10000.0,2138200.0
1877,2021-10-11 04:20:41,38350.0,1000.0,2128200.0
1878,2021-10-11 04:20:41,38350.0,10000.0,2127200.0
1879,2021-10-11 04:20:41,38350.0,5000.0,2117200.0
1880,2021-10-11 04:20:41,38350.0,5700.0,2112200.0
1881,2021-10-11 04:20:37,38300.0,4200.0,2106500.0
1882,2021-10-11 04:20:35,38300.0,700.0,2102300.0
1883,2021-10-11 04:20:33,38300.0,100.0,2101600.0
1884,2021-10-11 04:20:20,38300.0,3000.0,2101500.0
1885,2021-10-11 04:19:52,38300.0,100.0,2098500.0
1886,2021-10-11 04:19:37,38300.0,100.0,2098400.0
1887,2021-10-11 04:19:37,38300.0,2000.0,2098300.0
1888,2021-10-11 04:19:33,38300.0,100.0,2096300.0
1889,2021-10-11 04:19:33,38300.0,500.0,2096200.0
1890,2021-10-11 04:19:21,38300.0,1000.0,2095700.0
1891,2021-10-11 04:18:59,38300.0,1100.0,2094700.0
1892,2021-10-11 04:18:59,38300.0,200.0,2093600.0
1893,2021-10-11 04:18:59,38300.0,1000.0,2093400.0
1894,2021-10-11 04:18:59,38300.0,500.0,2092400.0
1895,2021-10-11 04:18:59,38300.0,300.0,2091900.0
1896,2021-10-11 04:18:59,38300.0,100.0,2091600.0
1897,2021-10-11 04:18:39,38300.0,500.0,2091500.0
1898,2021-10-11 04:17:47,38350.0,100.0,2091000.0
1899,2021-10-11 04:17:27,38300.0,100.0,2090900.0
1900,2021-10-11 04:17:11,38300.0,400.0,2090800.0
1901,2021-10-11 04:17:11,38300.0,100.0,2090400.0
1902,2021-10-11 04:15:53,38300.0,1000.0,2090300.0
1903,2021-10-11 04:15:28,38300.0,1000.0,2089300.0
1904,2021-10-11 04:14:37,38300.0,500.0,2088300.0
1905,2021-10-11 04:14:35,38300.0,100.0,2087800.0
1906,2021-10-11 04:14:23,38300.0,300.0,2087700.0
1907,2021-10-11 04:14:23,38300.0,100.0,2087400.0
1908,2021-10-11 04:14:13,38250.0,500.0,2087300.0
1909,2021-10-11 04:14:13,38250.0,3000.0,2086800.0
1910,2021-10-11 04:14:13,38250.0,500.0,2083800.0
1911,2021-10-11 04:14:13,38250.0,1000.0,2083300.0
1912,2021-10-11 04:14:13,38250.0,1000.0,2082300.0
1913,2021-10-11 04:14:13,38250.0,100.0,2081300.0
1914,2021-10-11 04:14:13,38250.0,100.0,2081200.0
1915,2021-10-11 04:14:13,38250.0,200.0,2081100.0
1916,2021-10-11 04:14:13,38250.0,1300.0,2080900.0
1917,2021-10-11 04:14:13,38300.0,100.0,2079600.0
1918,2021-10-11 04:14:13,38300.0,500.0,2079500.0
1919,2021-10-11 04:14:13,38300.0,17400.0,2079000.0
1920,2021-10-11 04:14:02,38300.0,1000.0,2061600.0
1921,2021-10-11 04:13:50,38300.0,400.0,2060600.0
1922,2021-10-11 04:13:40,38300.0,500.0,2060200.0
1923,2021-10-11 04:13:40,38300.0,1000.0,2059700.0
1924,2021-10-11 04:13:40,38300.0,1000.0,2058700.0
1925,2021-10-11 04:13:40,38300.0,500.0,2057700.0
1926,2021-10-11 04:13:40,38300.0,8200.0,2057200.0
1927,2021-10-11 04:13:32,38250.0,100.0,2049000.0
1928,2021-10-11 04:13:00,38250.0,800.0,2048900.0
1929,2021-10-11 04:12:46,38250.0,100.0,2048100.0
1930,2021-10-11 04:12:16,38250.0,2000.0,2048000.0
1931,2021-10-11 04:12:07,38250.0,300.0,2046000.0
1932,2021-10-11 04:12:07,38250.0,400.0,2045700.0
1933,2021-10-11 04:11:27,38250.0,100.0,2045300.0
1934,2021-10-11 04:11:17,38250.0,100.0,2045200.0
1935,2021-10-11 04:11:04,38250.0,1000.0,2045100.0
1936,2021-10-11 04:10:57,38250.0,300.0,2044100.0
1937,2021-10-11 04:10:57,38250.0,100.0,2043800.0
1938,2021-10-11 04:10:57,38250.0,100.0,2043700.0
1939,2021-10-11 04:10:44,38300.0,100.0,2043600.0
1940,2021-10-11 04:10:43,38250.0,100.0,2043500.0
1941,2021-10-11 04:10:43,38250.0,100.0,2043400.0
1942,2021-10-11 04:10:43,38250.0,500.0,2043300.0
1943,2021-10-11 04:10:43,38250.0,800.0,2042800.0
1944,2021-10-11 04:10:43,38250.0,100.0,2042000.0
1945,2021-10-11 04:10:43,38250.0,100.0,2041900.0
1946,2021-10-11 04:10:43,38250.0,100.0,2041800.0
1947,2021-10-11 04:10:43,38250.0,200.0,2041700.0
1948,2021-10-11 04:10:43,38250.0,200.0,2041500.0
1949,2021-10-11 04:10:43,38250.0,300.0,2041300.0
1950,2021-10-11 04:10:43,38250.0,100.0,2041000.0
1951,2021-10-11 04:10:43,38250.0,300.0,2040900.0
1952,2021-10-11 04:10:43,38250.0,100.0,2040600.0
1953,2021-10-11 04:10:43,38250.0,200.0,2040500.0
1954,2021-10-11 04:10:43,38250.0,500.0,2040300.0
1955,2021-10-11 04:10:43,38250.0,1000.0,2039800.0
1956,2021-10-11 04:10:43,38250.0,300.0,2038800.0
1957,2021-10-11 04:10:43,38300.0,100.0,2038500.0
1958,2021-10-11 04:10:10,38300.0,100.0,2038400.0
1959,2021-10-11 04:09:49,38300.0,200.0,2038300.0
1960,2021-10-11 04:09:42,38250.0,300.0,2038100.0
1961,2021-10-11 04:09:35,38300.0,1000.0,2037800.0
1962,2021-10-11 04:09:24,38250.0,200.0,2036800.0
1963,2021-10-11 04:09:20,38300.0,200.0,2036600.0
1964,2021-10-11 04:08:47,38300.0,100.0,2036400.0
1965,2021-10-11 04:08:35,38250.0,200.0,2036300.0
1966,2021-10-11 04:08:35,38250.0,300.0,2036100.0
1967,2021-10-11 04:08:35,38250.0,100.0,2035800.0
1968,2021-10-11 04:08:35,38250.0,200.0,2035700.0
1969,2021-10-11 04:08:35,38250.0,100.0,2035500.0
1970,2021-10-11 04:08:35,38250.0,300.0,2035400.0
1971,2021-10-11 04:08:35,38250.0,1000.0,2035100.0
1972,2021-10-11 04:08:35,38250.0,4000.0,2034100.0
1973,2021-10-11 04:08:35,38250.0,100.0,2030100.0
1974,2021-10-11 04:08:35,38250.0,3700.0,2030000.0
1975,2021-10-11 04:08:05,38250.0,10000.0,2026300.0
1976,2021-10-11 04:07:43,38350.0,100.0,2016300.0
1977,2021-10-11 04:07:07,38350.0,400.0,2016200.0
1978,2021-10-11 04:07:04,38350.0,500.0,2015800.0
1979,2021-10-11 04:06:58,38350.0,200.0,2015300.0
1980,2021-10-11 04:06:32,38350.0,200.0,2015100.0
1981,2021-10-11 04:06:07,38350.0,200.0,2014900.0
1982,2021-10-11 04:06:07,38300.0,300.0,2014700.0
1983,2021-10-11 04:05:56,38350.0,2000.0,2014400.0
1984,2021-10-11 04:05:36,38350.0,600.0,2012400.0
1985,2021-10-11 04:05:36,38350.0,400.0,2011800.0
1986,2021-10-11 04:05:10,38350.0,3900.0,2011400.0
1987,2021-10-11 04:05:10,38300.0,200.0,2007500.0
1988,2021-10-11 04:05:10,38300.0,100.0,2007300.0
1989,2021-10-11 04:05:10,38300.0,500.0,2007200.0
1990,2021-10-11 04:05:10,38300.0,2000.0,2006700.0
1991,2021-10-11 04:05:10,38300.0,1500.0,2004700.0
1992,2021-10-11 04:05:10,38300.0,6800.0,2003200.0
1993,2021-10-11 04:05:03,38250.0,300.0,1996400.0
1994,2021-10-11 04:05:03,38250.0,9000.0,1996100.0
1995,2021-10-11 04:05:03,38250.0,1000.0,1987100.0
1996,2021-10-11 04:05:03,38250.0,1000.0,1986100.0
1997,2021-10-11 04:05:03,38250.0,100.0,1985100.0
1998,2021-10-11 04:05:03,38250.0,100.0,1985000.0
1999,2021-10-11 04:05:03,38250.0,500.0,1984900.0
2000,2021-10-11 04:05:03,38250.0,1000.0,1984400.0
2001,2021-10-11 04:05:03,38250.0,200.0,1983400.0
2002,2021-10-11 04:05:03,38250.0,1800.0,1983200.0
2003,2021-10-11 04:04:37,38250.0,100.0,1981400.0
2004,2021-10-11 04:04:28,38300.0,500.0,1981300.0
2005,2021-10-11 04:04:13,38300.0,500.0,1980800.0
2006,2021-10-11 04:03:40,38300.0,100.0,1980300.0
2007,2021-10-11 04:03:35,38250.0,300.0,1980200.0
2008,2021-10-11 04:03:06,38250.0,1000.0,1979900.0
2009,2021-10-11 04:02:37,38250.0,100.0,1978900.0
2010,2021-10-11 04:02:31,38300.0,1000.0,1978800.0
2011,2021-10-11 04:02:30,38250.0,1000.0,1977800.0
2012,2021-10-11 04:02:19,38300.0,1000.0,1976800.0
2013,2021-10-11 04:02:17,38300.0,100.0,1975800.0
2014,2021-10-11 04:01:57,38300.0,500.0,1975700.0
2015,2021-10-11 04:00:52,38300.0,100.0,1975200.0
2016,2021-10-11 04:00:44,38300.0,300.0,1975100.0
2017,2021-10-11 04:00:29,38300.0,100.0,1974800.0
2018,2021-10-11 04:00:29,38300.0,100.0,1974700.0
2019,2021-10-11 04:00:27,38300.0,100.0,1974600.0
2020,2021-10-11 04:00:18,38300.0,1800.0,1974500.0
2021,2021-10-11 04:00:18,38300.0,1000.0,1972700.0
2022,2021-10-11 04:00:18,38300.0,400.0,1971700.0
2023,2021-10-11 04:00:18,38300.0,800.0,1971300.0
2024,2021-10-11 04:00:14,38300.0,1700.0,1970500.0
2025,2021-10-11 04:00:12,38300.0,600.0,1968800.0
2026,2021-10-11 03:59:58,38300.0,1000.0,1968200.0
2027,2021-10-11 03:59:40,38300.0,100.0,1967200.0
2028,2021-10-11 03:59:36,38300.0,3600.0,1967100.0
2029,2021-10-11 03:59:36,38300.0,500.0,1963500.0
2030,2021-10-11 03:59:36,38300.0,900.0,1963000.0
2031,2021-10-11 03:59:23,38300.0,200.0,1962100.0
2032,2021-10-11 03:59:23,38250.0,700.0,1961900.0
2033,2021-10-11 03:59:23,38250.0,1700.0,1961200.0
2034,2021-10-11 03:58:58,38300.0,100.0,1959500.0
2035,2021-10-11 03:58:41,38300.0,200.0,1959400.0
2036,2021-10-11 03:58:41,38300.0,100.0,1959200.0
2037,2021-10-11 03:58:17,38300.0,1600.0,1959100.0
2038,2021-10-11 03:57:51,38300.0,4000.0,1957500.0
2039,2021-10-11 03:57:41,38250.0,900.0,1953500.0
2040,2021-10-11 03:57:41,38250.0,100.0,1952600.0
2041,2021-10-11 03:57:28,38300.0,100.0,1952500.0
2042,2021-10-11 03:57:20,38300.0,4300.0,1952400.0
2043,2021-10-11 03:57:20,38300.0,500.0,1948100.0
2044,2021-10-11 03:57:20,38300.0,200.0,1947600.0
2045,2021-10-11 03:57:20,38300.0,300.0,1947400.0
