,Time,Price,Volume_per_trade,Volume
0,2021-10-07 07:45:00,29000.0,400.0,105100.0
1,2021-10-07 07:45:00,29000.0,200.0,104700.0
2,2021-10-07 07:45:00,29000.0,300.0,104500.0
3,2021-10-07 07:45:00,29000.0,2000.0,104200.0
4,2021-10-07 07:45:00,29000.0,2400.0,102200.0
5,2021-10-07 07:45:00,29000.0,2000.0,99800.0
6,2021-10-07 07:45:00,29000.0,1300.0,97800.0
7,2021-10-07 07:45:00,29000.0,100.0,96500.0
8,2021-10-07 07:29:24,29050.0,100.0,96400.0
9,2021-10-07 07:29:05,28500.0,100.0,96300.0
10,2021-10-07 07:29:05,28600.0,100.0,96200.0
11,2021-10-07 07:25:21,28500.0,400.0,96100.0
12,2021-10-07 07:25:19,28500.0,700.0,95700.0
13,2021-10-07 07:25:17,28500.0,100.0,95000.0
14,2021-10-07 07:24:36,28500.0,100.0,94900.0
15,2021-10-07 07:24:13,28500.0,700.0,94800.0
16,2021-10-07 07:23:59,28500.0,300.0,94100.0
17,2021-10-07 07:23:32,28450.0,200.0,93800.0
18,2021-10-07 07:23:32,28450.0,100.0,93600.0
19,2021-10-07 07:23:32,28450.0,100.0,93500.0
20,2021-10-07 07:23:31,28500.0,100.0,93400.0
21,2021-10-07 07:23:03,28500.0,500.0,93300.0
22,2021-10-07 07:23:03,28500.0,500.0,92800.0
23,2021-10-07 07:23:03,28500.0,900.0,92300.0
24,2021-10-07 07:23:03,28550.0,100.0,91400.0
25,2021-10-07 07:23:03,28550.0,6000.0,91300.0
26,2021-10-07 07:17:21,28550.0,100.0,85300.0
27,2021-10-07 07:16:03,28500.0,100.0,85200.0
28,2021-10-07 07:16:03,28500.0,200.0,85100.0
29,2021-10-07 07:16:03,28500.0,100.0,84900.0
30,2021-10-07 07:16:03,28550.0,1000.0,84800.0
31,2021-10-07 07:16:03,28550.0,300.0,83800.0
32,2021-10-07 07:16:03,28550.0,100.0,83500.0
33,2021-10-07 07:16:03,28550.0,100.0,83400.0
34,2021-10-07 07:16:03,28600.0,500.0,83300.0
35,2021-10-07 07:16:03,28600.0,200.0,82800.0
36,2021-10-07 07:16:03,28600.0,200.0,82600.0
37,2021-10-07 07:16:03,28600.0,100.0,82400.0
38,2021-10-07 07:16:03,28600.0,100.0,82300.0
39,2021-10-07 07:11:34,28700.0,100.0,82200.0
40,2021-10-07 07:11:34,28700.0,100.0,82100.0
41,2021-10-07 07:11:34,28700.0,100.0,82000.0
42,2021-10-07 07:09:29,29300.0,200.0,81900.0
43,2021-10-07 07:09:01,29200.0,1000.0,81700.0
44,2021-10-07 07:09:01,29200.0,100.0,80700.0
45,2021-10-07 07:08:56,29000.0,400.0,80600.0
46,2021-10-07 07:08:37,29000.0,2000.0,80200.0
47,2021-10-07 07:04:06,28700.0,400.0,78200.0
48,2021-10-07 07:03:59,28700.0,700.0,77800.0
49,2021-10-07 07:02:59,28700.0,300.0,77100.0
50,2021-10-07 07:01:04,28700.0,100.0,76800.0
51,2021-10-07 06:52:21,29300.0,100.0,76700.0
52,2021-10-07 06:48:05,29300.0,200.0,76600.0
53,2021-10-07 06:47:12,29300.0,300.0,76400.0
54,2021-10-07 06:46:39,29300.0,200.0,76100.0
55,2021-10-07 06:45:52,29300.0,500.0,75900.0
56,2021-10-07 06:45:52,29250.0,200.0,75400.0
57,2021-10-07 06:32:34,29400.0,300.0,75200.0
58,2021-10-07 06:32:06,29400.0,100.0,74900.0
59,2021-10-07 06:31:14,29400.0,100.0,74800.0
60,2021-10-07 06:31:14,29400.0,100.0,74700.0
61,2021-10-07 06:31:11,29400.0,700.0,74600.0
62,2021-10-07 06:30:41,29400.0,500.0,73900.0
63,2021-10-07 06:30:05,29400.0,500.0,73400.0
64,2021-10-07 06:29:38,29400.0,200.0,72900.0
65,2021-10-07 06:29:35,29300.0,500.0,72700.0
66,2021-10-07 06:29:12,29300.0,100.0,72200.0
67,2021-10-07 06:29:05,29300.0,100.0,72100.0
68,2021-10-07 06:28:34,29250.0,300.0,72000.0
69,2021-10-07 06:28:18,29200.0,200.0,71700.0
70,2021-10-07 06:28:15,29200.0,500.0,71500.0
71,2021-10-07 06:28:15,29200.0,200.0,71000.0
72,2021-10-07 06:28:15,29200.0,500.0,70800.0
73,2021-10-07 06:28:00,29150.0,700.0,70300.0
74,2021-10-07 06:28:00,29150.0,500.0,69600.0
75,2021-10-07 06:27:44,29100.0,200.0,69100.0
76,2021-10-07 06:27:44,29100.0,100.0,68900.0
77,2021-10-07 06:27:44,29100.0,200.0,68800.0
78,2021-10-07 06:27:28,29050.0,200.0,68600.0
79,2021-10-07 06:27:28,29050.0,200.0,68400.0
80,2021-10-07 06:27:04,29000.0,200.0,68200.0
81,2021-10-07 06:27:04,29000.0,200.0,68000.0
82,2021-10-07 06:26:43,28900.0,100.0,67800.0
83,2021-10-07 06:25:08,28900.0,300.0,67700.0
84,2021-10-07 06:24:21,28900.0,400.0,67400.0
85,2021-10-07 06:23:51,28950.0,300.0,67000.0
86,2021-10-07 06:23:28,29050.0,100.0,66700.0
87,2021-10-07 06:22:48,29050.0,200.0,66600.0
88,2021-10-07 06:22:48,29050.0,200.0,66400.0
89,2021-10-07 06:22:48,29050.0,200.0,66200.0
90,2021-10-07 06:22:48,29000.0,400.0,66000.0
91,2021-10-07 06:22:48,29000.0,400.0,65600.0
92,2021-10-07 06:22:32,29000.0,200.0,65200.0
93,2021-10-07 06:22:32,29000.0,100.0,65000.0
94,2021-10-07 06:22:32,29000.0,100.0,64900.0
95,2021-10-07 06:22:23,28950.0,200.0,64800.0
96,2021-10-07 06:22:23,28950.0,500.0,64600.0
97,2021-10-07 06:21:55,28900.0,200.0,64100.0
98,2021-10-07 06:21:46,28900.0,200.0,63900.0
99,2021-10-07 06:21:07,28900.0,200.0,63700.0
100,2021-10-07 06:17:23,28900.0,200.0,63500.0
101,2021-10-07 06:11:14,28350.0,800.0,63300.0
102,2021-10-07 06:11:14,28350.0,100.0,62500.0
103,2021-10-07 06:11:14,28350.0,100.0,62400.0
104,2021-10-07 06:11:14,28350.0,100.0,62300.0
105,2021-10-07 06:11:14,28350.0,100.0,62200.0
106,2021-10-07 06:10:20,28400.0,100.0,62100.0
107,2021-10-07 06:10:08,28400.0,100.0,62000.0
108,2021-10-07 06:09:34,28400.0,100.0,61900.0
109,2021-10-07 06:02:04,28400.0,200.0,61800.0
110,2021-10-07 06:01:30,28350.0,400.0,61600.0
111,2021-10-07 06:01:30,28350.0,100.0,61200.0
112,2021-10-07 06:01:30,28350.0,400.0,61100.0
113,2021-10-07 06:00:03,28400.0,500.0,60700.0
114,2021-10-07 04:26:37,28350.0,100.0,60200.0
115,2021-10-07 04:26:37,28350.0,400.0,60100.0
116,2021-10-07 04:26:16,28400.0,100.0,59700.0
117,2021-10-07 04:24:13,28400.0,900.0,59600.0
118,2021-10-07 04:23:21,28400.0,1000.0,58700.0
119,2021-10-07 04:23:03,28400.0,100.0,57700.0
120,2021-10-07 04:22:29,28400.0,200.0,57600.0
121,2021-10-07 04:19:46,28350.0,100.0,57400.0
122,2021-10-07 04:16:51,28300.0,700.0,57300.0
123,2021-10-07 04:16:51,28300.0,400.0,56600.0
124,2021-10-07 04:16:51,28300.0,400.0,56200.0
125,2021-10-07 04:16:51,28350.0,500.0,55800.0
126,2021-10-07 04:16:51,28350.0,300.0,55300.0
127,2021-10-07 04:16:51,28400.0,500.0,55000.0
128,2021-10-07 04:16:51,28400.0,100.0,54500.0
129,2021-10-07 04:16:51,28400.0,100.0,54400.0
130,2021-10-07 04:14:04,28500.0,1100.0,54300.0
131,2021-10-07 04:13:10,28500.0,2100.0,53200.0
132,2021-10-07 04:12:44,28500.0,2500.0,51100.0
133,2021-10-07 04:12:44,28500.0,600.0,48600.0
134,2021-10-07 04:12:44,28400.0,100.0,48000.0
135,2021-10-07 04:11:57,28400.0,800.0,47900.0
136,2021-10-07 04:11:10,28400.0,100.0,47100.0
137,2021-10-07 04:09:26,28350.0,200.0,47000.0
138,2021-10-07 04:08:51,28350.0,500.0,46800.0
139,2021-10-07 04:08:51,28350.0,200.0,46300.0
140,2021-10-07 04:08:51,28350.0,100.0,46100.0
141,2021-10-07 04:08:30,28400.0,1000.0,46000.0
142,2021-10-07 04:08:13,28400.0,100.0,45000.0
143,2021-10-07 04:06:32,28400.0,600.0,44900.0
144,2021-10-07 04:04:09,28400.0,300.0,44300.0
145,2021-10-07 04:03:40,28400.0,100.0,44000.0
146,2021-10-07 04:02:26,28400.0,100.0,43900.0
147,2021-10-07 04:01:43,28400.0,500.0,43800.0
148,2021-10-07 03:59:57,28400.0,500.0,43300.0
149,2021-10-07 03:58:36,28400.0,100.0,42800.0
150,2021-10-07 03:58:36,28400.0,100.0,42700.0
151,2021-10-07 03:58:36,28400.0,1000.0,42600.0
152,2021-10-07 03:58:36,28400.0,700.0,41600.0
153,2021-10-07 03:58:36,28450.0,100.0,40900.0
154,2021-10-07 03:57:11,28500.0,400.0,40800.0
155,2021-10-07 03:57:11,28500.0,800.0,40400.0
156,2021-10-07 03:52:58,28500.0,200.0,39600.0
157,2021-10-07 03:52:35,28500.0,100.0,39400.0
158,2021-10-07 03:52:35,28500.0,200.0,39300.0
159,2021-10-07 03:52:21,28500.0,500.0,39100.0
160,2021-10-07 03:51:49,28400.0,300.0,38600.0
161,2021-10-07 03:51:49,28400.0,400.0,38300.0
162,2021-10-07 03:51:15,28500.0,300.0,37900.0
163,2021-10-07 03:51:09,28500.0,500.0,37600.0
164,2021-10-07 03:50:25,28500.0,500.0,37100.0
165,2021-10-07 03:50:10,28500.0,500.0,36600.0
166,2021-10-07 03:49:53,28500.0,200.0,36100.0
167,2021-10-07 03:48:18,28500.0,100.0,35900.0
168,2021-10-07 03:48:17,28500.0,300.0,35800.0
169,2021-10-07 03:48:09,28500.0,100.0,35500.0
170,2021-10-07 03:47:51,28500.0,100.0,35400.0
171,2021-10-07 03:47:27,28450.0,200.0,35300.0
172,2021-10-07 03:46:52,28500.0,200.0,35100.0
173,2021-10-07 03:46:52,28500.0,100.0,34900.0
174,2021-10-07 03:46:52,28500.0,100.0,34800.0
175,2021-10-07 03:44:11,28500.0,200.0,34700.0
176,2021-10-07 03:44:09,28500.0,4000.0,34500.0
177,2021-10-07 03:38:53,28600.0,500.0,30500.0
178,2021-10-07 03:38:01,28600.0,100.0,30000.0
179,2021-10-07 03:37:12,28600.0,500.0,29900.0
180,2021-10-07 03:36:29,28600.0,300.0,29400.0
181,2021-10-07 03:35:55,28600.0,1000.0,29100.0
182,2021-10-07 03:35:55,28600.0,400.0,28100.0
183,2021-10-07 03:35:55,28600.0,500.0,27700.0
184,2021-10-07 03:28:17,29100.0,100.0,27200.0
185,2021-10-07 03:28:08,29100.0,100.0,27100.0
186,2021-10-07 03:25:40,29150.0,200.0,27000.0
187,2021-10-07 03:25:15,29150.0,300.0,26800.0
188,2021-10-07 03:25:15,29150.0,100.0,26500.0
189,2021-10-07 03:18:59,29150.0,100.0,26400.0
190,2021-10-07 03:18:59,29150.0,700.0,26300.0
191,2021-10-07 03:12:16,29150.0,1000.0,25600.0
192,2021-10-07 03:09:42,29150.0,100.0,24600.0
193,2021-10-07 03:09:36,29150.0,200.0,24500.0
194,2021-10-07 03:07:55,29150.0,100.0,24300.0
195,2021-10-07 03:07:44,29150.0,400.0,24200.0
196,2021-10-07 03:06:09,29150.0,400.0,23800.0
197,2021-10-07 03:04:54,29200.0,1800.0,23400.0
198,2021-10-07 03:04:34,29150.0,200.0,21600.0
199,2021-10-07 03:04:34,29150.0,200.0,21400.0
200,2021-10-07 03:04:34,29100.0,600.0,21200.0
201,2021-10-07 03:04:34,29000.0,200.0,20600.0
202,2021-10-07 03:03:58,28500.0,300.0,20400.0
203,2021-10-07 03:03:58,28500.0,700.0,20100.0
204,2021-10-07 03:03:58,28500.0,300.0,19400.0
205,2021-10-07 03:03:58,28500.0,700.0,19100.0
206,2021-10-07 03:02:42,28500.0,200.0,18400.0
207,2021-10-07 02:56:47,28500.0,700.0,18200.0
208,2021-10-07 02:56:47,28500.0,400.0,17500.0
209,2021-10-07 02:56:47,28500.0,100.0,17100.0
210,2021-10-07 02:56:47,28500.0,600.0,17000.0
211,2021-10-07 02:53:11,28500.0,500.0,16400.0
212,2021-10-07 02:53:08,28500.0,900.0,15900.0
213,2021-10-07 02:53:08,28500.0,100.0,15000.0
214,2021-10-07 02:53:08,28500.0,100.0,14900.0
215,2021-10-07 02:53:08,28500.0,100.0,14800.0
216,2021-10-07 02:47:38,28500.0,200.0,14700.0
217,2021-10-07 02:47:38,28500.0,200.0,14500.0
218,2021-10-07 02:47:38,28500.0,100.0,14300.0
219,2021-10-07 02:47:38,28550.0,100.0,14200.0
220,2021-10-07 02:47:38,28550.0,100.0,14100.0
221,2021-10-07 02:45:06,28550.0,100.0,14000.0
222,2021-10-07 02:44:41,28550.0,100.0,13900.0
223,2021-10-07 02:44:41,28550.0,2000.0,13800.0
224,2021-10-07 02:44:41,28550.0,500.0,11800.0
225,2021-10-07 02:44:41,28600.0,100.0,11300.0
226,2021-10-07 02:44:41,28600.0,100.0,11200.0
227,2021-10-07 02:44:41,28600.0,100.0,11100.0
228,2021-10-07 02:39:31,28550.0,500.0,11000.0
229,2021-10-07 02:39:31,28600.0,100.0,10500.0
230,2021-10-07 02:39:31,28600.0,500.0,10400.0
231,2021-10-07 02:39:31,28650.0,100.0,9900.0
232,2021-10-07 02:35:11,28550.0,100.0,9800.0
233,2021-10-07 02:34:36,28550.0,900.0,9700.0
234,2021-10-07 02:34:36,28550.0,100.0,8800.0
235,2021-10-07 02:31:02,28550.0,100.0,8700.0
236,2021-10-07 02:27:28,28500.0,1600.0,8600.0
237,2021-10-07 02:27:28,28450.0,300.0,7000.0
238,2021-10-07 02:25:42,28450.0,100.0,6700.0
239,2021-10-07 02:24:32,28450.0,100.0,6600.0
240,2021-10-07 02:24:19,28450.0,100.0,6500.0
241,2021-10-07 02:24:15,28450.0,600.0,6400.0
242,2021-10-07 02:23:25,28500.0,100.0,5800.0
243,2021-10-07 02:23:21,28400.0,300.0,5700.0
244,2021-10-07 02:23:14,28400.0,200.0,5400.0
245,2021-10-07 02:23:14,28400.0,200.0,5200.0
246,2021-10-07 02:23:00,28450.0,100.0,5000.0
247,2021-10-07 02:22:50,28500.0,200.0,4900.0
248,2021-10-07 02:22:50,28500.0,1000.0,4700.0
249,2021-10-07 02:22:50,28550.0,100.0,3700.0
250,2021-10-07 02:20:22,29150.0,100.0,3600.0
251,2021-10-07 02:18:58,29150.0,900.0,3500.0
252,2021-10-07 02:15:00,29400.0,200.0,2600.0
253,2021-10-07 02:15:00,29400.0,100.0,2400.0
254,2021-10-07 02:15:00,29400.0,200.0,2300.0
255,2021-10-07 02:15:00,29400.0,100.0,2100.0
256,2021-10-07 02:15:00,29400.0,1000.0,2000.0
257,2021-10-07 02:15:00,29400.0,900.0,1000.0
258,2021-10-07 02:15:00,29400.0,100.0,100.0
