,Time,Price,Volume_per_trade,Volume
0,2021-10-22 07:45:00,7480.0,1000.0,5089700.0
1,2021-10-22 07:45:00,7480.0,100.0,5088700.0
2,2021-10-22 07:45:00,7480.0,3000.0,5088600.0
3,2021-10-22 07:45:00,7480.0,500.0,5085600.0
4,2021-10-22 07:45:00,7480.0,300.0,5085100.0
5,2021-10-22 07:45:00,7480.0,300.0,5084800.0
6,2021-10-22 07:45:00,7480.0,800.0,5084500.0
7,2021-10-22 07:45:00,7480.0,300.0,5083700.0
8,2021-10-22 07:45:00,7480.0,200.0,5083400.0
9,2021-10-22 07:45:00,7480.0,500.0,5083200.0
10,2021-10-22 07:45:00,7480.0,100.0,5082700.0
11,2021-10-22 07:45:00,7480.0,1000.0,5082600.0
12,2021-10-22 07:45:00,7480.0,200.0,5081600.0
13,2021-10-22 07:45:00,7480.0,5000.0,5081400.0
14,2021-10-22 07:45:00,7480.0,400.0,5076400.0
15,2021-10-22 07:45:00,7480.0,5000.0,5076000.0
16,2021-10-22 07:45:00,7480.0,1000.0,5071000.0
17,2021-10-22 07:45:00,7480.0,6000.0,5070000.0
18,2021-10-22 07:45:00,7480.0,100.0,5064000.0
19,2021-10-22 07:45:00,7480.0,100.0,5063900.0
20,2021-10-22 07:45:00,7480.0,5000.0,5063800.0
21,2021-10-22 07:45:00,7480.0,1000.0,5058800.0
22,2021-10-22 07:45:00,7480.0,1000.0,5057800.0
23,2021-10-22 07:45:00,7480.0,1400.0,5056800.0
24,2021-10-22 07:45:00,7480.0,1000.0,5055400.0
25,2021-10-22 07:45:00,7480.0,2900.0,5054400.0
26,2021-10-22 07:45:00,7480.0,3000.0,5051500.0
27,2021-10-22 07:45:00,7480.0,2000.0,5048500.0
28,2021-10-22 07:45:00,7480.0,500.0,5046500.0
29,2021-10-22 07:45:00,7480.0,100.0,5046000.0
30,2021-10-22 07:45:00,7480.0,300.0,5045900.0
31,2021-10-22 07:45:00,7480.0,4000.0,5045600.0
32,2021-10-22 07:45:00,7480.0,1500.0,5041600.0
33,2021-10-22 07:45:00,7480.0,200.0,5040100.0
34,2021-10-22 07:45:00,7480.0,500.0,5039900.0
35,2021-10-22 07:45:00,7480.0,50000.0,5039400.0
36,2021-10-22 07:45:00,7480.0,500.0,4989400.0
37,2021-10-22 07:45:00,7480.0,20400.0,4988900.0
38,2021-10-22 07:45:00,7480.0,7900.0,4968500.0
39,2021-10-22 07:45:00,7480.0,5000.0,4960600.0
40,2021-10-22 07:45:00,7480.0,5000.0,4955600.0
41,2021-10-22 07:45:00,7480.0,11700.0,4950600.0
42,2021-10-22 07:45:00,7480.0,2000.0,4938900.0
43,2021-10-22 07:45:00,7480.0,100.0,4936900.0
44,2021-10-22 07:45:00,7480.0,500.0,4936800.0
45,2021-10-22 07:45:00,7480.0,1000.0,4936300.0
46,2021-10-22 07:45:00,7480.0,1000.0,4935300.0
47,2021-10-22 07:45:00,7480.0,2000.0,4934300.0
48,2021-10-22 07:45:00,7480.0,10700.0,4932300.0
49,2021-10-22 07:45:00,7480.0,4300.0,4921600.0
50,2021-10-22 07:45:00,7480.0,200.0,4917300.0
51,2021-10-22 07:45:00,7480.0,100.0,4917100.0
52,2021-10-22 07:45:00,7480.0,1000.0,4917000.0
53,2021-10-22 07:45:00,7480.0,1400.0,4916000.0
54,2021-10-22 07:45:00,7480.0,1600.0,4914600.0
55,2021-10-22 07:45:00,7480.0,1000.0,4913000.0
56,2021-10-22 07:45:00,7480.0,200.0,4912000.0
57,2021-10-22 07:45:00,7480.0,200.0,4911800.0
58,2021-10-22 07:45:00,7480.0,3000.0,4911600.0
59,2021-10-22 07:45:00,7480.0,2000.0,4908600.0
60,2021-10-22 07:45:00,7480.0,300.0,4906600.0
61,2021-10-22 07:45:00,7480.0,300.0,4906300.0
62,2021-10-22 07:45:00,7480.0,1300.0,4906000.0
63,2021-10-22 07:45:00,7480.0,400.0,4904700.0
64,2021-10-22 07:45:00,7480.0,400.0,4904300.0
65,2021-10-22 07:45:00,7480.0,100.0,4903900.0
66,2021-10-22 07:45:00,7480.0,100.0,4903800.0
67,2021-10-22 07:45:00,7480.0,1000.0,4903700.0
68,2021-10-22 07:45:00,7480.0,5000.0,4902700.0
69,2021-10-22 07:45:00,7480.0,100.0,4897700.0
70,2021-10-22 07:45:00,7480.0,1000.0,4897600.0
71,2021-10-22 07:45:00,7480.0,5000.0,4896600.0
72,2021-10-22 07:45:00,7480.0,300.0,4891600.0
73,2021-10-22 07:45:00,7480.0,4600.0,4891300.0
74,2021-10-22 07:45:00,7480.0,3000.0,4886700.0
75,2021-10-22 07:45:00,7480.0,3000.0,4883700.0
76,2021-10-22 07:45:00,7480.0,10000.0,4880700.0
77,2021-10-22 07:45:00,7480.0,3000.0,4870700.0
78,2021-10-22 07:45:00,7480.0,5000.0,4867700.0
79,2021-10-22 07:45:00,7480.0,1400.0,4862700.0
80,2021-10-22 07:45:00,7480.0,20000.0,4861300.0
81,2021-10-22 07:45:00,7480.0,500.0,4841300.0
82,2021-10-22 07:45:00,7480.0,300.0,4840800.0
83,2021-10-22 07:45:00,7480.0,300.0,4840500.0
84,2021-10-22 07:29:56,7480.0,100.0,4840200.0
85,2021-10-22 07:29:52,7480.0,500.0,4840100.0
86,2021-10-22 07:29:51,7480.0,1300.0,4839600.0
87,2021-10-22 07:29:51,7480.0,1500.0,4838300.0
88,2021-10-22 07:29:51,7480.0,19900.0,4836800.0
89,2021-10-22 07:29:46,7480.0,100.0,4816900.0
90,2021-10-22 07:29:43,7480.0,2900.0,4816800.0
91,2021-10-22 07:29:42,7480.0,700.0,4813900.0
92,2021-10-22 07:29:42,7480.0,1500.0,4813200.0
93,2021-10-22 07:29:42,7480.0,500.0,4811700.0
94,2021-10-22 07:29:42,7480.0,2000.0,4811200.0
95,2021-10-22 07:29:42,7480.0,1000.0,4809200.0
96,2021-10-22 07:29:42,7480.0,600.0,4808200.0
97,2021-10-22 07:29:40,7480.0,1000.0,4807600.0
98,2021-10-22 07:29:39,7480.0,400.0,4806600.0
99,2021-10-22 07:29:39,7480.0,200.0,4806200.0
100,2021-10-22 07:29:39,7480.0,9800.0,4806000.0
101,2021-10-22 07:29:39,7480.0,200.0,4796200.0
102,2021-10-22 07:29:39,7480.0,10000.0,4796000.0
103,2021-10-22 07:29:31,7480.0,4000.0,4786000.0
104,2021-10-22 07:29:31,7480.0,500.0,4782000.0
105,2021-10-22 07:29:31,7480.0,5000.0,4781500.0
106,2021-10-22 07:29:31,7480.0,800.0,4776500.0
107,2021-10-22 07:29:31,7480.0,300.0,4775700.0
108,2021-10-22 07:29:31,7480.0,1000.0,4775400.0
109,2021-10-22 07:29:31,7480.0,8400.0,4774400.0
110,2021-10-22 07:29:26,7480.0,7500.0,4766000.0
111,2021-10-22 07:29:24,7480.0,500.0,4758500.0
112,2021-10-22 07:29:19,7480.0,1900.0,4758000.0
113,2021-10-22 07:29:19,7480.0,3300.0,4756100.0
114,2021-10-22 07:29:15,7480.0,100.0,4752800.0
115,2021-10-22 07:29:14,7480.0,10000.0,4752700.0
116,2021-10-22 07:29:07,7480.0,800.0,4742700.0
117,2021-10-22 07:29:00,7480.0,100.0,4741900.0
118,2021-10-22 07:28:59,7480.0,1000.0,4741800.0
119,2021-10-22 07:28:55,7480.0,20000.0,4740800.0
120,2021-10-22 07:28:49,7480.0,1700.0,4720800.0
121,2021-10-22 07:28:46,7480.0,10000.0,4719100.0
122,2021-10-22 07:28:44,7480.0,5300.0,4709100.0
123,2021-10-22 07:28:41,7480.0,2000.0,4703800.0
124,2021-10-22 07:28:37,7480.0,10800.0,4701800.0
125,2021-10-22 07:28:36,7480.0,500.0,4691000.0
126,2021-10-22 07:28:34,7480.0,2000.0,4690500.0
127,2021-10-22 07:28:31,7480.0,3000.0,4688500.0
128,2021-10-22 07:28:23,7480.0,500.0,4685500.0
129,2021-10-22 07:28:23,7480.0,800.0,4685000.0
130,2021-10-22 07:28:21,7480.0,500.0,4684200.0
131,2021-10-22 07:28:10,7480.0,2000.0,4683700.0
132,2021-10-22 07:28:07,7480.0,1000.0,4681700.0
133,2021-10-22 07:28:05,7480.0,100.0,4680700.0
134,2021-10-22 07:28:05,7480.0,600.0,4680600.0
135,2021-10-22 07:28:01,7480.0,3900.0,4680000.0
136,2021-10-22 07:28:01,7480.0,1300.0,4676100.0
137,2021-10-22 07:27:59,7480.0,5000.0,4674800.0
138,2021-10-22 07:27:56,7480.0,2000.0,4669800.0
139,2021-10-22 07:27:53,7480.0,100.0,4667800.0
140,2021-10-22 07:27:52,7480.0,1000.0,4667700.0
141,2021-10-22 07:27:50,7480.0,1000.0,4666700.0
142,2021-10-22 07:27:50,7480.0,1000.0,4665700.0
143,2021-10-22 07:27:42,7480.0,100.0,4664700.0
144,2021-10-22 07:27:39,7480.0,2000.0,4664600.0
145,2021-10-22 07:27:39,7480.0,100.0,4662600.0
146,2021-10-22 07:27:37,7480.0,500.0,4662500.0
147,2021-10-22 07:27:37,7480.0,300.0,4662000.0
148,2021-10-22 07:27:37,7480.0,500.0,4661700.0
149,2021-10-22 07:27:37,7480.0,29800.0,4661200.0
150,2021-10-22 07:27:35,7480.0,200.0,4631400.0
151,2021-10-22 07:27:35,7480.0,700.0,4631200.0
152,2021-10-22 07:27:35,7480.0,300.0,4630500.0
153,2021-10-22 07:27:35,7480.0,900.0,4630200.0
154,2021-10-22 07:27:35,7480.0,200.0,4629300.0
155,2021-10-22 07:27:35,7480.0,500.0,4629100.0
156,2021-10-22 07:27:35,7480.0,5000.0,4628600.0
157,2021-10-22 07:27:35,7480.0,500.0,4623600.0
158,2021-10-22 07:27:35,7480.0,400.0,4623100.0
159,2021-10-22 07:27:35,7480.0,1000.0,4622700.0
160,2021-10-22 07:27:35,7480.0,100.0,4621700.0
161,2021-10-22 07:27:35,7480.0,200.0,4621600.0
162,2021-10-22 07:27:29,7480.0,100.0,4621400.0
163,2021-10-22 07:27:29,7480.0,600.0,4621300.0
164,2021-10-22 07:27:29,7480.0,1000.0,4620700.0
165,2021-10-22 07:27:29,7480.0,1000.0,4619700.0
166,2021-10-22 07:27:29,7480.0,1000.0,4618700.0
167,2021-10-22 07:27:29,7480.0,900.0,4617700.0
168,2021-10-22 07:27:29,7480.0,1000.0,4616800.0
169,2021-10-22 07:27:29,7480.0,500.0,4615800.0
170,2021-10-22 07:27:29,7480.0,1000.0,4615300.0
171,2021-10-22 07:27:29,7480.0,1700.0,4614300.0
172,2021-10-22 07:27:29,7480.0,100.0,4612600.0
173,2021-10-22 07:27:29,7480.0,1000.0,4612500.0
174,2021-10-22 07:27:29,7480.0,3500.0,4611500.0
175,2021-10-22 07:27:29,7480.0,200.0,4608000.0
176,2021-10-22 07:27:29,7480.0,300.0,4607800.0
177,2021-10-22 07:27:29,7480.0,20000.0,4607500.0
178,2021-10-22 07:27:29,7480.0,300.0,4587500.0
179,2021-10-22 07:27:29,7480.0,1000.0,4587200.0
180,2021-10-22 07:27:29,7480.0,1000.0,4586200.0
181,2021-10-22 07:27:29,7480.0,2000.0,4585200.0
182,2021-10-22 07:27:29,7480.0,4000.0,4583200.0
183,2021-10-22 07:27:29,7480.0,5000.0,4579200.0
184,2021-10-22 07:27:29,7480.0,20000.0,4574200.0
185,2021-10-22 07:27:29,7480.0,200.0,4554200.0
186,2021-10-22 07:27:29,7480.0,1000.0,4554000.0
187,2021-10-22 07:27:29,7480.0,20000.0,4553000.0
188,2021-10-22 07:27:29,7480.0,300.0,4533000.0
189,2021-10-22 07:27:29,7480.0,300.0,4532700.0
190,2021-10-22 07:27:29,7480.0,400.0,4532400.0
191,2021-10-22 07:27:29,7480.0,4600.0,4532000.0
192,2021-10-22 07:27:29,7480.0,200.0,4527400.0
193,2021-10-22 07:27:29,7480.0,200.0,4527200.0
194,2021-10-22 07:27:29,7480.0,500.0,4527000.0
195,2021-10-22 07:27:29,7480.0,300.0,4526500.0
196,2021-10-22 07:27:29,7480.0,1000.0,4526200.0
197,2021-10-22 07:27:29,7480.0,1000.0,4525200.0
198,2021-10-22 07:27:29,7480.0,2800.0,4524200.0
199,2021-10-22 07:27:13,7480.0,200.0,4521400.0
200,2021-10-22 07:27:13,7480.0,3800.0,4521200.0
201,2021-10-22 07:27:09,7480.0,5000.0,4517400.0
202,2021-10-22 07:27:06,7490.0,300.0,4512400.0
203,2021-10-22 07:27:00,7490.0,1000.0,4512100.0
204,2021-10-22 07:26:56,7490.0,500.0,4511100.0
205,2021-10-22 07:26:56,7490.0,200.0,4510600.0
206,2021-10-22 07:26:56,7500.0,1000.0,4510400.0
207,2021-10-22 07:26:54,7500.0,500.0,4509400.0
208,2021-10-22 07:26:41,7500.0,1000.0,4508900.0
209,2021-10-22 07:26:35,7500.0,100.0,4507900.0
210,2021-10-22 07:26:31,7500.0,1900.0,4507800.0
211,2021-10-22 07:26:31,7500.0,1000.0,4505900.0
212,2021-10-22 07:26:31,7500.0,1000.0,4504900.0
213,2021-10-22 07:26:31,7500.0,2000.0,4503900.0
214,2021-10-22 07:26:31,7500.0,100.0,4501900.0
215,2021-10-22 07:26:31,7500.0,3000.0,4501800.0
216,2021-10-22 07:26:31,7500.0,800.0,4498800.0
217,2021-10-22 07:26:10,7500.0,1200.0,4498000.0
218,2021-10-22 07:26:09,7500.0,800.0,4496800.0
219,2021-10-22 07:26:09,7500.0,200.0,4496000.0
220,2021-10-22 07:26:00,7500.0,100.0,4495800.0
221,2021-10-22 07:25:59,7500.0,1300.0,4495700.0
222,2021-10-22 07:25:58,7480.0,1000.0,4494400.0
223,2021-10-22 07:25:54,7500.0,100.0,4493400.0
224,2021-10-22 07:25:47,7500.0,100.0,4493300.0
225,2021-10-22 07:25:45,7500.0,200.0,4493200.0
226,2021-10-22 07:25:38,7500.0,400.0,4493000.0
227,2021-10-22 07:25:38,7500.0,2000.0,4492600.0
228,2021-10-22 07:25:34,7500.0,900.0,4490600.0
229,2021-10-22 07:25:21,7500.0,400.0,4489700.0
230,2021-10-22 07:25:21,7500.0,1600.0,4489300.0
231,2021-10-22 07:25:09,7500.0,400.0,4487700.0
232,2021-10-22 07:24:55,7500.0,900.0,4487300.0
233,2021-10-22 07:24:54,7480.0,1500.0,4486400.0
234,2021-10-22 07:24:54,7480.0,8700.0,4484900.0
235,2021-10-22 07:24:54,7480.0,3400.0,4476200.0
236,2021-10-22 07:24:54,7480.0,1000.0,4472800.0
237,2021-10-22 07:24:54,7480.0,600.0,4471800.0
238,2021-10-22 07:24:53,7480.0,1000.0,4471200.0
239,2021-10-22 07:24:50,7480.0,3000.0,4470200.0
240,2021-10-22 07:24:49,7480.0,5000.0,4467200.0
241,2021-10-22 07:24:49,7480.0,5000.0,4462200.0
242,2021-10-22 07:24:48,7480.0,2500.0,4457200.0
243,2021-10-22 07:24:43,7480.0,1000.0,4454700.0
244,2021-10-22 07:24:42,7480.0,100.0,4453700.0
245,2021-10-22 07:24:40,7480.0,300.0,4453600.0
246,2021-10-22 07:24:40,7480.0,100.0,4453300.0
247,2021-10-22 07:24:39,7480.0,100.0,4453200.0
248,2021-10-22 07:24:37,7480.0,5000.0,4453100.0
249,2021-10-22 07:24:37,7480.0,100.0,4448100.0
250,2021-10-22 07:24:37,7480.0,100.0,4448000.0
251,2021-10-22 07:24:37,7480.0,100.0,4447900.0
252,2021-10-22 07:24:35,7480.0,300.0,4447800.0
253,2021-10-22 07:24:35,7480.0,2100.0,4447500.0
254,2021-10-22 07:24:35,7480.0,10000.0,4445400.0
255,2021-10-22 07:24:35,7480.0,500.0,4435400.0
256,2021-10-22 07:24:35,7480.0,5800.0,4434900.0
257,2021-10-22 07:24:34,7480.0,100.0,4429100.0
258,2021-10-22 07:24:34,7480.0,1500.0,4429000.0
259,2021-10-22 07:24:34,7480.0,1500.0,4427500.0
260,2021-10-22 07:24:34,7480.0,1000.0,4426000.0
261,2021-10-22 07:24:34,7480.0,3900.0,4425000.0
262,2021-10-22 07:24:33,7480.0,2100.0,4421100.0
263,2021-10-22 07:24:33,7480.0,7900.0,4419000.0
264,2021-10-22 07:24:32,7480.0,500.0,4411100.0
265,2021-10-22 07:24:31,7480.0,1200.0,4410600.0
266,2021-10-22 07:24:29,7480.0,400.0,4409400.0
267,2021-10-22 07:24:29,7480.0,500.0,4409000.0
268,2021-10-22 07:24:29,7480.0,500.0,4408500.0
269,2021-10-22 07:24:28,7480.0,500.0,4408000.0
270,2021-10-22 07:24:28,7480.0,800.0,4407500.0
271,2021-10-22 07:24:28,7480.0,700.0,4406700.0
272,2021-10-22 07:24:27,7480.0,2300.0,4406000.0
273,2021-10-22 07:24:27,7480.0,2700.0,4403700.0
274,2021-10-22 07:24:25,7480.0,100.0,4401000.0
275,2021-10-22 07:24:23,7480.0,3000.0,4400900.0
276,2021-10-22 07:24:23,7480.0,1000.0,4397900.0
277,2021-10-22 07:24:20,7480.0,5000.0,4396900.0
278,2021-10-22 07:24:19,7480.0,200.0,4391900.0
279,2021-10-22 07:24:18,7480.0,1500.0,4391700.0
280,2021-10-22 07:24:17,7480.0,2000.0,4390200.0
281,2021-10-22 07:24:16,7480.0,1000.0,4388200.0
282,2021-10-22 07:24:16,7480.0,2000.0,4387200.0
283,2021-10-22 07:24:15,7480.0,8000.0,4385200.0
284,2021-10-22 07:24:13,7480.0,100.0,4377200.0
285,2021-10-22 07:24:12,7480.0,2300.0,4377100.0
286,2021-10-22 07:24:12,7480.0,1100.0,4374800.0
287,2021-10-22 07:24:12,7480.0,1000.0,4373700.0
288,2021-10-22 07:24:12,7480.0,1000.0,4372700.0
289,2021-10-22 07:24:12,7480.0,200.0,4371700.0
290,2021-10-22 07:24:12,7480.0,1700.0,4371500.0
291,2021-10-22 07:24:10,7480.0,500.0,4369800.0
292,2021-10-22 07:24:09,7480.0,800.0,4369300.0
293,2021-10-22 07:24:09,7480.0,1400.0,4368500.0
294,2021-10-22 07:24:09,7480.0,2000.0,4367100.0
295,2021-10-22 07:24:09,7480.0,500.0,4365100.0
296,2021-10-22 07:24:09,7480.0,300.0,4364600.0
297,2021-10-22 07:24:08,7480.0,1200.0,4364300.0
298,2021-10-22 07:24:08,7480.0,5000.0,4363100.0
299,2021-10-22 07:24:08,7480.0,1700.0,4358100.0
300,2021-10-22 07:24:08,7480.0,100.0,4356400.0
301,2021-10-22 07:24:08,7480.0,2000.0,4356300.0
302,2021-10-22 07:24:06,7480.0,1300.0,4354300.0
303,2021-10-22 07:24:06,7480.0,2500.0,4353000.0
304,2021-10-22 07:24:06,7480.0,100.0,4350500.0
305,2021-10-22 07:24:05,7480.0,1000.0,4350400.0
306,2021-10-22 07:24:04,7480.0,4000.0,4349400.0
307,2021-10-22 07:24:02,7480.0,46400.0,4345400.0
308,2021-10-22 07:24:02,7480.0,100.0,4299000.0
309,2021-10-22 07:24:02,7480.0,600.0,4298900.0
310,2021-10-22 07:24:02,7480.0,2900.0,4298300.0
311,2021-10-22 07:24:00,7480.0,5000.0,4295400.0
312,2021-10-22 07:23:59,7480.0,5000.0,4290400.0
313,2021-10-22 07:23:59,7480.0,1000.0,4285400.0
314,2021-10-22 07:23:57,7480.0,100.0,4284400.0
315,2021-10-22 07:23:56,7480.0,1400.0,4284300.0
316,2021-10-22 07:23:55,7480.0,1200.0,4282900.0
317,2021-10-22 07:23:55,7480.0,300.0,4281700.0
318,2021-10-22 07:23:49,7480.0,500.0,4281400.0
319,2021-10-22 07:23:47,7480.0,900.0,4280900.0
320,2021-10-22 07:23:46,7480.0,900.0,4280000.0
321,2021-10-22 07:23:45,7480.0,40000.0,4279100.0
322,2021-10-22 07:23:44,7480.0,500.0,4239100.0
323,2021-10-22 07:23:35,7480.0,100.0,4238600.0
324,2021-10-22 07:23:29,7480.0,100.0,4238500.0
325,2021-10-22 07:23:28,7480.0,900.0,4238400.0
326,2021-10-22 07:23:25,7480.0,30000.0,4237500.0
327,2021-10-22 07:23:19,7480.0,1000.0,4207500.0
328,2021-10-22 07:23:17,7480.0,2000.0,4206500.0
329,2021-10-22 07:23:17,7480.0,10800.0,4204500.0
330,2021-10-22 07:23:15,7480.0,300.0,4193700.0
331,2021-10-22 07:23:06,7480.0,500.0,4193400.0
332,2021-10-22 07:23:02,7480.0,100.0,4192900.0
333,2021-10-22 07:23:01,7480.0,68700.0,4192800.0
334,2021-10-22 07:22:56,7480.0,5500.0,4124100.0
335,2021-10-22 07:22:53,7480.0,100.0,4118600.0
336,2021-10-22 07:22:52,7480.0,2000.0,4118500.0
337,2021-10-22 07:22:51,7480.0,800.0,4116500.0
338,2021-10-22 07:22:51,7480.0,2000.0,4115700.0
339,2021-10-22 07:22:50,7480.0,500.0,4113700.0
340,2021-10-22 07:22:48,7480.0,500.0,4113200.0
341,2021-10-22 07:22:48,7480.0,20000.0,4112700.0
342,2021-10-22 07:22:41,7480.0,100.0,4092700.0
343,2021-10-22 07:22:41,7480.0,5000.0,4092600.0
344,2021-10-22 07:22:39,7480.0,100.0,4087600.0
345,2021-10-22 07:22:31,7480.0,500.0,4087500.0
346,2021-10-22 07:22:24,7480.0,800.0,4087000.0
347,2021-10-22 07:22:24,7480.0,300.0,4086200.0
348,2021-10-22 07:22:16,7480.0,500.0,4085900.0
349,2021-10-22 07:22:16,7480.0,30000.0,4085400.0
350,2021-10-22 07:22:01,7480.0,100.0,4055400.0
351,2021-10-22 07:22:00,7480.0,2600.0,4055300.0
352,2021-10-22 07:21:58,7480.0,2000.0,4052700.0
353,2021-10-22 07:21:53,7480.0,500.0,4050700.0
354,2021-10-22 07:21:53,7480.0,100.0,4050200.0
355,2021-10-22 07:21:50,7480.0,2400.0,4050100.0
356,2021-10-22 07:21:50,7480.0,10900.0,4047700.0
357,2021-10-22 07:21:49,7480.0,22000.0,4036800.0
358,2021-10-22 07:21:46,7480.0,200.0,4014800.0
359,2021-10-22 07:21:45,7480.0,100.0,4014600.0
360,2021-10-22 07:21:42,7480.0,1000.0,4014500.0
361,2021-10-22 07:21:38,7480.0,100.0,4013500.0
362,2021-10-22 07:21:27,7480.0,3500.0,4013400.0
363,2021-10-22 07:21:23,7480.0,500.0,4009900.0
364,2021-10-22 07:21:16,7480.0,1700.0,4009400.0
365,2021-10-22 07:21:16,7480.0,3300.0,4007700.0
366,2021-10-22 07:21:15,7480.0,100.0,4004400.0
367,2021-10-22 07:21:14,7480.0,200.0,4004300.0
368,2021-10-22 07:21:06,7480.0,1000.0,4004100.0
369,2021-10-22 07:21:01,7480.0,1000.0,4003100.0
370,2021-10-22 07:21:01,7480.0,1000.0,4002100.0
371,2021-10-22 07:20:59,7480.0,100.0,4001100.0
372,2021-10-22 07:20:55,7480.0,300.0,4001000.0
373,2021-10-22 07:20:43,7480.0,1000.0,4000700.0
374,2021-10-22 07:20:40,7480.0,1000.0,3999700.0
375,2021-10-22 07:20:40,7480.0,300.0,3998700.0
376,2021-10-22 07:20:37,7480.0,1000.0,3998400.0
377,2021-10-22 07:20:23,7480.0,200.0,3997400.0
378,2021-10-22 07:20:21,7480.0,300.0,3997200.0
379,2021-10-22 07:20:20,7480.0,100.0,3996900.0
380,2021-10-22 07:20:16,7480.0,2000.0,3996800.0
381,2021-10-22 07:20:14,7480.0,20000.0,3994800.0
382,2021-10-22 07:20:14,7480.0,2000.0,3974800.0
383,2021-10-22 07:20:09,7480.0,700.0,3972800.0
384,2021-10-22 07:20:08,7480.0,3000.0,3972100.0
385,2021-10-22 07:20:07,7480.0,1000.0,3969100.0
386,2021-10-22 07:20:05,7480.0,1000.0,3968100.0
387,2021-10-22 07:20:04,7480.0,3000.0,3967100.0
388,2021-10-22 07:20:02,7480.0,200.0,3964100.0
389,2021-10-22 07:20:01,7480.0,1000.0,3963900.0
390,2021-10-22 07:19:58,7480.0,500.0,3962900.0
391,2021-10-22 07:19:55,7480.0,1000.0,3962400.0
392,2021-10-22 07:19:54,7480.0,1000.0,3961400.0
393,2021-10-22 07:19:53,7480.0,500.0,3960400.0
394,2021-10-22 07:19:51,7480.0,2000.0,3959900.0
395,2021-10-22 07:19:48,7480.0,300.0,3957900.0
396,2021-10-22 07:19:48,7480.0,200.0,3957600.0
397,2021-10-22 07:19:43,7480.0,1000.0,3957400.0
398,2021-10-22 07:19:43,7480.0,2600.0,3956400.0
399,2021-10-22 07:19:43,7480.0,500.0,3953800.0
400,2021-10-22 07:19:42,7480.0,500.0,3953300.0
401,2021-10-22 07:19:39,7480.0,500.0,3952800.0
402,2021-10-22 07:19:32,7480.0,2000.0,3952300.0
403,2021-10-22 07:19:31,7480.0,2000.0,3950300.0
404,2021-10-22 07:19:30,7480.0,400.0,3948300.0
405,2021-10-22 07:19:29,7480.0,1000.0,3947900.0
406,2021-10-22 07:19:28,7480.0,2000.0,3946900.0
407,2021-10-22 07:19:24,7480.0,500.0,3944900.0
408,2021-10-22 07:19:23,7480.0,200.0,3944400.0
409,2021-10-22 07:19:22,7480.0,500.0,3944200.0
410,2021-10-22 07:19:22,7480.0,1000.0,3943700.0
411,2021-10-22 07:19:20,7480.0,700.0,3942700.0
412,2021-10-22 07:19:19,7480.0,2300.0,3942000.0
413,2021-10-22 07:19:18,7480.0,1000.0,3939700.0
414,2021-10-22 07:19:18,7480.0,100.0,3938700.0
415,2021-10-22 07:19:17,7480.0,2000.0,3938600.0
416,2021-10-22 07:19:17,7480.0,100.0,3936600.0
417,2021-10-22 07:19:14,7480.0,8000.0,3936500.0
418,2021-10-22 07:19:11,7480.0,3000.0,3928500.0
419,2021-10-22 07:19:10,7480.0,1000.0,3925500.0
420,2021-10-22 07:19:06,7480.0,1000.0,3924500.0
421,2021-10-22 07:19:06,7480.0,500.0,3923500.0
422,2021-10-22 07:19:03,7480.0,100.0,3923000.0
423,2021-10-22 07:18:57,7480.0,1000.0,3922900.0
424,2021-10-22 07:18:56,7480.0,700.0,3921900.0
425,2021-10-22 07:18:56,7480.0,1000.0,3921200.0
426,2021-10-22 07:18:56,7480.0,10000.0,3920200.0
427,2021-10-22 07:18:56,7480.0,1000.0,3910200.0
428,2021-10-22 07:18:55,7480.0,1000.0,3909200.0
429,2021-10-22 07:18:53,7480.0,200.0,3908200.0
430,2021-10-22 07:18:53,7480.0,300.0,3908000.0
431,2021-10-22 07:18:52,7480.0,100.0,3907700.0
432,2021-10-22 07:18:50,7480.0,1000.0,3907600.0
433,2021-10-22 07:18:50,7480.0,1000.0,3906600.0
434,2021-10-22 07:18:47,7480.0,100.0,3905600.0
435,2021-10-22 07:18:46,7480.0,100.0,3905500.0
436,2021-10-22 07:18:46,7480.0,1000.0,3905400.0
437,2021-10-22 07:18:43,7480.0,3700.0,3904400.0
438,2021-10-22 07:18:42,7480.0,1000.0,3900700.0
439,2021-10-22 07:18:41,7480.0,400.0,3899700.0
440,2021-10-22 07:18:37,7480.0,500.0,3899300.0
441,2021-10-22 07:18:33,7480.0,500.0,3898800.0
442,2021-10-22 07:18:31,7480.0,1000.0,3898300.0
443,2021-10-22 07:18:31,7480.0,100.0,3897300.0
444,2021-10-22 07:18:31,7480.0,500.0,3897200.0
445,2021-10-22 07:18:30,7480.0,1000.0,3896700.0
446,2021-10-22 07:18:29,7480.0,100.0,3895700.0
447,2021-10-22 07:18:28,7480.0,1700.0,3895600.0
448,2021-10-22 07:18:26,7480.0,200.0,3893900.0
449,2021-10-22 07:18:26,7480.0,5000.0,3893700.0
450,2021-10-22 07:18:25,7480.0,1000.0,3888700.0
451,2021-10-22 07:18:25,7480.0,8000.0,3887700.0
452,2021-10-22 07:18:25,7480.0,800.0,3879700.0
453,2021-10-22 07:18:25,7480.0,12900.0,3878900.0
454,2021-10-22 07:18:25,7480.0,47100.0,3866000.0
455,2021-10-22 07:18:24,7480.0,1500.0,3818900.0
456,2021-10-22 07:18:17,7480.0,100.0,3817400.0
457,2021-10-22 07:18:17,7480.0,1000.0,3817300.0
458,2021-10-22 07:18:14,7480.0,2500.0,3816300.0
459,2021-10-22 07:18:14,7480.0,100.0,3813800.0
460,2021-10-22 07:18:13,7480.0,2000.0,3813700.0
461,2021-10-22 07:18:13,7480.0,2000.0,3811700.0
462,2021-10-22 07:18:12,7480.0,10000.0,3809700.0
463,2021-10-22 07:18:10,7480.0,200.0,3799700.0
464,2021-10-22 07:18:09,7480.0,100.0,3799500.0
465,2021-10-22 07:18:00,7480.0,1500.0,3799400.0
466,2021-10-22 07:17:58,7480.0,300.0,3797900.0
467,2021-10-22 07:17:58,7480.0,100.0,3797600.0
468,2021-10-22 07:17:58,7480.0,1000.0,3797500.0
469,2021-10-22 07:17:58,7480.0,100.0,3796500.0
470,2021-10-22 07:17:58,7480.0,1500.0,3796400.0
471,2021-10-22 07:17:58,7480.0,1500.0,3794900.0
472,2021-10-22 07:17:58,7480.0,200.0,3793400.0
473,2021-10-22 07:17:58,7480.0,1000.0,3793200.0
474,2021-10-22 07:17:58,7480.0,1000.0,3792200.0
475,2021-10-22 07:17:58,7480.0,1000.0,3791200.0
476,2021-10-22 07:17:58,7480.0,1000.0,3790200.0
477,2021-10-22 07:17:58,7480.0,10000.0,3789200.0
478,2021-10-22 07:17:58,7480.0,500.0,3779200.0
479,2021-10-22 07:17:58,7480.0,1000.0,3778700.0
480,2021-10-22 07:17:58,7480.0,2000.0,3777700.0
481,2021-10-22 07:17:58,7480.0,200.0,3775700.0
482,2021-10-22 07:17:58,7480.0,3000.0,3775500.0
483,2021-10-22 07:17:58,7480.0,100.0,3772500.0
484,2021-10-22 07:17:58,7480.0,2000.0,3772400.0
485,2021-10-22 07:17:58,7480.0,1000.0,3770400.0
486,2021-10-22 07:17:58,7480.0,500.0,3769400.0
487,2021-10-22 07:17:58,7480.0,2000.0,3768900.0
488,2021-10-22 07:17:58,7480.0,500.0,3766900.0
489,2021-10-22 07:17:58,7480.0,100.0,3766400.0
490,2021-10-22 07:17:58,7480.0,2000.0,3766300.0
491,2021-10-22 07:17:58,7480.0,2000.0,3764300.0
492,2021-10-22 07:17:58,7480.0,5000.0,3762300.0
493,2021-10-22 07:17:58,7480.0,2000.0,3757300.0
494,2021-10-22 07:17:58,7480.0,1400.0,3755300.0
495,2021-10-22 07:17:58,7480.0,100.0,3753900.0
496,2021-10-22 07:17:58,7480.0,200.0,3753800.0
497,2021-10-22 07:17:58,7480.0,2000.0,3753600.0
498,2021-10-22 07:17:58,7480.0,100.0,3751600.0
499,2021-10-22 07:17:58,7480.0,1000.0,3751500.0
500,2021-10-22 07:17:58,7480.0,100.0,3750500.0
501,2021-10-22 07:17:58,7480.0,1000.0,3750400.0
502,2021-10-22 07:17:58,7480.0,500.0,3749400.0
503,2021-10-22 07:17:58,7480.0,200.0,3748900.0
504,2021-10-22 07:17:58,7490.0,10000.0,3748700.0
505,2021-10-22 07:17:58,7490.0,1000.0,3738700.0
506,2021-10-22 07:17:58,7490.0,1000.0,3737700.0
507,2021-10-22 07:17:58,7490.0,100.0,3736700.0
508,2021-10-22 07:17:58,7490.0,1000.0,3736600.0
509,2021-10-22 07:17:58,7490.0,26100.0,3735600.0
510,2021-10-22 07:17:58,7500.0,2000.0,3709500.0
511,2021-10-22 07:17:58,7500.0,1000.0,3707500.0
512,2021-10-22 07:17:58,7500.0,1000.0,3706500.0
513,2021-10-22 07:17:58,7500.0,1000.0,3705500.0
514,2021-10-22 07:17:58,7500.0,200.0,3704500.0
515,2021-10-22 07:17:58,7500.0,10000.0,3704300.0
516,2021-10-22 07:17:58,7500.0,600.0,3694300.0
517,2021-10-22 07:17:58,7500.0,1000.0,3693700.0
518,2021-10-22 07:17:58,7500.0,300.0,3692700.0
519,2021-10-22 07:17:58,7500.0,300.0,3692400.0
520,2021-10-22 07:17:58,7500.0,100.0,3692100.0
521,2021-10-22 07:17:58,7500.0,700.0,3692000.0
522,2021-10-22 07:17:58,7520.0,500.0,3691300.0
523,2021-10-22 07:17:58,7520.0,1000.0,3690800.0
524,2021-10-22 07:17:58,7520.0,900.0,3689800.0
525,2021-10-22 07:17:58,7520.0,500.0,3688900.0
526,2021-10-22 07:17:58,7520.0,500.0,3688400.0
527,2021-10-22 07:17:58,7520.0,2000.0,3687900.0
528,2021-10-22 07:17:58,7520.0,1000.0,3685900.0
529,2021-10-22 07:17:58,7520.0,300.0,3684900.0
530,2021-10-22 07:17:58,7520.0,2400.0,3684600.0
531,2021-10-22 07:17:58,7550.0,100.0,3682200.0
532,2021-10-22 07:17:58,7550.0,600.0,3682100.0
533,2021-10-22 07:17:47,7550.0,100.0,3681500.0
534,2021-10-22 07:17:37,7550.0,200.0,3681400.0
535,2021-10-22 07:17:30,7580.0,100.0,3681200.0
536,2021-10-22 07:17:17,7520.0,7600.0,3681100.0
537,2021-10-22 07:17:17,7520.0,500.0,3673500.0
538,2021-10-22 07:17:17,7520.0,1000.0,3673000.0
539,2021-10-22 07:17:17,7530.0,600.0,3672000.0
540,2021-10-22 07:17:17,7540.0,300.0,3671400.0
541,2021-10-22 07:17:14,7540.0,1700.0,3671100.0
542,2021-10-22 07:16:39,7520.0,2400.0,3669400.0
543,2021-10-22 07:16:38,7500.0,300.0,3667000.0
544,2021-10-22 07:16:38,7500.0,1500.0,3666700.0
545,2021-10-22 07:16:38,7500.0,19000.0,3665200.0
546,2021-10-22 07:16:38,7500.0,2000.0,3646200.0
547,2021-10-22 07:16:38,7500.0,1100.0,3644200.0
548,2021-10-22 07:16:22,7500.0,900.0,3643100.0
549,2021-10-22 07:16:20,7500.0,100.0,3642200.0
550,2021-10-22 07:16:20,7500.0,100.0,3642100.0
551,2021-10-22 07:16:16,7500.0,500.0,3642000.0
552,2021-10-22 07:16:15,7500.0,5000.0,3641500.0
553,2021-10-22 07:16:15,7500.0,2000.0,3636500.0
554,2021-10-22 07:16:02,7500.0,9400.0,3634500.0
555,2021-10-22 07:16:02,7500.0,600.0,3625100.0
556,2021-10-22 07:16:01,7490.0,12900.0,3624500.0
557,2021-10-22 07:15:53,7480.0,3000.0,3611600.0
558,2021-10-22 07:15:53,7480.0,2000.0,3608600.0
559,2021-10-22 07:15:53,7480.0,400.0,3606600.0
560,2021-10-22 07:15:53,7480.0,1000.0,3606200.0
561,2021-10-22 07:15:53,7480.0,1000.0,3605200.0
562,2021-10-22 07:15:53,7480.0,2400.0,3604200.0
563,2021-10-22 07:15:52,7480.0,500.0,3601800.0
564,2021-10-22 07:15:52,7480.0,500.0,3601300.0
565,2021-10-22 07:15:52,7480.0,100.0,3600800.0
566,2021-10-22 07:15:51,7480.0,500.0,3600700.0
567,2021-10-22 07:15:51,7480.0,1500.0,3600200.0
568,2021-10-22 07:15:51,7480.0,500.0,3598700.0
569,2021-10-22 07:15:51,7480.0,2000.0,3598200.0
570,2021-10-22 07:15:50,7480.0,1000.0,3596200.0
571,2021-10-22 07:15:50,7480.0,300.0,3595200.0
572,2021-10-22 07:15:50,7480.0,8700.0,3594900.0
573,2021-10-22 07:15:49,7480.0,100.0,3586200.0
574,2021-10-22 07:15:49,7480.0,2000.0,3586100.0
575,2021-10-22 07:15:49,7480.0,4200.0,3584100.0
576,2021-10-22 07:15:49,7480.0,300.0,3579900.0
577,2021-10-22 07:15:49,7480.0,500.0,3579600.0
578,2021-10-22 07:15:49,7480.0,100.0,3579100.0
579,2021-10-22 07:15:49,7480.0,1500.0,3579000.0
580,2021-10-22 07:15:49,7480.0,100.0,3577500.0
581,2021-10-22 07:15:49,7480.0,2500.0,3577400.0
582,2021-10-22 07:15:49,7480.0,2000.0,3574900.0
583,2021-10-22 07:15:49,7480.0,1000.0,3572900.0
584,2021-10-22 07:15:49,7480.0,5000.0,3571900.0
585,2021-10-22 07:15:49,7480.0,2000.0,3566900.0
586,2021-10-22 07:15:49,7480.0,800.0,3564900.0
587,2021-10-22 07:15:48,7480.0,2500.0,3564100.0
588,2021-10-22 07:15:47,7480.0,3000.0,3561600.0
589,2021-10-22 07:15:47,7480.0,3700.0,3558600.0
590,2021-10-22 07:15:47,7480.0,1000.0,3554900.0
591,2021-10-22 07:15:47,7480.0,100.0,3553900.0
592,2021-10-22 07:15:47,7480.0,200.0,3553800.0
593,2021-10-22 07:15:46,7480.0,800.0,3553600.0
594,2021-10-22 07:15:46,7480.0,300.0,3552800.0
595,2021-10-22 07:15:46,7480.0,900.0,3552500.0
596,2021-10-22 07:15:45,7480.0,600.0,3551600.0
597,2021-10-22 07:15:45,7480.0,2000.0,3551000.0
598,2021-10-22 07:15:45,7480.0,2400.0,3549000.0
599,2021-10-22 07:15:45,7480.0,2000.0,3546600.0
600,2021-10-22 07:15:45,7480.0,8600.0,3544600.0
601,2021-10-22 07:15:45,7480.0,1400.0,3536000.0
602,2021-10-22 07:15:44,7480.0,1000.0,3534600.0
603,2021-10-22 07:15:44,7480.0,8000.0,3533600.0
604,2021-10-22 07:15:43,7480.0,700.0,3525600.0
605,2021-10-22 07:15:43,7480.0,2000.0,3524900.0
606,2021-10-22 07:15:43,7480.0,8000.0,3522900.0
607,2021-10-22 07:15:42,7480.0,2000.0,3514900.0
608,2021-10-22 07:15:41,7480.0,100.0,3512900.0
609,2021-10-22 07:15:39,7480.0,2200.0,3512800.0
610,2021-10-22 07:15:39,7480.0,4600.0,3510600.0
611,2021-10-22 07:15:39,7480.0,100.0,3506000.0
612,2021-10-22 07:15:39,7480.0,5300.0,3505900.0
613,2021-10-22 07:15:39,7480.0,100.0,3500600.0
614,2021-10-22 07:15:38,7480.0,3000.0,3500500.0
615,2021-10-22 07:15:37,7480.0,9700.0,3497500.0
616,2021-10-22 07:15:37,7480.0,2000.0,3487800.0
617,2021-10-22 07:15:37,7480.0,2000.0,3485800.0
618,2021-10-22 07:15:37,7480.0,7900.0,3483800.0
619,2021-10-22 07:15:37,7480.0,22100.0,3475900.0
620,2021-10-22 07:15:36,7480.0,5000.0,3453800.0
621,2021-10-22 07:15:36,7480.0,7000.0,3448800.0
622,2021-10-22 07:15:35,7480.0,1000.0,3441800.0
623,2021-10-22 07:15:35,7480.0,5000.0,3440800.0
624,2021-10-22 07:15:34,7480.0,4000.0,3435800.0
625,2021-10-22 07:15:33,7480.0,500.0,3431800.0
626,2021-10-22 07:15:33,7480.0,1000.0,3431300.0
627,2021-10-22 07:15:33,7480.0,2000.0,3430300.0
628,2021-10-22 07:15:33,7480.0,2000.0,3428300.0
629,2021-10-22 07:15:32,7480.0,900.0,3426300.0
630,2021-10-22 07:15:32,7480.0,1000.0,3425400.0
631,2021-10-22 07:15:32,7480.0,500.0,3424400.0
632,2021-10-22 07:15:31,7480.0,500.0,3423900.0
633,2021-10-22 07:15:31,7480.0,10000.0,3423400.0
634,2021-10-22 07:15:31,7480.0,2000.0,3413400.0
635,2021-10-22 07:15:31,7480.0,5000.0,3411400.0
636,2021-10-22 07:15:31,7480.0,500.0,3406400.0
637,2021-10-22 07:15:31,7480.0,29500.0,3405900.0
638,2021-10-22 07:15:31,7480.0,1400.0,3376400.0
639,2021-10-22 07:15:31,7480.0,4000.0,3375000.0
640,2021-10-22 07:15:31,7480.0,100.0,3371000.0
641,2021-10-22 07:15:30,7480.0,4800.0,3370900.0
642,2021-10-22 07:15:30,7480.0,2000.0,3366100.0
643,2021-10-22 07:15:30,7480.0,2000.0,3364100.0
644,2021-10-22 07:15:29,7480.0,10000.0,3362100.0
645,2021-10-22 07:15:29,7480.0,38600.0,3352100.0
646,2021-10-22 07:15:29,7480.0,7600.0,3313500.0
647,2021-10-22 07:15:29,7480.0,2400.0,3305900.0
648,2021-10-22 07:15:29,7480.0,1000.0,3303500.0
649,2021-10-22 07:15:29,7480.0,200.0,3302500.0
650,2021-10-22 07:15:29,7480.0,1400.0,3302300.0
651,2021-10-22 07:15:28,7480.0,5000.0,3300900.0
652,2021-10-22 07:15:23,7480.0,500.0,3295900.0
653,2021-10-22 07:15:21,7480.0,10000.0,3295400.0
654,2021-10-22 07:15:21,7480.0,500.0,3285400.0
655,2021-10-22 07:15:21,7480.0,50000.0,3284900.0
656,2021-10-22 07:15:20,7480.0,7000.0,3234900.0
657,2021-10-22 07:15:19,7480.0,100.0,3227900.0
658,2021-10-22 07:15:17,7480.0,100.0,3227800.0
659,2021-10-22 07:15:17,7480.0,100.0,3227700.0
660,2021-10-22 07:15:17,7480.0,300.0,3227600.0
661,2021-10-22 07:15:16,7480.0,200.0,3227300.0
662,2021-10-22 07:15:16,7480.0,6000.0,3227100.0
663,2021-10-22 07:15:14,7480.0,1000.0,3221100.0
664,2021-10-22 07:15:13,7480.0,3500.0,3220100.0
665,2021-10-22 07:15:12,7480.0,500.0,3216600.0
666,2021-10-22 07:15:09,7480.0,5000.0,3216100.0
667,2021-10-22 07:15:09,7480.0,1100.0,3211100.0
668,2021-10-22 07:15:08,7480.0,4000.0,3210000.0
669,2021-10-22 07:15:08,7480.0,50000.0,3206000.0
670,2021-10-22 07:15:08,7480.0,3000.0,3156000.0
671,2021-10-22 07:15:07,7480.0,900.0,3153000.0
672,2021-10-22 07:15:04,7480.0,500.0,3152100.0
673,2021-10-22 07:15:01,7480.0,3000.0,3151600.0
674,2021-10-22 07:15:00,7480.0,2700.0,3148600.0
675,2021-10-22 07:14:56,7480.0,1000.0,3145900.0
676,2021-10-22 07:14:56,7480.0,1000.0,3144900.0
677,2021-10-22 07:14:53,7480.0,2000.0,3143900.0
678,2021-10-22 07:14:52,7480.0,1000.0,3141900.0
679,2021-10-22 07:14:48,7480.0,3000.0,3140900.0
680,2021-10-22 07:14:46,7480.0,200.0,3137900.0
681,2021-10-22 07:14:46,7480.0,1000.0,3137700.0
682,2021-10-22 07:14:44,7480.0,1000.0,3136700.0
683,2021-10-22 07:14:41,7480.0,10000.0,3135700.0
684,2021-10-22 07:14:37,7480.0,1000.0,3125700.0
685,2021-10-22 07:14:35,7480.0,4000.0,3124700.0
686,2021-10-22 07:14:35,7480.0,1000.0,3120700.0
687,2021-10-22 07:14:34,7480.0,200.0,3119700.0
688,2021-10-22 07:14:34,7480.0,3000.0,3119500.0
689,2021-10-22 07:14:32,7480.0,1900.0,3116500.0
690,2021-10-22 07:14:31,7480.0,7000.0,3114600.0
691,2021-10-22 07:14:30,7480.0,1600.0,3107600.0
692,2021-10-22 07:14:28,7480.0,300.0,3106000.0
693,2021-10-22 07:14:28,7480.0,30000.0,3105700.0
694,2021-10-22 07:14:27,7480.0,800.0,3075700.0
695,2021-10-22 07:14:26,7480.0,2000.0,3074900.0
696,2021-10-22 07:14:19,7480.0,57300.0,3072900.0
697,2021-10-22 07:14:03,7480.0,500.0,3015600.0
698,2021-10-22 07:14:01,7480.0,13000.0,3015100.0
699,2021-10-22 07:14:01,7480.0,10000.0,3002100.0
700,2021-10-22 07:13:59,7480.0,2000.0,2992100.0
701,2021-10-22 07:13:55,7480.0,100.0,2990100.0
702,2021-10-22 07:13:53,7480.0,100.0,2990000.0
703,2021-10-22 07:13:52,7480.0,300.0,2989900.0
704,2021-10-22 07:13:51,7480.0,2000.0,2989600.0
705,2021-10-22 07:13:48,7480.0,2000.0,2987600.0
706,2021-10-22 07:13:42,7480.0,800.0,2985600.0
707,2021-10-22 07:13:42,7480.0,500.0,2984800.0
708,2021-10-22 07:13:41,7480.0,10000.0,2984300.0
709,2021-10-22 07:13:40,7480.0,700.0,2974300.0
710,2021-10-22 07:13:40,7480.0,100.0,2973600.0
711,2021-10-22 07:13:38,7480.0,1000.0,2973500.0
712,2021-10-22 07:13:37,7480.0,200.0,2972500.0
713,2021-10-22 07:13:35,7480.0,100.0,2972300.0
714,2021-10-22 07:13:30,7480.0,300.0,2972200.0
715,2021-10-22 07:13:26,7480.0,100.0,2971900.0
716,2021-10-22 07:13:25,7480.0,2000.0,2971800.0
717,2021-10-22 07:13:23,7480.0,1000.0,2969800.0
718,2021-10-22 07:13:19,7480.0,200.0,2968800.0
719,2021-10-22 07:13:17,7480.0,400.0,2968600.0
720,2021-10-22 07:13:15,7480.0,500.0,2968200.0
721,2021-10-22 07:13:14,7480.0,10000.0,2967700.0
722,2021-10-22 07:13:08,7480.0,500.0,2957700.0
723,2021-10-22 07:13:01,7480.0,100.0,2957200.0
724,2021-10-22 07:12:59,7480.0,500.0,2957100.0
725,2021-10-22 07:12:58,7480.0,1000.0,2956600.0
726,2021-10-22 07:12:53,7480.0,200.0,2955600.0
727,2021-10-22 07:12:52,7480.0,300.0,2955400.0
728,2021-10-22 07:12:50,7480.0,200.0,2955100.0
729,2021-10-22 07:12:49,7480.0,2000.0,2954900.0
730,2021-10-22 07:12:46,7480.0,500.0,2952900.0
731,2021-10-22 07:12:44,7480.0,200.0,2952400.0
732,2021-10-22 07:12:43,7480.0,1000.0,2952200.0
733,2021-10-22 07:12:39,7480.0,100.0,2951200.0
734,2021-10-22 07:12:39,7480.0,100.0,2951100.0
735,2021-10-22 07:12:38,7480.0,100.0,2951000.0
736,2021-10-22 07:12:31,7480.0,100.0,2950900.0
737,2021-10-22 07:12:29,7480.0,200.0,2950800.0
738,2021-10-22 07:12:26,7480.0,200.0,2950600.0
739,2021-10-22 07:12:23,7480.0,2000.0,2950400.0
740,2021-10-22 07:12:21,7480.0,2000.0,2948400.0
741,2021-10-22 07:12:21,7480.0,200.0,2946400.0
742,2021-10-22 07:12:21,7480.0,400.0,2946200.0
743,2021-10-22 07:12:20,7480.0,5700.0,2945800.0
744,2021-10-22 07:12:16,7480.0,700.0,2940100.0
745,2021-10-22 07:12:15,7480.0,2000.0,2939400.0
746,2021-10-22 07:12:14,7480.0,23000.0,2937400.0
747,2021-10-22 07:12:06,7480.0,500.0,2914400.0
748,2021-10-22 07:12:06,7480.0,4000.0,2913900.0
749,2021-10-22 07:12:03,7480.0,600.0,2909900.0
750,2021-10-22 07:12:00,7480.0,300.0,2909300.0
751,2021-10-22 07:12:00,7480.0,200.0,2909000.0
752,2021-10-22 07:12:00,7480.0,300.0,2908800.0
753,2021-10-22 07:11:58,7480.0,100.0,2908500.0
754,2021-10-22 07:11:55,7480.0,1000.0,2908400.0
755,2021-10-22 07:11:55,7480.0,100.0,2907400.0
756,2021-10-22 07:11:53,7480.0,1500.0,2907300.0
757,2021-10-22 07:11:52,7480.0,5000.0,2905800.0
758,2021-10-22 07:11:52,7480.0,1000.0,2900800.0
759,2021-10-22 07:11:50,7480.0,1000.0,2899800.0
760,2021-10-22 07:11:48,7480.0,100.0,2898800.0
761,2021-10-22 07:11:48,7480.0,200.0,2898700.0
762,2021-10-22 07:11:47,7480.0,4000.0,2898500.0
763,2021-10-22 07:11:45,7480.0,1000.0,2894500.0
764,2021-10-22 07:11:45,7480.0,100.0,2893500.0
765,2021-10-22 07:11:43,7480.0,100.0,2893400.0
766,2021-10-22 07:11:38,7480.0,100.0,2893300.0
767,2021-10-22 07:11:37,7480.0,1000.0,2893200.0
768,2021-10-22 07:11:36,7480.0,2000.0,2892200.0
769,2021-10-22 07:11:36,7480.0,1000.0,2890200.0
770,2021-10-22 07:11:36,7480.0,4000.0,2889200.0
771,2021-10-22 07:11:35,7480.0,300.0,2885200.0
772,2021-10-22 07:11:31,7480.0,200.0,2884900.0
773,2021-10-22 07:11:28,7480.0,300.0,2884700.0
774,2021-10-22 07:11:27,7480.0,2000.0,2884400.0
775,2021-10-22 07:11:27,7480.0,10000.0,2882400.0
776,2021-10-22 07:11:27,7480.0,200.0,2872400.0
777,2021-10-22 07:11:23,7480.0,2000.0,2872200.0
778,2021-10-22 07:11:22,7480.0,100.0,2870200.0
779,2021-10-22 07:11:21,7480.0,100.0,2870100.0
780,2021-10-22 07:11:19,7480.0,100.0,2870000.0
781,2021-10-22 07:11:19,7480.0,500.0,2869900.0
782,2021-10-22 07:11:18,7480.0,200.0,2869400.0
783,2021-10-22 07:11:16,7480.0,3000.0,2869200.0
784,2021-10-22 07:11:15,7480.0,2000.0,2866200.0
785,2021-10-22 07:11:15,7480.0,1300.0,2864200.0
786,2021-10-22 07:11:14,7480.0,300.0,2862900.0
787,2021-10-22 07:11:14,7480.0,100.0,2862600.0
788,2021-10-22 07:11:12,7480.0,100.0,2862500.0
789,2021-10-22 07:11:12,7480.0,500.0,2862400.0
790,2021-10-22 07:11:10,7480.0,100.0,2861900.0
791,2021-10-22 07:11:10,7480.0,200.0,2861800.0
792,2021-10-22 07:11:10,7480.0,200.0,2861600.0
793,2021-10-22 07:11:09,7480.0,5000.0,2861400.0
794,2021-10-22 07:11:06,7480.0,1000.0,2856400.0
795,2021-10-22 07:11:05,7480.0,500.0,2855400.0
796,2021-10-22 07:11:04,7480.0,100.0,2854900.0
797,2021-10-22 07:11:02,7480.0,100.0,2854800.0
798,2021-10-22 07:11:00,7480.0,1000.0,2854700.0
799,2021-10-22 07:10:59,7480.0,500.0,2853700.0
800,2021-10-22 07:10:58,7480.0,200.0,2853200.0
801,2021-10-22 07:10:56,7480.0,2000.0,2853000.0
802,2021-10-22 07:10:54,7480.0,100.0,2851000.0
803,2021-10-22 07:10:53,7480.0,200.0,2850900.0
804,2021-10-22 07:10:52,7480.0,5000.0,2850700.0
805,2021-10-22 07:10:50,7480.0,100.0,2845700.0
806,2021-10-22 07:10:50,7480.0,400.0,2845600.0
807,2021-10-22 07:10:49,7480.0,1300.0,2845200.0
808,2021-10-22 07:10:49,7480.0,2500.0,2843900.0
809,2021-10-22 07:10:48,7480.0,1500.0,2841400.0
810,2021-10-22 07:10:47,7480.0,100.0,2839900.0
811,2021-10-22 07:10:47,7480.0,1000.0,2839800.0
812,2021-10-22 07:10:46,7480.0,200.0,2838800.0
813,2021-10-22 07:10:44,7480.0,2000.0,2838600.0
814,2021-10-22 07:10:43,7480.0,2000.0,2836600.0
815,2021-10-22 07:10:42,7480.0,200.0,2834600.0
816,2021-10-22 07:10:41,7480.0,100.0,2834400.0
817,2021-10-22 07:10:41,7480.0,200.0,2834300.0
818,2021-10-22 07:10:40,7480.0,1500.0,2834100.0
819,2021-10-22 07:10:40,7480.0,200.0,2832600.0
820,2021-10-22 07:10:40,7480.0,100.0,2832400.0
821,2021-10-22 07:10:38,7480.0,3000.0,2832300.0
822,2021-10-22 07:10:36,7480.0,1000.0,2829300.0
823,2021-10-22 07:10:33,7480.0,1200.0,2828300.0
824,2021-10-22 07:10:32,7480.0,100.0,2827100.0
825,2021-10-22 07:10:29,7480.0,2000.0,2827000.0
826,2021-10-22 07:10:29,7480.0,3000.0,2825000.0
827,2021-10-22 07:10:28,7480.0,1000.0,2822000.0
828,2021-10-22 07:10:27,7480.0,1000.0,2821000.0
829,2021-10-22 07:10:27,7480.0,100.0,2820000.0
830,2021-10-22 07:10:27,7480.0,500.0,2819900.0
831,2021-10-22 07:10:27,7480.0,500.0,2819400.0
832,2021-10-22 07:10:24,7480.0,11000.0,2818900.0
833,2021-10-22 07:10:23,7480.0,500.0,2807900.0
834,2021-10-22 07:10:22,7480.0,100.0,2807400.0
835,2021-10-22 07:10:21,7480.0,100.0,2807300.0
836,2021-10-22 07:10:20,7480.0,600.0,2807200.0
837,2021-10-22 07:10:16,7480.0,400.0,2806600.0
838,2021-10-22 07:10:16,7480.0,1000.0,2806200.0
839,2021-10-22 07:10:15,7480.0,5000.0,2805200.0
840,2021-10-22 07:10:15,7480.0,400.0,2800200.0
841,2021-10-22 07:10:13,7480.0,1000.0,2799800.0
842,2021-10-22 07:10:13,7480.0,2000.0,2798800.0
843,2021-10-22 07:10:11,7480.0,2000.0,2796800.0
844,2021-10-22 07:10:10,7480.0,200.0,2794800.0
845,2021-10-22 07:10:09,7480.0,3000.0,2794600.0
846,2021-10-22 07:10:08,7480.0,2000.0,2791600.0
847,2021-10-22 07:10:08,7480.0,100.0,2789600.0
848,2021-10-22 07:10:07,7480.0,200.0,2789500.0
849,2021-10-22 07:10:07,7480.0,500.0,2789300.0
850,2021-10-22 07:10:05,7480.0,2500.0,2788800.0
851,2021-10-22 07:10:05,7480.0,1000.0,2786300.0
852,2021-10-22 07:10:03,7480.0,1000.0,2785300.0
853,2021-10-22 07:10:03,7480.0,1000.0,2784300.0
854,2021-10-22 07:10:02,7480.0,5000.0,2783300.0
855,2021-10-22 07:10:01,7480.0,1000.0,2778300.0
856,2021-10-22 07:10:01,7480.0,1500.0,2777300.0
857,2021-10-22 07:10:01,7480.0,500.0,2775800.0
858,2021-10-22 07:09:59,7480.0,100.0,2775300.0
859,2021-10-22 07:09:58,7480.0,300.0,2775200.0
860,2021-10-22 07:09:58,7480.0,1000.0,2774900.0
861,2021-10-22 07:09:58,7480.0,200.0,2773900.0
862,2021-10-22 07:09:58,7480.0,1000.0,2773700.0
863,2021-10-22 07:09:58,7480.0,20000.0,2772700.0
864,2021-10-22 07:09:57,7480.0,300.0,2752700.0
865,2021-10-22 07:09:57,7480.0,1000.0,2752400.0
866,2021-10-22 07:09:57,7480.0,400.0,2751400.0
867,2021-10-22 07:09:57,7480.0,1000.0,2751000.0
868,2021-10-22 07:09:57,7480.0,6000.0,2750000.0
869,2021-10-22 07:09:57,7480.0,2000.0,2744000.0
870,2021-10-22 07:09:57,7480.0,200.0,2742000.0
871,2021-10-22 07:09:57,7480.0,100.0,2741800.0
872,2021-10-22 07:09:57,7480.0,100.0,2741700.0
873,2021-10-22 07:09:57,7480.0,6700.0,2741600.0
874,2021-10-22 07:09:49,7480.0,4300.0,2734900.0
875,2021-10-22 07:09:49,7480.0,100.0,2730600.0
876,2021-10-22 07:09:48,7480.0,1500.0,2730500.0
877,2021-10-22 07:09:44,7480.0,100.0,2729000.0
878,2021-10-22 07:09:44,7480.0,4000.0,2728900.0
879,2021-10-22 07:09:44,7490.0,100.0,2724900.0
880,2021-10-22 07:09:43,7490.0,2000.0,2724800.0
881,2021-10-22 07:09:42,7480.0,200.0,2722800.0
882,2021-10-22 07:09:42,7480.0,200.0,2722600.0
883,2021-10-22 07:09:42,7480.0,1000.0,2722400.0
884,2021-10-22 07:09:42,7480.0,200.0,2721400.0
885,2021-10-22 07:09:42,7480.0,1000.0,2721200.0
886,2021-10-22 07:09:42,7480.0,1000.0,2720200.0
887,2021-10-22 07:09:42,7480.0,2300.0,2719200.0
888,2021-10-22 07:09:42,7480.0,500.0,2716900.0
889,2021-10-22 07:09:42,7480.0,10000.0,2716400.0
890,2021-10-22 07:09:42,7480.0,100.0,2706400.0
891,2021-10-22 07:09:42,7480.0,100.0,2706300.0
892,2021-10-22 07:09:42,7480.0,100.0,2706200.0
893,2021-10-22 07:09:42,7480.0,30000.0,2706100.0
894,2021-10-22 07:09:42,7480.0,1000.0,2676100.0
895,2021-10-22 07:09:42,7480.0,1000.0,2675100.0
896,2021-10-22 07:09:42,7480.0,100.0,2674100.0
897,2021-10-22 07:09:42,7480.0,900.0,2674000.0
898,2021-10-22 07:09:42,7480.0,100.0,2673100.0
899,2021-10-22 07:09:42,7480.0,500.0,2673000.0
900,2021-10-22 07:09:42,7480.0,2000.0,2672500.0
901,2021-10-22 07:09:42,7480.0,1000.0,2670500.0
902,2021-10-22 07:09:42,7490.0,10000.0,2669500.0
903,2021-10-22 07:09:42,7490.0,500.0,2659500.0
904,2021-10-22 07:09:42,7490.0,500.0,2659000.0
905,2021-10-22 07:09:42,7490.0,3000.0,2658500.0
906,2021-10-22 07:09:40,7500.0,1000.0,2655500.0
907,2021-10-22 07:09:38,7500.0,2500.0,2654500.0
908,2021-10-22 07:09:35,7490.0,2000.0,2652000.0
909,2021-10-22 07:09:32,7500.0,5000.0,2650000.0
910,2021-10-22 07:09:31,7500.0,5000.0,2645000.0
911,2021-10-22 07:09:31,7500.0,3000.0,2640000.0
912,2021-10-22 07:09:31,7500.0,500.0,2637000.0
913,2021-10-22 07:09:31,7500.0,300.0,2636500.0
914,2021-10-22 07:09:31,7500.0,200.0,2636200.0
915,2021-10-22 07:09:31,7500.0,2000.0,2636000.0
916,2021-10-22 07:09:31,7500.0,200.0,2634000.0
917,2021-10-22 07:09:31,7500.0,2000.0,2633800.0
918,2021-10-22 07:09:31,7500.0,100.0,2631800.0
919,2021-10-22 07:09:31,7500.0,2900.0,2631700.0
920,2021-10-22 07:09:31,7500.0,200.0,2628800.0
921,2021-10-22 07:09:31,7500.0,2000.0,2628600.0
922,2021-10-22 07:09:31,7500.0,200.0,2626600.0
923,2021-10-22 07:09:31,7500.0,100.0,2626400.0
924,2021-10-22 07:09:31,7500.0,18000.0,2626300.0
925,2021-10-22 07:09:31,7500.0,2000.0,2608300.0
926,2021-10-22 07:09:31,7500.0,100.0,2606300.0
927,2021-10-22 07:09:31,7500.0,300.0,2606200.0
928,2021-10-22 07:09:31,7500.0,300.0,2605900.0
929,2021-10-22 07:09:31,7500.0,1000.0,2605600.0
930,2021-10-22 07:09:31,7500.0,500.0,2604600.0
931,2021-10-22 07:09:31,7500.0,500.0,2604100.0
932,2021-10-22 07:09:31,7500.0,2000.0,2603600.0
933,2021-10-22 07:09:31,7500.0,10000.0,2601600.0
934,2021-10-22 07:09:31,7500.0,300.0,2591600.0
935,2021-10-22 07:09:31,7500.0,1000.0,2591300.0
936,2021-10-22 07:09:31,7500.0,1000.0,2590300.0
937,2021-10-22 07:09:31,7500.0,800.0,2589300.0
938,2021-10-22 07:09:31,7500.0,400.0,2588500.0
939,2021-10-22 07:09:31,7500.0,1000.0,2588100.0
940,2021-10-22 07:09:31,7500.0,100.0,2587100.0
941,2021-10-22 07:09:31,7500.0,2000.0,2587000.0
942,2021-10-22 07:09:31,7500.0,2000.0,2585000.0
943,2021-10-22 07:09:31,7500.0,500.0,2583000.0
944,2021-10-22 07:09:31,7500.0,5000.0,2582500.0
945,2021-10-22 07:09:31,7500.0,4000.0,2577500.0
946,2021-10-22 07:09:31,7500.0,1500.0,2573500.0
947,2021-10-22 07:09:31,7510.0,100.0,2572000.0
948,2021-10-22 07:09:30,7520.0,500.0,2571900.0
949,2021-10-22 07:09:24,7520.0,1000.0,2571400.0
950,2021-10-22 07:09:23,7520.0,500.0,2570400.0
951,2021-10-22 07:09:23,7520.0,1000.0,2569900.0
952,2021-10-22 07:09:23,7520.0,1000.0,2568900.0
953,2021-10-22 07:09:23,7530.0,500.0,2567900.0
954,2021-10-22 07:09:23,7530.0,2000.0,2567400.0
955,2021-10-22 07:09:14,7600.0,400.0,2565400.0
956,2021-10-22 07:09:04,7600.0,200.0,2565000.0
957,2021-10-22 07:08:59,7600.0,21000.0,2564800.0
958,2021-10-22 07:08:59,7600.0,400.0,2543800.0
959,2021-10-22 07:08:57,7600.0,3000.0,2543400.0
960,2021-10-22 07:08:53,7600.0,400.0,2540400.0
961,2021-10-22 07:08:52,7600.0,100.0,2540000.0
962,2021-10-22 07:08:39,7600.0,200.0,2539900.0
963,2021-10-22 07:08:28,7500.0,8500.0,2539700.0
964,2021-10-22 07:08:28,7500.0,500.0,2531200.0
965,2021-10-22 07:08:28,7540.0,5000.0,2530700.0
966,2021-10-22 07:08:28,7550.0,500.0,2525700.0
967,2021-10-22 07:08:28,7560.0,5000.0,2525200.0
968,2021-10-22 07:08:28,7590.0,500.0,2520200.0
969,2021-10-22 07:08:28,7600.0,100.0,2519700.0
970,2021-10-22 07:08:28,7600.0,100.0,2519600.0
971,2021-10-22 07:08:28,7600.0,300.0,2519500.0
972,2021-10-22 07:08:28,7600.0,3000.0,2519200.0
973,2021-10-22 07:08:28,7600.0,2900.0,2516200.0
974,2021-10-22 07:08:28,7600.0,100.0,2513300.0
975,2021-10-22 07:08:28,7600.0,3000.0,2513200.0
976,2021-10-22 07:08:28,7600.0,400.0,2510200.0
977,2021-10-22 07:08:28,7600.0,2000.0,2509800.0
978,2021-10-22 07:08:28,7600.0,100.0,2507800.0
979,2021-10-22 07:08:28,7600.0,1000.0,2507700.0
980,2021-10-22 07:08:28,7600.0,500.0,2506700.0
981,2021-10-22 07:08:28,7600.0,1000.0,2506200.0
982,2021-10-22 07:08:28,7600.0,1000.0,2505200.0
983,2021-10-22 07:08:28,7600.0,11000.0,2504200.0
984,2021-10-22 07:08:28,7600.0,500.0,2493200.0
985,2021-10-22 07:08:28,7600.0,1000.0,2492700.0
986,2021-10-22 07:08:28,7600.0,1000.0,2491700.0
987,2021-10-22 07:08:28,7600.0,200.0,2490700.0
988,2021-10-22 07:08:28,7600.0,500.0,2490500.0
989,2021-10-22 07:08:28,7600.0,2000.0,2490000.0
990,2021-10-22 07:08:28,7600.0,1000.0,2488000.0
991,2021-10-22 07:08:28,7600.0,300.0,2487000.0
992,2021-10-22 07:08:28,7600.0,500.0,2486700.0
993,2021-10-22 07:08:28,7600.0,500.0,2486200.0
994,2021-10-22 07:08:28,7600.0,100.0,2485700.0
995,2021-10-22 07:08:28,7610.0,2000.0,2485600.0
996,2021-10-22 07:08:28,7610.0,500.0,2483600.0
997,2021-10-22 07:08:28,7610.0,5000.0,2483100.0
998,2021-10-22 07:08:28,7640.0,100.0,2478100.0
999,2021-10-22 07:08:28,7640.0,500.0,2478000.0
1000,2021-10-22 07:08:28,7640.0,500.0,2477500.0
1001,2021-10-22 07:08:28,7640.0,4000.0,2477000.0
1002,2021-10-22 07:08:28,7650.0,500.0,2473000.0
1003,2021-10-22 07:08:28,7650.0,500.0,2472500.0
1004,2021-10-22 07:08:28,7650.0,300.0,2472000.0
1005,2021-10-22 07:08:28,7650.0,2000.0,2471700.0
1006,2021-10-22 07:08:28,7650.0,200.0,2469700.0
1007,2021-10-22 07:08:28,7650.0,2000.0,2469500.0
1008,2021-10-22 07:08:28,7650.0,1500.0,2467500.0
1009,2021-10-22 07:08:28,7650.0,100.0,2466000.0
1010,2021-10-22 07:08:26,7660.0,2400.0,2465900.0
1011,2021-10-22 07:08:20,7680.0,1000.0,2463500.0
1012,2021-10-22 07:08:19,7650.0,300.0,2462500.0
1013,2021-10-22 07:08:14,7650.0,4800.0,2462200.0
1014,2021-10-22 07:08:14,7650.0,1500.0,2457400.0
1015,2021-10-22 07:08:14,7650.0,600.0,2455900.0
1016,2021-10-22 07:08:14,7660.0,3000.0,2455300.0
1017,2021-10-22 07:08:14,7670.0,100.0,2452300.0
1018,2021-10-22 07:08:00,7680.0,100.0,2452200.0
1019,2021-10-22 07:07:59,7650.0,1400.0,2452100.0
1020,2021-10-22 07:07:59,7650.0,200.0,2450700.0
1021,2021-10-22 07:07:59,7650.0,500.0,2450500.0
1022,2021-10-22 07:07:59,7670.0,900.0,2450000.0
1023,2021-10-22 07:07:56,7680.0,500.0,2449100.0
1024,2021-10-22 07:07:35,7650.0,1500.0,2448600.0
1025,2021-10-22 07:07:35,7650.0,4800.0,2447100.0
1026,2021-10-22 07:07:35,7660.0,3600.0,2442300.0
1027,2021-10-22 07:07:35,7680.0,100.0,2438700.0
1028,2021-10-22 07:07:32,7690.0,2000.0,2438600.0
1029,2021-10-22 07:07:32,7690.0,1000.0,2436600.0
1030,2021-10-22 07:07:21,7690.0,1000.0,2435600.0
1031,2021-10-22 07:07:21,7690.0,3000.0,2434600.0
1032,2021-10-22 07:07:15,7650.0,4200.0,2431600.0
1033,2021-10-22 07:07:15,7650.0,100.0,2427400.0
1034,2021-10-22 07:07:15,7650.0,100.0,2427300.0
1035,2021-10-22 07:07:15,7650.0,100.0,2427200.0
1036,2021-10-22 07:07:15,7650.0,500.0,2427100.0
1037,2021-10-22 07:07:15,7650.0,100.0,2426600.0
1038,2021-10-22 07:07:15,7650.0,2000.0,2426500.0
1039,2021-10-22 07:07:15,7650.0,500.0,2424500.0
1040,2021-10-22 07:07:15,7650.0,500.0,2424000.0
1041,2021-10-22 07:07:15,7660.0,2000.0,2423500.0
1042,2021-10-22 07:07:15,7660.0,2600.0,2421500.0
1043,2021-10-22 07:07:15,7660.0,100.0,2418900.0
1044,2021-10-22 07:07:15,7660.0,200.0,2418800.0
1045,2021-10-22 07:07:15,7660.0,1000.0,2418600.0
1046,2021-10-22 07:07:15,7670.0,3000.0,2417600.0
1047,2021-10-22 07:07:15,7670.0,2000.0,2414600.0
1048,2021-10-22 07:07:15,7670.0,1000.0,2412600.0
1049,2021-10-22 07:07:15,7690.0,1000.0,2411600.0
1050,2021-10-22 07:06:57,7690.0,3000.0,2410600.0
1051,2021-10-22 07:06:53,7690.0,2000.0,2407600.0
1052,2021-10-22 07:06:51,7690.0,500.0,2405600.0
1053,2021-10-22 07:06:40,7690.0,1000.0,2405100.0
1054,2021-10-22 07:06:39,7690.0,2000.0,2404100.0
1055,2021-10-22 07:06:38,7690.0,100.0,2402100.0
1056,2021-10-22 07:06:30,7690.0,500.0,2402000.0
1057,2021-10-22 07:06:28,7690.0,1400.0,2401500.0
1058,2021-10-22 07:06:27,7690.0,500.0,2400100.0
1059,2021-10-22 07:06:13,7690.0,3000.0,2399600.0
1060,2021-10-22 07:06:13,7690.0,5000.0,2396600.0
1061,2021-10-22 07:06:13,7690.0,1000.0,2391600.0
1062,2021-10-22 07:06:13,7690.0,1000.0,2390600.0
1063,2021-10-22 07:06:03,7690.0,1000.0,2389600.0
1064,2021-10-22 07:06:02,7690.0,3000.0,2388600.0
1065,2021-10-22 07:05:50,7690.0,4000.0,2385600.0
1066,2021-10-22 07:05:43,7690.0,2000.0,2381600.0
1067,2021-10-22 07:05:06,7700.0,1000.0,2379600.0
1068,2021-10-22 07:05:04,7700.0,1000.0,2378600.0
1069,2021-10-22 07:05:00,7700.0,500.0,2377600.0
1070,2021-10-22 07:05:00,7700.0,200.0,2377100.0
1071,2021-10-22 07:05:00,7700.0,500.0,2376900.0
1072,2021-10-22 07:05:00,7700.0,1000.0,2376400.0
1073,2021-10-22 07:05:00,7700.0,100.0,2375400.0
1074,2021-10-22 07:05:00,7700.0,4000.0,2375300.0
1075,2021-10-22 07:05:00,7700.0,100.0,2371300.0
1076,2021-10-22 07:05:00,7700.0,1000.0,2371200.0
1077,2021-10-22 07:05:00,7700.0,100.0,2370200.0
1078,2021-10-22 07:05:00,7700.0,200.0,2370100.0
1079,2021-10-22 07:05:00,7700.0,500.0,2369900.0
1080,2021-10-22 07:05:00,7700.0,800.0,2369400.0
1081,2021-10-22 07:05:00,7700.0,1000.0,2368600.0
1082,2021-10-22 07:05:00,7700.0,2500.0,2367600.0
1083,2021-10-22 07:05:00,7700.0,2000.0,2365100.0
1084,2021-10-22 07:05:00,7700.0,1000.0,2363100.0
1085,2021-10-22 07:05:00,7700.0,2000.0,2362100.0
1086,2021-10-22 07:05:00,7700.0,700.0,2360100.0
1087,2021-10-22 07:05:00,7700.0,500.0,2359400.0
1088,2021-10-22 07:05:00,7700.0,200.0,2358900.0
1089,2021-10-22 07:05:00,7700.0,500.0,2358700.0
1090,2021-10-22 07:05:00,7700.0,1700.0,2358200.0
1091,2021-10-22 07:05:00,7700.0,1000.0,2356500.0
1092,2021-10-22 07:05:00,7700.0,400.0,2355500.0
1093,2021-10-22 07:05:00,7710.0,100.0,2355100.0
1094,2021-10-22 07:05:00,7710.0,2500.0,2355000.0
1095,2021-10-22 07:05:00,7710.0,5000.0,2352500.0
1096,2021-10-22 07:05:00,7720.0,100.0,2347500.0
1097,2021-10-22 07:05:00,7720.0,1500.0,2347400.0
1098,2021-10-22 07:05:00,7720.0,100.0,2345900.0
1099,2021-10-22 07:05:00,7720.0,100.0,2345800.0
1100,2021-10-22 07:05:00,7720.0,100.0,2345700.0
1101,2021-10-22 07:05:00,7720.0,1000.0,2345600.0
1102,2021-10-22 07:05:00,7720.0,1000.0,2344600.0
1103,2021-10-22 07:05:00,7720.0,1000.0,2343600.0
1104,2021-10-22 07:04:49,7740.0,4000.0,2342600.0
1105,2021-10-22 07:04:47,7740.0,1000.0,2338600.0
1106,2021-10-22 07:04:47,7730.0,100.0,2337600.0
1107,2021-10-22 07:04:47,7740.0,1000.0,2337500.0
1108,2021-10-22 07:04:47,7740.0,500.0,2336500.0
1109,2021-10-22 07:04:47,7740.0,400.0,2336000.0
1110,2021-10-22 07:04:32,7740.0,100.0,2335600.0
1111,2021-10-22 07:04:32,7740.0,1000.0,2335500.0
1112,2021-10-22 07:04:32,7740.0,2000.0,2334500.0
1113,2021-10-22 07:04:32,7740.0,200.0,2332500.0
1114,2021-10-22 07:04:32,7740.0,7000.0,2332300.0
1115,2021-10-22 07:04:32,7740.0,2200.0,2325300.0
1116,2021-10-22 07:04:29,7750.0,100.0,2323100.0
1117,2021-10-22 07:04:25,7750.0,200.0,2323000.0
1118,2021-10-22 07:04:18,7740.0,2800.0,2322800.0
1119,2021-10-22 07:04:18,7740.0,100.0,2320000.0
1120,2021-10-22 07:04:18,7740.0,1100.0,2319900.0
1121,2021-10-22 07:04:02,7750.0,600.0,2318800.0
1122,2021-10-22 07:03:57,7750.0,2000.0,2318200.0
1123,2021-10-22 07:03:57,7750.0,1400.0,2316200.0
1124,2021-10-22 07:03:46,7750.0,5000.0,2314800.0
1125,2021-10-22 07:03:46,7750.0,3600.0,2309800.0
1126,2021-10-22 07:03:42,7750.0,500.0,2306200.0
1127,2021-10-22 07:03:33,7750.0,500.0,2305700.0
1128,2021-10-22 07:03:31,7750.0,3000.0,2305200.0
1129,2021-10-22 07:03:28,7750.0,2400.0,2302200.0
1130,2021-10-22 07:03:28,7750.0,2600.0,2299800.0
1131,2021-10-22 07:03:24,7750.0,100.0,2297200.0
1132,2021-10-22 07:03:20,7750.0,3000.0,2297100.0
1133,2021-10-22 07:03:15,7740.0,2900.0,2294100.0
1134,2021-10-22 07:03:15,7740.0,500.0,2291200.0
1135,2021-10-22 07:03:15,7740.0,100.0,2290700.0
1136,2021-10-22 07:03:15,7740.0,500.0,2290600.0
1137,2021-10-22 07:03:15,7740.0,1500.0,2290100.0
1138,2021-10-22 07:03:15,7740.0,500.0,2288600.0
1139,2021-10-22 07:03:02,7750.0,4300.0,2288100.0
1140,2021-10-22 07:03:02,7750.0,600.0,2283800.0
1141,2021-10-22 07:03:02,7750.0,1500.0,2283200.0
1142,2021-10-22 07:03:02,7750.0,600.0,2281700.0
1143,2021-10-22 07:02:44,7740.0,1000.0,2281100.0
1144,2021-10-22 07:02:33,7750.0,500.0,2280100.0
1145,2021-10-22 07:02:01,7750.0,200.0,2279600.0
1146,2021-10-22 07:01:32,7750.0,3000.0,2279400.0
1147,2021-10-22 07:01:32,7750.0,2000.0,2276400.0
1148,2021-10-22 07:01:19,7750.0,500.0,2274400.0
1149,2021-10-22 07:01:16,7740.0,500.0,2273900.0
1150,2021-10-22 07:00:55,7750.0,200.0,2273400.0
1151,2021-10-22 07:00:55,7750.0,100.0,2273200.0
1152,2021-10-22 07:00:55,7750.0,5000.0,2273100.0
1153,2021-10-22 07:00:55,7750.0,500.0,2268100.0
1154,2021-10-22 07:00:55,7750.0,200.0,2267600.0
1155,2021-10-22 07:00:55,7750.0,200.0,2267400.0
1156,2021-10-22 07:00:55,7750.0,5000.0,2267200.0
1157,2021-10-22 07:00:55,7750.0,2500.0,2262200.0
1158,2021-10-22 07:00:55,7750.0,500.0,2259700.0
1159,2021-10-22 07:00:55,7750.0,1200.0,2259200.0
1160,2021-10-22 07:00:55,7750.0,200.0,2258000.0
1161,2021-10-22 07:00:55,7750.0,300.0,2257800.0
1162,2021-10-22 07:00:55,7750.0,2400.0,2257500.0
1163,2021-10-22 07:00:55,7750.0,200.0,2255100.0
1164,2021-10-22 07:00:55,7750.0,3000.0,2254900.0
1165,2021-10-22 07:00:54,7760.0,600.0,2251900.0
1166,2021-10-22 07:00:45,7760.0,1000.0,2251300.0
1167,2021-10-22 07:00:37,7760.0,100.0,2250300.0
1168,2021-10-22 07:00:37,7760.0,200.0,2250200.0
1169,2021-10-22 07:00:30,7760.0,100.0,2250000.0
1170,2021-10-22 07:00:30,7760.0,100.0,2249900.0
1171,2021-10-22 07:00:30,7760.0,1000.0,2249800.0
1172,2021-10-22 07:00:30,7760.0,2600.0,2248800.0
1173,2021-10-22 07:00:30,7760.0,900.0,2246200.0
1174,2021-10-22 07:00:19,7760.0,100.0,2245300.0
1175,2021-10-22 07:00:19,7770.0,400.0,2245200.0
1176,2021-10-22 07:00:13,7770.0,100.0,2244800.0
1177,2021-10-22 07:00:08,7760.0,200.0,2244700.0
1178,2021-10-22 07:00:05,7780.0,100.0,2244500.0
1179,2021-10-22 06:59:57,7760.0,3800.0,2244400.0
1180,2021-10-22 06:59:57,7760.0,5000.0,2240600.0
1181,2021-10-22 06:59:57,7760.0,500.0,2235600.0
1182,2021-10-22 06:59:57,7760.0,100.0,2235100.0
1183,2021-10-22 06:59:57,7770.0,500.0,2235000.0
1184,2021-10-22 06:59:57,7770.0,100.0,2234500.0
1185,2021-10-22 06:59:48,7780.0,1000.0,2234400.0
1186,2021-10-22 06:59:31,7780.0,1000.0,2233400.0
1187,2021-10-22 06:59:31,7780.0,100.0,2232400.0
1188,2021-10-22 06:59:31,7780.0,400.0,2232300.0
1189,2021-10-22 06:59:24,7780.0,500.0,2231900.0
1190,2021-10-22 06:59:14,7780.0,100.0,2231400.0
1191,2021-10-22 06:59:07,7780.0,1000.0,2231300.0
1192,2021-10-22 06:58:37,7780.0,1000.0,2230300.0
1193,2021-10-22 06:58:32,7780.0,1000.0,2229300.0
1194,2021-10-22 06:58:14,7780.0,3000.0,2228300.0
1195,2021-10-22 06:58:05,7780.0,2000.0,2225300.0
1196,2021-10-22 06:58:03,7750.0,1100.0,2223300.0
1197,2021-10-22 06:58:02,7780.0,100.0,2222200.0
1198,2021-10-22 06:58:01,7780.0,100.0,2222100.0
1199,2021-10-22 06:58:00,7780.0,4000.0,2222000.0
1200,2021-10-22 06:57:59,7780.0,100.0,2218000.0
1201,2021-10-22 06:57:43,7780.0,700.0,2217900.0
1202,2021-10-22 06:57:41,7750.0,100.0,2217200.0
1203,2021-10-22 06:57:21,7750.0,800.0,2217100.0
1204,2021-10-22 06:57:09,7750.0,100.0,2216300.0
1205,2021-10-22 06:57:08,7750.0,1000.0,2216200.0
1206,2021-10-22 06:57:07,7780.0,100.0,2215200.0
1207,2021-10-22 06:57:02,7750.0,1900.0,2215100.0
1208,2021-10-22 06:57:02,7750.0,100.0,2213200.0
1209,2021-10-22 06:56:49,7780.0,100.0,2213100.0
1210,2021-10-22 06:56:48,7790.0,100.0,2213000.0
1211,2021-10-22 06:56:43,7790.0,4000.0,2212900.0
1212,2021-10-22 06:56:32,7790.0,2000.0,2208900.0
1213,2021-10-22 06:56:24,7800.0,400.0,2206900.0
1214,2021-10-22 06:56:21,7800.0,2000.0,2206500.0
1215,2021-10-22 06:56:08,7800.0,500.0,2204500.0
1216,2021-10-22 06:56:08,7800.0,300.0,2204000.0
1217,2021-10-22 06:56:08,7800.0,1000.0,2203700.0
1218,2021-10-22 06:56:08,7800.0,1000.0,2202700.0
1219,2021-10-22 06:56:08,7800.0,300.0,2201700.0
1220,2021-10-22 06:56:08,7800.0,1000.0,2201400.0
1221,2021-10-22 06:56:08,7800.0,3000.0,2200400.0
1222,2021-10-22 06:55:55,7800.0,100.0,2197400.0
1223,2021-10-22 06:55:48,7800.0,400.0,2197300.0
1224,2021-10-22 06:55:48,7800.0,500.0,2196900.0
1225,2021-10-22 06:55:48,7800.0,100.0,2196400.0
1226,2021-10-22 06:55:48,7800.0,500.0,2196300.0
1227,2021-10-22 06:55:48,7800.0,200.0,2195800.0
1228,2021-10-22 06:55:48,7810.0,200.0,2195600.0
1229,2021-10-22 06:55:48,7820.0,100.0,2195400.0
1230,2021-10-22 06:55:36,7800.0,1400.0,2195300.0
1231,2021-10-22 06:55:22,7800.0,400.0,2193900.0
1232,2021-10-22 06:55:22,7800.0,300.0,2193500.0
1233,2021-10-22 06:55:22,7800.0,1000.0,2193200.0
1234,2021-10-22 06:55:22,7800.0,500.0,2192200.0
1235,2021-10-22 06:55:22,7800.0,2000.0,2191700.0
1236,2021-10-22 06:55:22,7800.0,300.0,2189700.0
1237,2021-10-22 06:55:22,7800.0,10000.0,2189400.0
1238,2021-10-22 06:55:22,7800.0,100.0,2179400.0
1239,2021-10-22 06:55:22,7800.0,100.0,2179300.0
1240,2021-10-22 06:55:22,7800.0,13000.0,2179200.0
1241,2021-10-22 06:55:22,7800.0,300.0,2166200.0
1242,2021-10-22 06:55:22,7800.0,100.0,2165900.0
1243,2021-10-22 06:55:22,7800.0,1000.0,2165800.0
1244,2021-10-22 06:55:22,7800.0,300.0,2164800.0
1245,2021-10-22 06:55:22,7800.0,600.0,2164500.0
1246,2021-10-22 06:55:14,7800.0,2400.0,2163900.0
1247,2021-10-22 06:55:14,7800.0,600.0,2161500.0
1248,2021-10-22 06:55:14,7800.0,200.0,2160900.0
1249,2021-10-22 06:55:14,7800.0,200.0,2160700.0
1250,2021-10-22 06:55:14,7800.0,1000.0,2160500.0
1251,2021-10-22 06:55:14,7800.0,6400.0,2159500.0
1252,2021-10-22 06:55:14,7800.0,200.0,2153100.0
1253,2021-10-22 06:55:14,7800.0,300.0,2152900.0
1254,2021-10-22 06:55:14,7800.0,1000.0,2152600.0
1255,2021-10-22 06:55:14,7800.0,400.0,2151600.0
1256,2021-10-22 06:55:14,7800.0,500.0,2151200.0
1257,2021-10-22 06:55:14,7800.0,2000.0,2150700.0
1258,2021-10-22 06:55:14,7800.0,4800.0,2148700.0
1259,2021-10-22 06:55:14,7800.0,100.0,2143900.0
1260,2021-10-22 06:55:14,7800.0,3800.0,2143800.0
1261,2021-10-22 06:55:14,7800.0,1000.0,2140000.0
1262,2021-10-22 06:55:14,7800.0,100.0,2139000.0
1263,2021-10-22 06:55:14,7800.0,1000.0,2138900.0
1264,2021-10-22 06:55:14,7800.0,500.0,2137900.0
1265,2021-10-22 06:55:14,7800.0,1800.0,2137400.0
1266,2021-10-22 06:55:14,7800.0,100.0,2135600.0
1267,2021-10-22 06:55:14,7800.0,1000.0,2135500.0
1268,2021-10-22 06:55:14,7800.0,300.0,2134500.0
1269,2021-10-22 06:55:14,7800.0,100.0,2134200.0
1270,2021-10-22 06:55:14,7800.0,200.0,2134100.0
1271,2021-10-22 06:55:14,7800.0,38100.0,2133900.0
1272,2021-10-22 06:55:14,7810.0,6500.0,2095800.0
1273,2021-10-22 06:55:14,7810.0,2000.0,2089300.0
1274,2021-10-22 06:55:14,7810.0,3000.0,2087300.0
1275,2021-10-22 06:55:14,7810.0,1000.0,2084300.0
1276,2021-10-22 06:55:14,7820.0,100.0,2083300.0
1277,2021-10-22 06:55:14,7820.0,100.0,2083200.0
1278,2021-10-22 06:55:14,7820.0,400.0,2083100.0
1279,2021-10-22 06:55:06,7820.0,300.0,2082700.0
1280,2021-10-22 06:55:06,7820.0,300.0,2082400.0
1281,2021-10-22 06:55:06,7820.0,1900.0,2082100.0
1282,2021-10-22 06:55:06,7830.0,500.0,2080200.0
1283,2021-10-22 06:54:37,7820.0,2300.0,2079700.0
1284,2021-10-22 06:54:37,7830.0,5000.0,2077400.0
1285,2021-10-22 06:54:37,7830.0,1700.0,2072400.0
1286,2021-10-22 06:54:37,7830.0,1000.0,2070700.0
1287,2021-10-22 06:54:37,7830.0,7000.0,2069700.0
1288,2021-10-22 06:54:34,7860.0,100.0,2062700.0
1289,2021-10-22 06:54:24,7860.0,3500.0,2062600.0
1290,2021-10-22 06:54:24,7850.0,1500.0,2059100.0
1291,2021-10-22 06:54:23,7850.0,4300.0,2057600.0
1292,2021-10-22 06:54:23,7850.0,500.0,2053300.0
1293,2021-10-22 06:54:23,7850.0,100.0,2052800.0
1294,2021-10-22 06:54:23,7850.0,1000.0,2052700.0
1295,2021-10-22 06:54:23,7850.0,500.0,2051700.0
1296,2021-10-22 06:54:23,7850.0,2000.0,2051200.0
1297,2021-10-22 06:54:23,7850.0,200.0,2049200.0
1298,2021-10-22 06:54:23,7850.0,700.0,2049000.0
1299,2021-10-22 06:54:23,7850.0,1000.0,2048300.0
1300,2021-10-22 06:54:23,7850.0,100.0,2047300.0
1301,2021-10-22 06:54:23,7850.0,100.0,2047200.0
1302,2021-10-22 06:54:23,7850.0,900.0,2047100.0
1303,2021-10-22 06:54:23,7850.0,10000.0,2046200.0
1304,2021-10-22 06:54:23,7850.0,5000.0,2036200.0
1305,2021-10-22 06:54:23,7850.0,200.0,2031200.0
1306,2021-10-22 06:54:23,7850.0,900.0,2031000.0
1307,2021-10-22 06:54:23,7850.0,1000.0,2030100.0
1308,2021-10-22 06:54:06,7860.0,100.0,2029100.0
1309,2021-10-22 06:54:06,7860.0,100.0,2029000.0
1310,2021-10-22 06:54:06,7860.0,1000.0,2028900.0
1311,2021-10-22 06:54:06,7860.0,700.0,2027900.0
1312,2021-10-22 06:54:06,7860.0,1000.0,2027200.0
1313,2021-10-22 06:54:06,7860.0,200.0,2026200.0
1314,2021-10-22 06:54:06,7860.0,3100.0,2026000.0
1315,2021-10-22 06:54:03,7880.0,200.0,2022900.0
1316,2021-10-22 06:53:49,7860.0,200.0,2022700.0
1317,2021-10-22 06:53:03,7860.0,200.0,2022500.0
1318,2021-10-22 06:52:19,7860.0,3000.0,2022300.0
1319,2021-10-22 06:52:19,7860.0,1000.0,2019300.0
1320,2021-10-22 06:52:19,7860.0,10000.0,2018300.0
1321,2021-10-22 06:52:19,7860.0,200.0,2008300.0
1322,2021-10-22 06:52:19,7860.0,63700.0,2008100.0
1323,2021-10-22 06:52:19,7860.0,1200.0,1944400.0
1324,2021-10-22 06:52:19,7870.0,1000.0,1943200.0
1325,2021-10-22 06:52:19,7870.0,1000.0,1942200.0
1326,2021-10-22 06:52:19,7870.0,1900.0,1941200.0
1327,2021-10-22 06:52:19,7870.0,4000.0,1939300.0
1328,2021-10-22 06:52:19,7870.0,1200.0,1935300.0
1329,2021-10-22 06:52:19,7870.0,100.0,1934100.0
1330,2021-10-22 06:52:19,7870.0,1000.0,1934000.0
1331,2021-10-22 06:52:19,7870.0,100.0,1933000.0
1332,2021-10-22 06:52:19,7870.0,600.0,1932900.0
1333,2021-10-22 06:52:17,7880.0,500.0,1932300.0
1334,2021-10-22 06:52:17,7880.0,200.0,1931800.0
1335,2021-10-22 06:51:48,7880.0,1000.0,1931600.0
1336,2021-10-22 06:51:45,7880.0,1000.0,1930600.0
1337,2021-10-22 06:51:44,7880.0,3000.0,1929600.0
1338,2021-10-22 06:51:39,7880.0,200.0,1926600.0
1339,2021-10-22 06:51:07,7880.0,4800.0,1926400.0
1340,2021-10-22 06:51:07,7890.0,200.0,1921600.0
1341,2021-10-22 06:49:47,7870.0,4400.0,1921400.0
1342,2021-10-22 06:49:47,7870.0,1500.0,1917000.0
1343,2021-10-22 06:49:47,7880.0,1000.0,1915500.0
1344,2021-10-22 06:49:47,7880.0,100.0,1914500.0
1345,2021-10-22 06:49:19,7880.0,900.0,1914400.0
1346,2021-10-22 06:48:13,7870.0,800.0,1913500.0
1347,2021-10-22 06:48:13,7870.0,100.0,1912700.0
1348,2021-10-22 06:48:13,7870.0,100.0,1912600.0
1349,2021-10-22 06:48:07,7880.0,100.0,1912500.0
1350,2021-10-22 06:47:36,7880.0,400.0,1912400.0
1351,2021-10-22 06:47:36,7880.0,1600.0,1912000.0
1352,2021-10-22 06:47:36,7890.0,2000.0,1910400.0
1353,2021-10-22 06:47:13,7880.0,3300.0,1908400.0
1354,2021-10-22 06:47:13,7880.0,200.0,1905100.0
1355,2021-10-22 06:47:13,7880.0,600.0,1904900.0
1356,2021-10-22 06:47:13,7890.0,100.0,1904300.0
1357,2021-10-22 06:47:13,7890.0,800.0,1904200.0
1358,2021-10-22 06:46:32,7890.0,100.0,1903400.0
1359,2021-10-22 06:46:32,7890.0,100.0,1903300.0
1360,2021-10-22 06:46:29,7890.0,500.0,1903200.0
1361,2021-10-22 06:46:08,7890.0,1700.0,1902700.0
1362,2021-10-22 06:46:08,7890.0,8300.0,1901000.0
1363,2021-10-22 06:46:04,7890.0,100.0,1892700.0
1364,2021-10-22 06:46:03,7880.0,4400.0,1892600.0
1365,2021-10-22 06:46:03,7880.0,3000.0,1888200.0
1366,2021-10-22 06:46:03,7880.0,600.0,1885200.0
1367,2021-10-22 06:46:03,7880.0,5000.0,1884600.0
1368,2021-10-22 06:46:03,7880.0,100.0,1879600.0
1369,2021-10-22 06:46:03,7880.0,200.0,1879500.0
1370,2021-10-22 06:46:03,7880.0,16700.0,1879300.0
1371,2021-10-22 06:45:50,7890.0,1200.0,1862600.0
1372,2021-10-22 06:45:43,7890.0,800.0,1861400.0
1373,2021-10-22 06:45:37,7890.0,200.0,1860600.0
1374,2021-10-22 06:45:36,7880.0,2800.0,1860400.0
1375,2021-10-22 06:45:22,7890.0,4000.0,1857600.0
1376,2021-10-22 06:45:21,7880.0,500.0,1853600.0
1377,2021-10-22 06:45:21,7880.0,500.0,1853100.0
1378,2021-10-22 06:45:14,7890.0,1000.0,1852600.0
1379,2021-10-22 06:45:02,7890.0,1000.0,1851600.0
1380,2021-10-22 06:45:01,7880.0,100.0,1850600.0
1381,2021-10-22 06:45:01,7880.0,1000.0,1850500.0
1382,2021-10-22 06:45:01,7880.0,2000.0,1849500.0
1383,2021-10-22 06:44:56,7890.0,200.0,1847500.0
1384,2021-10-22 06:44:48,7890.0,200.0,1847300.0
1385,2021-10-22 06:44:42,7900.0,1000.0,1847100.0
1386,2021-10-22 06:44:31,7890.0,1800.0,1846100.0
1387,2021-10-22 06:44:31,7890.0,200.0,1844300.0
1388,2021-10-22 06:44:31,7890.0,1000.0,1844100.0
1389,2021-10-22 06:42:50,7880.0,5900.0,1843100.0
1390,2021-10-22 06:42:50,7890.0,100.0,1837200.0
1391,2021-10-22 06:42:48,7900.0,500.0,1837100.0
1392,2021-10-22 06:41:51,7900.0,500.0,1836600.0
1393,2021-10-22 06:41:23,7900.0,3000.0,1836100.0
1394,2021-10-22 06:41:23,7900.0,6500.0,1833100.0
1395,2021-10-22 06:41:23,7900.0,200.0,1826600.0
1396,2021-10-22 06:41:23,7900.0,5000.0,1826400.0
1397,2021-10-22 06:41:23,7900.0,5000.0,1821400.0
1398,2021-10-22 06:41:23,7900.0,3000.0,1816400.0
1399,2021-10-22 06:40:26,7900.0,600.0,1813400.0
1400,2021-10-22 06:39:52,7910.0,100.0,1812800.0
1401,2021-10-22 06:39:45,7900.0,800.0,1812700.0
1402,2021-10-22 06:39:43,7900.0,1000.0,1811900.0
1403,2021-10-22 06:39:12,7900.0,100.0,1810900.0
1404,2021-10-22 06:39:12,7900.0,500.0,1810800.0
1405,2021-10-22 06:39:12,7900.0,100.0,1810300.0
1406,2021-10-22 06:39:12,7900.0,200.0,1810200.0
1407,2021-10-22 06:39:12,7900.0,1000.0,1810000.0
1408,2021-10-22 06:39:12,7900.0,100.0,1809000.0
1409,2021-10-22 06:39:12,7900.0,3000.0,1808900.0
1410,2021-10-22 06:38:31,7910.0,100.0,1805900.0
1411,2021-10-22 06:38:31,7910.0,200.0,1805800.0
1412,2021-10-22 06:38:14,7910.0,100.0,1805600.0
1413,2021-10-22 06:38:14,7910.0,900.0,1805500.0
1414,2021-10-22 06:37:53,7910.0,100.0,1804600.0
1415,2021-10-22 06:37:26,7920.0,800.0,1804500.0
1416,2021-10-22 06:37:12,7900.0,15000.0,1803700.0
1417,2021-10-22 06:37:12,7900.0,2000.0,1788700.0
1418,2021-10-22 06:37:12,7900.0,1000.0,1786700.0
1419,2021-10-22 06:37:12,7900.0,1000.0,1785700.0
1420,2021-10-22 06:37:12,7900.0,3000.0,1784700.0
1421,2021-10-22 06:37:12,7900.0,2000.0,1781700.0
1422,2021-10-22 06:37:12,7900.0,5000.0,1779700.0
1423,2021-10-22 06:37:12,7900.0,1000.0,1774700.0
1424,2021-10-22 06:37:12,7900.0,500.0,1773700.0
1425,2021-10-22 06:37:12,7900.0,500.0,1773200.0
1426,2021-10-22 06:37:12,7900.0,100.0,1772700.0
1427,2021-10-22 06:37:12,7900.0,5000.0,1772600.0
1428,2021-10-22 06:37:12,7900.0,5900.0,1767600.0
1429,2021-10-22 06:37:12,7900.0,3000.0,1761700.0
1430,2021-10-22 06:37:12,7900.0,600.0,1758700.0
1431,2021-10-22 06:37:12,7900.0,100.0,1758100.0
1432,2021-10-22 06:37:12,7900.0,100.0,1758000.0
1433,2021-10-22 06:37:12,7900.0,5000.0,1757900.0
1434,2021-10-22 06:37:12,7900.0,1500.0,1752900.0
1435,2021-10-22 06:37:12,7900.0,700.0,1751400.0
1436,2021-10-22 06:37:12,7910.0,10000.0,1750700.0
1437,2021-10-22 06:37:12,7910.0,500.0,1740700.0
1438,2021-10-22 06:37:12,7910.0,900.0,1740200.0
1439,2021-10-22 06:36:53,7920.0,500.0,1739300.0
1440,2021-10-22 06:36:41,7910.0,300.0,1738800.0
1441,2021-10-22 06:36:41,7910.0,5000.0,1738500.0
1442,2021-10-22 06:36:41,7910.0,20000.0,1733500.0
1443,2021-10-22 06:36:41,7910.0,500.0,1713500.0
1444,2021-10-22 06:36:41,7910.0,100.0,1713000.0
1445,2021-10-22 06:36:41,7910.0,12100.0,1712900.0
1446,2021-10-22 06:36:33,7920.0,300.0,1700800.0
1447,2021-10-22 06:35:41,7920.0,500.0,1700500.0
1448,2021-10-22 06:33:58,7920.0,1000.0,1700000.0
1449,2021-10-22 06:33:53,7920.0,100.0,1699000.0
1450,2021-10-22 06:33:23,7920.0,100.0,1698900.0
1451,2021-10-22 06:33:23,7920.0,100.0,1698800.0
1452,2021-10-22 06:32:40,7920.0,3000.0,1698700.0
1453,2021-10-22 06:32:34,7920.0,500.0,1695700.0
1454,2021-10-22 06:32:25,7920.0,500.0,1695200.0
1455,2021-10-22 06:32:04,7920.0,1500.0,1694700.0
1456,2021-10-22 06:31:44,7920.0,20000.0,1693200.0
1457,2021-10-22 06:31:25,7910.0,7100.0,1673200.0
1458,2021-10-22 06:31:08,7910.0,700.0,1666100.0
1459,2021-10-22 06:30:37,7910.0,100.0,1665400.0
1460,2021-10-22 06:30:37,7910.0,200.0,1665300.0
1461,2021-10-22 06:29:55,7920.0,500.0,1665100.0
1462,2021-10-22 06:28:18,7920.0,1000.0,1664600.0
1463,2021-10-22 06:28:08,7920.0,300.0,1663600.0
1464,2021-10-22 06:27:57,7920.0,100.0,1663300.0
1465,2021-10-22 06:27:56,7920.0,4000.0,1663200.0
1466,2021-10-22 06:27:44,7920.0,200.0,1659200.0
1467,2021-10-22 06:27:11,7920.0,200.0,1659000.0
1468,2021-10-22 06:27:03,7920.0,300.0,1658800.0
1469,2021-10-22 06:27:00,7920.0,19700.0,1658500.0
1470,2021-10-22 06:26:27,7920.0,100.0,1638800.0
1471,2021-10-22 06:26:22,7920.0,5000.0,1638700.0
1472,2021-10-22 06:26:07,7910.0,1800.0,1633700.0
1473,2021-10-22 06:26:07,7910.0,1000.0,1631900.0
1474,2021-10-22 06:26:07,7910.0,1000.0,1630900.0
1475,2021-10-22 06:26:07,7910.0,1700.0,1629900.0
1476,2021-10-22 06:26:07,7910.0,300.0,1628200.0
1477,2021-10-22 06:26:07,7910.0,500.0,1627900.0
1478,2021-10-22 06:26:07,7910.0,800.0,1627400.0
1479,2021-10-22 06:26:07,7910.0,1000.0,1626600.0
1480,2021-10-22 06:26:06,7920.0,4500.0,1625600.0
1481,2021-10-22 06:25:34,7910.0,1000.0,1621100.0
1482,2021-10-22 06:25:17,7920.0,5700.0,1620100.0
1483,2021-10-22 06:21:47,7920.0,300.0,1614400.0
1484,2021-10-22 06:21:47,7920.0,700.0,1614100.0
1485,2021-10-22 06:20:38,7910.0,500.0,1613400.0
1486,2021-10-22 06:20:27,7910.0,200.0,1612900.0
1487,2021-10-22 06:20:19,7910.0,2500.0,1612700.0
1488,2021-10-22 06:20:19,7910.0,2100.0,1610200.0
1489,2021-10-22 06:20:19,7920.0,2000.0,1608100.0
1490,2021-10-22 06:20:19,7930.0,2000.0,1606100.0
1491,2021-10-22 06:20:19,7950.0,1400.0,1604100.0
1492,2021-10-22 06:20:04,7950.0,800.0,1602700.0
1493,2021-10-22 06:19:41,7950.0,300.0,1601900.0
1494,2021-10-22 06:19:40,7950.0,200.0,1601600.0
1495,2021-10-22 06:19:23,7950.0,1000.0,1601400.0
1496,2021-10-22 06:19:23,7950.0,100.0,1600400.0
1497,2021-10-22 06:19:23,7950.0,2200.0,1600300.0
1498,2021-10-22 06:19:08,7950.0,2000.0,1598100.0
1499,2021-10-22 06:17:05,7910.0,300.0,1596100.0
1500,2021-10-22 06:15:32,7950.0,300.0,1595800.0
1501,2021-10-22 06:15:31,7950.0,500.0,1595500.0
1502,2021-10-22 06:15:31,7950.0,300.0,1595000.0
1503,2021-10-22 06:12:24,7950.0,300.0,1594700.0
1504,2021-10-22 06:12:24,7950.0,9200.0,1594400.0
1505,2021-10-22 06:12:24,7930.0,200.0,1585200.0
1506,2021-10-22 06:10:38,7900.0,1300.0,1585000.0
1507,2021-10-22 06:10:38,7900.0,100.0,1583700.0
1508,2021-10-22 06:10:38,7900.0,6000.0,1583600.0
1509,2021-10-22 06:10:38,7900.0,1000.0,1577600.0
1510,2021-10-22 06:10:38,7900.0,200.0,1576600.0
1511,2021-10-22 06:10:38,7900.0,4000.0,1576400.0
1512,2021-10-22 06:10:38,7900.0,100.0,1572400.0
1513,2021-10-22 06:10:38,7900.0,300.0,1572300.0
1514,2021-10-22 06:09:45,7900.0,700.0,1572000.0
1515,2021-10-22 06:09:45,7900.0,300.0,1571300.0
1516,2021-10-22 06:07:04,7900.0,200.0,1571000.0
1517,2021-10-22 06:06:59,7900.0,300.0,1570800.0
1518,2021-10-22 06:06:24,7900.0,100.0,1570500.0
1519,2021-10-22 06:06:15,7900.0,300.0,1570400.0
1520,2021-10-22 06:05:52,7900.0,500.0,1570100.0
1521,2021-10-22 06:05:32,7900.0,100.0,1569600.0
1522,2021-10-22 06:05:12,7900.0,5000.0,1569500.0
1523,2021-10-22 06:05:12,7900.0,800.0,1564500.0
1524,2021-10-22 06:05:12,7900.0,3000.0,1563700.0
1525,2021-10-22 06:05:12,7910.0,200.0,1560700.0
1526,2021-10-22 06:05:12,7910.0,2000.0,1560500.0
1527,2021-10-22 06:05:12,7910.0,200.0,1558500.0
1528,2021-10-22 06:05:12,7910.0,300.0,1558300.0
1529,2021-10-22 06:05:10,7930.0,200.0,1558000.0
1530,2021-10-22 06:04:46,7930.0,1000.0,1557800.0
1531,2021-10-22 06:04:46,7930.0,1200.0,1556800.0
1532,2021-10-22 06:04:01,7930.0,800.0,1555600.0
1533,2021-10-22 06:04:01,7930.0,500.0,1554800.0
1534,2021-10-22 06:04:01,7930.0,100.0,1554300.0
1535,2021-10-22 06:04:01,7930.0,200.0,1554200.0
1536,2021-10-22 06:04:01,7930.0,300.0,1554000.0
1537,2021-10-22 06:04:01,7930.0,100.0,1553700.0
1538,2021-10-22 06:04:01,7930.0,2000.0,1553600.0
1539,2021-10-22 06:04:00,7950.0,100.0,1551600.0
1540,2021-10-22 06:00:28,7930.0,100.0,1551500.0
1541,2021-10-22 06:00:05,7930.0,200.0,1551400.0
1542,2021-10-22 06:00:04,7930.0,2000.0,1551200.0
1543,2021-10-22 06:00:01,7930.0,700.0,1549200.0
1544,2021-10-22 04:29:53,7930.0,3000.0,1548500.0
1545,2021-10-22 04:29:03,7940.0,300.0,1545500.0
1546,2021-10-22 04:29:03,7940.0,500.0,1545200.0
1547,2021-10-22 04:29:03,7940.0,500.0,1544700.0
1548,2021-10-22 04:28:55,7940.0,1300.0,1544200.0
1549,2021-10-22 04:28:55,7940.0,700.0,1542900.0
1550,2021-10-22 04:28:43,7950.0,700.0,1542200.0
1551,2021-10-22 04:28:43,7950.0,400.0,1541500.0
1552,2021-10-22 04:28:43,7950.0,600.0,1541100.0
1553,2021-10-22 04:26:26,7940.0,1300.0,1540500.0
1554,2021-10-22 04:26:00,7940.0,1500.0,1539200.0
1555,2021-10-22 04:25:34,7940.0,1000.0,1537700.0
1556,2021-10-22 04:24:33,7940.0,1200.0,1536700.0
1557,2021-10-22 04:23:43,7850.0,200.0,1535500.0
1558,2021-10-22 04:23:40,7850.0,1000.0,1535300.0
1559,2021-10-22 04:23:25,7850.0,3000.0,1534300.0
1560,2021-10-22 04:23:13,7850.0,3000.0,1531300.0
1561,2021-10-22 04:22:44,7800.0,11900.0,1528300.0
1562,2021-10-22 04:22:44,7800.0,100.0,1516400.0
1563,2021-10-22 04:22:44,7800.0,500.0,1516300.0
1564,2021-10-22 04:22:44,7800.0,1000.0,1515800.0
1565,2021-10-22 04:22:44,7800.0,1000.0,1514800.0
1566,2021-10-22 04:22:44,7800.0,5000.0,1513800.0
1567,2021-10-22 04:22:44,7800.0,800.0,1508800.0
1568,2021-10-22 04:22:44,7800.0,100.0,1508000.0
1569,2021-10-22 04:22:44,7800.0,100.0,1507900.0
1570,2021-10-22 04:22:44,7800.0,500.0,1507800.0
1571,2021-10-22 04:22:44,7800.0,1000.0,1507300.0
1572,2021-10-22 04:22:44,7800.0,5000.0,1506300.0
1573,2021-10-22 04:22:44,7800.0,100.0,1501300.0
1574,2021-10-22 04:22:44,7800.0,5000.0,1501200.0
1575,2021-10-22 04:22:44,7800.0,200.0,1496200.0
1576,2021-10-22 04:22:44,7800.0,100.0,1496000.0
1577,2021-10-22 04:22:44,7800.0,300.0,1495900.0
1578,2021-10-22 04:22:44,7800.0,500.0,1495600.0
1579,2021-10-22 04:22:44,7800.0,2000.0,1495100.0
1580,2021-10-22 04:22:44,7800.0,1000.0,1493100.0
1581,2021-10-22 04:22:44,7800.0,500.0,1492100.0
1582,2021-10-22 04:22:44,7800.0,200.0,1491600.0
1583,2021-10-22 04:22:44,7800.0,5000.0,1491400.0
1584,2021-10-22 04:22:44,7800.0,3000.0,1486400.0
1585,2021-10-22 04:22:44,7800.0,800.0,1483400.0
1586,2021-10-22 04:22:44,7800.0,300.0,1482600.0
1587,2021-10-22 04:22:44,7800.0,100.0,1482300.0
1588,2021-10-22 04:22:44,7810.0,5500.0,1482200.0
1589,2021-10-22 04:22:44,7810.0,100.0,1476700.0
1590,2021-10-22 04:22:44,7810.0,3000.0,1476600.0
1591,2021-10-22 04:22:44,7810.0,2700.0,1473600.0
1592,2021-10-22 04:22:44,7810.0,1200.0,1470900.0
1593,2021-10-22 04:22:44,7810.0,100.0,1469700.0
1594,2021-10-22 04:22:44,7810.0,100.0,1469600.0
1595,2021-10-22 04:22:44,7810.0,4000.0,1469500.0
1596,2021-10-22 04:22:44,7810.0,100.0,1465500.0
1597,2021-10-22 04:22:44,7810.0,100.0,1465400.0
1598,2021-10-22 04:22:44,7810.0,1000.0,1465300.0
1599,2021-10-22 04:22:44,7810.0,13000.0,1464300.0
1600,2021-10-22 04:22:44,7810.0,13100.0,1451300.0
1601,2021-10-22 04:22:44,7820.0,200.0,1438200.0
1602,2021-10-22 04:22:44,7820.0,200.0,1438000.0
1603,2021-10-22 04:22:44,7820.0,300.0,1437800.0
1604,2021-10-22 04:22:44,7820.0,100.0,1437500.0
1605,2021-10-22 04:22:44,7820.0,200.0,1437400.0
1606,2021-10-22 04:22:44,7820.0,500.0,1437200.0
1607,2021-10-22 04:22:44,7820.0,3000.0,1436700.0
1608,2021-10-22 04:22:44,7820.0,2000.0,1433700.0
1609,2021-10-22 04:22:44,7820.0,300.0,1431700.0
1610,2021-10-22 04:22:44,7830.0,1000.0,1431400.0
1611,2021-10-22 04:22:44,7840.0,1000.0,1430400.0
1612,2021-10-22 04:22:44,7850.0,100.0,1429400.0
1613,2021-10-22 04:22:44,7850.0,1000.0,1429300.0
1614,2021-10-22 04:21:10,7820.0,700.0,1428300.0
1615,2021-10-22 04:21:10,7820.0,100.0,1427600.0
1616,2021-10-22 04:21:10,7820.0,300.0,1427500.0
1617,2021-10-22 04:21:10,7820.0,1500.0,1427200.0
1618,2021-10-22 04:21:10,7820.0,200.0,1425700.0
1619,2021-10-22 04:21:10,7820.0,1000.0,1425500.0
1620,2021-10-22 04:21:10,7830.0,100.0,1424500.0
1621,2021-10-22 04:21:10,7830.0,100.0,1424400.0
1622,2021-10-22 04:21:10,7830.0,500.0,1424300.0
1623,2021-10-22 04:21:10,7830.0,2000.0,1423800.0
1624,2021-10-22 04:21:10,7840.0,200.0,1421800.0
1625,2021-10-22 04:21:10,7850.0,100.0,1421600.0
1626,2021-10-22 04:21:10,7850.0,2000.0,1421500.0
1627,2021-10-22 04:21:10,7850.0,200.0,1419500.0
1628,2021-10-22 04:21:10,7860.0,1000.0,1419300.0
1629,2021-10-22 04:20:46,7850.0,400.0,1418300.0
1630,2021-10-22 04:20:40,7850.0,1000.0,1417900.0
1631,2021-10-22 04:20:37,7850.0,300.0,1416900.0
1632,2021-10-22 04:20:24,7850.0,900.0,1416600.0
1633,2021-10-22 04:20:24,7850.0,1000.0,1415700.0
1634,2021-10-22 04:20:24,7850.0,100.0,1414700.0
1635,2021-10-22 04:20:24,7900.0,500.0,1414600.0
1636,2021-10-22 04:20:24,7900.0,100.0,1414100.0
1637,2021-10-22 04:20:24,7900.0,100.0,1414000.0
1638,2021-10-22 04:20:24,7900.0,100.0,1413900.0
1639,2021-10-22 04:20:24,7900.0,500.0,1413800.0
1640,2021-10-22 04:20:24,7910.0,1000.0,1413300.0
1641,2021-10-22 04:19:23,7900.0,800.0,1412300.0
1642,2021-10-22 04:19:23,7900.0,300.0,1411500.0
1643,2021-10-22 04:19:23,7900.0,300.0,1411200.0
1644,2021-10-22 04:19:23,7900.0,100.0,1410900.0
1645,2021-10-22 04:19:23,7900.0,100.0,1410800.0
1646,2021-10-22 04:19:23,7900.0,100.0,1410700.0
1647,2021-10-22 04:18:23,7900.0,3000.0,1410600.0
1648,2021-10-22 04:18:23,7900.0,100.0,1407600.0
1649,2021-10-22 04:18:23,7900.0,300.0,1407500.0
1650,2021-10-22 04:18:23,7910.0,600.0,1407200.0
1651,2021-10-22 04:18:10,7950.0,500.0,1406600.0
1652,2021-10-22 04:18:01,7950.0,800.0,1406100.0
1653,2021-10-22 04:17:31,7910.0,400.0,1405300.0
1654,2021-10-22 04:17:31,7920.0,5000.0,1404900.0
1655,2021-10-22 04:17:31,7920.0,3000.0,1399900.0
1656,2021-10-22 04:17:31,7930.0,500.0,1396900.0
1657,2021-10-22 04:17:31,7930.0,4000.0,1396400.0
1658,2021-10-22 04:17:31,7930.0,500.0,1392400.0
1659,2021-10-22 04:17:31,7940.0,5000.0,1391900.0
1660,2021-10-22 04:17:31,7940.0,1600.0,1386900.0
1661,2021-10-22 04:17:17,7940.0,400.0,1385300.0
1662,2021-10-22 04:17:07,7930.0,2500.0,1384900.0
1663,2021-10-22 04:17:02,7940.0,500.0,1382400.0
1664,2021-10-22 04:17:02,7940.0,100.0,1381900.0
1665,2021-10-22 04:16:43,7940.0,4700.0,1381800.0
1666,2021-10-22 04:16:08,7940.0,100.0,1377100.0
1667,2021-10-22 04:14:56,7940.0,200.0,1377000.0
1668,2021-10-22 04:14:55,7950.0,100.0,1376800.0
1669,2021-10-22 04:14:51,7950.0,100.0,1376700.0
1670,2021-10-22 04:14:43,7950.0,100.0,1376600.0
1671,2021-10-22 04:14:23,7950.0,100.0,1376500.0
1672,2021-10-22 04:13:51,7950.0,400.0,1376400.0
1673,2021-10-22 04:13:27,7950.0,100.0,1376000.0
1674,2021-10-22 04:13:11,7950.0,100.0,1375900.0
1675,2021-10-22 04:12:45,7940.0,400.0,1375800.0
1676,2021-10-22 04:12:45,7940.0,400.0,1375400.0
1677,2021-10-22 04:12:33,7930.0,300.0,1375000.0
1678,2021-10-22 04:11:02,7920.0,2100.0,1374700.0
1679,2021-10-22 04:10:17,7940.0,100.0,1372600.0
1680,2021-10-22 04:09:53,7900.0,700.0,1372500.0
1681,2021-10-22 04:09:53,7900.0,100.0,1371800.0
1682,2021-10-22 04:09:53,7900.0,400.0,1371700.0
1683,2021-10-22 04:09:43,7900.0,4600.0,1371300.0
1684,2021-10-22 04:09:43,7900.0,400.0,1366700.0
1685,2021-10-22 04:07:06,7900.0,100.0,1366300.0
1686,2021-10-22 04:06:57,7840.0,2900.0,1366200.0
1687,2021-10-22 04:06:57,7840.0,2000.0,1363300.0
1688,2021-10-22 04:06:57,7840.0,2000.0,1361300.0
1689,2021-10-22 04:06:57,7850.0,2200.0,1359300.0
1690,2021-10-22 04:06:57,7870.0,4000.0,1357100.0
1691,2021-10-22 04:06:57,7870.0,900.0,1353100.0
1692,2021-10-22 04:06:41,7900.0,100.0,1352200.0
1693,2021-10-22 04:06:19,7900.0,600.0,1352100.0
1694,2021-10-22 04:05:03,7900.0,200.0,1351500.0
1695,2021-10-22 04:04:53,7830.0,400.0,1351300.0
1696,2021-10-22 04:04:53,7830.0,1000.0,1350900.0
1697,2021-10-22 04:04:53,7840.0,1000.0,1349900.0
1698,2021-10-22 04:04:53,7860.0,600.0,1348900.0
1699,2021-10-22 04:04:50,7900.0,1000.0,1348300.0
1700,2021-10-22 04:04:24,7810.0,6900.0,1347300.0
1701,2021-10-22 04:04:24,7810.0,100.0,1340400.0
1702,2021-10-22 04:04:24,7810.0,2000.0,1340300.0
1703,2021-10-22 04:04:24,7820.0,300.0,1338300.0
1704,2021-10-22 04:04:24,7820.0,100.0,1338000.0
1705,2021-10-22 04:04:24,7820.0,200.0,1337900.0
1706,2021-10-22 04:04:24,7820.0,1500.0,1337700.0
1707,2021-10-22 04:04:24,7820.0,3700.0,1336200.0
1708,2021-10-22 04:04:24,7840.0,200.0,1332500.0
1709,2021-10-22 04:04:24,7850.0,5000.0,1332300.0
1710,2021-10-22 04:03:58,7820.0,1300.0,1327300.0
1711,2021-10-22 04:03:58,7820.0,5000.0,1326000.0
1712,2021-10-22 04:03:58,7820.0,500.0,1321000.0
1713,2021-10-22 04:03:58,7820.0,500.0,1320500.0
1714,2021-10-22 04:03:58,7820.0,1500.0,1320000.0
1715,2021-10-22 04:03:58,7830.0,300.0,1318500.0
1716,2021-10-22 04:03:58,7830.0,100.0,1318200.0
1717,2021-10-22 04:03:58,7830.0,1000.0,1318100.0
1718,2021-10-22 04:03:58,7830.0,100.0,1317100.0
1719,2021-10-22 04:03:58,7830.0,100.0,1317000.0
1720,2021-10-22 04:03:58,7830.0,1000.0,1316900.0
1721,2021-10-22 04:03:58,7840.0,2400.0,1315900.0
1722,2021-10-22 04:03:58,7840.0,200.0,1313500.0
1723,2021-10-22 04:03:58,7840.0,300.0,1313300.0
1724,2021-10-22 04:03:58,7840.0,1000.0,1313000.0
1725,2021-10-22 04:03:58,7840.0,700.0,1312000.0
1726,2021-10-22 04:03:58,7840.0,600.0,1311300.0
1727,2021-10-22 04:03:58,7850.0,1300.0,1310700.0
1728,2021-10-22 04:03:58,7850.0,500.0,1309400.0
1729,2021-10-22 04:03:58,7850.0,1600.0,1308900.0
1730,2021-10-22 04:03:40,7850.0,1400.0,1307300.0
1731,2021-10-22 04:03:26,7840.0,200.0,1305900.0
1732,2021-10-22 04:03:17,7850.0,100.0,1305700.0
1733,2021-10-22 04:03:17,7850.0,9800.0,1305600.0
1734,2021-10-22 04:03:17,7850.0,200.0,1295800.0
1735,2021-10-22 04:03:07,7850.0,100.0,1295600.0
1736,2021-10-22 04:02:54,7850.0,100.0,1295500.0
1737,2021-10-22 04:02:41,7840.0,2200.0,1295400.0
1738,2021-10-22 04:02:41,7840.0,1000.0,1293200.0
1739,2021-10-22 04:02:41,7840.0,200.0,1292200.0
1740,2021-10-22 04:02:41,7840.0,2200.0,1292000.0
1741,2021-10-22 04:02:41,7850.0,100.0,1289800.0
1742,2021-10-22 04:02:41,7850.0,300.0,1289700.0
1743,2021-10-22 04:02:00,7850.0,200.0,1289400.0
1744,2021-10-22 04:01:30,7840.0,2800.0,1289200.0
1745,2021-10-22 04:01:30,7840.0,100.0,1286400.0
1746,2021-10-22 04:01:30,7840.0,4000.0,1286300.0
1747,2021-10-22 04:01:30,7840.0,2000.0,1282300.0
1748,2021-10-22 04:01:30,7840.0,2000.0,1280300.0
1749,2021-10-22 04:01:30,7840.0,500.0,1278300.0
1750,2021-10-22 04:01:30,7840.0,1000.0,1277800.0
1751,2021-10-22 04:01:30,7840.0,1300.0,1276800.0
1752,2021-10-22 04:01:30,7850.0,5000.0,1275500.0
1753,2021-10-22 04:01:30,7850.0,200.0,1270500.0
1754,2021-10-22 04:01:30,7850.0,200.0,1270300.0
1755,2021-10-22 04:01:30,7850.0,900.0,1270100.0
1756,2021-10-22 04:01:01,7850.0,1100.0,1269200.0
1757,2021-10-22 04:01:01,7850.0,500.0,1268100.0
1758,2021-10-22 04:01:01,7850.0,1100.0,1267600.0
1759,2021-10-22 04:01:01,7850.0,300.0,1266500.0
1760,2021-10-22 04:01:01,7850.0,4000.0,1266200.0
1761,2021-10-22 04:01:01,7850.0,100.0,1262200.0
1762,2021-10-22 04:01:01,7850.0,500.0,1262100.0
1763,2021-10-22 04:01:01,7850.0,500.0,1261600.0
1764,2021-10-22 04:01:01,7850.0,1000.0,1261100.0
1765,2021-10-22 04:01:01,7850.0,1000.0,1260100.0
1766,2021-10-22 04:01:01,7850.0,500.0,1259100.0
1767,2021-10-22 04:01:01,7850.0,200.0,1258600.0
1768,2021-10-22 04:01:01,7860.0,600.0,1258400.0
1769,2021-10-22 04:01:01,7860.0,100.0,1257800.0
1770,2021-10-22 04:01:01,7860.0,1000.0,1257700.0
1771,2021-10-22 04:01:01,7860.0,400.0,1256700.0
1772,2021-10-22 04:01:01,7860.0,100.0,1256300.0
1773,2021-10-22 04:01:01,7860.0,1000.0,1256200.0
1774,2021-10-22 04:01:01,7860.0,2000.0,1255200.0
1775,2021-10-22 04:01:01,7860.0,100.0,1253200.0
1776,2021-10-22 04:01:01,7860.0,100.0,1253100.0
1777,2021-10-22 04:01:01,7860.0,2100.0,1253000.0
1778,2021-10-22 04:01:01,7860.0,1700.0,1250900.0
1779,2021-10-22 04:00:18,7860.0,200.0,1249200.0
1780,2021-10-22 04:00:18,7860.0,100.0,1249000.0
1781,2021-10-22 04:00:18,7860.0,100.0,1248900.0
1782,2021-10-22 03:59:11,7860.0,100.0,1248800.0
1783,2021-10-22 03:58:35,7860.0,900.0,1248700.0
1784,2021-10-22 03:58:35,7860.0,2000.0,1247800.0
1785,2021-10-22 03:58:35,7860.0,2100.0,1245800.0
1786,2021-10-22 03:57:12,7850.0,900.0,1243700.0
1787,2021-10-22 03:57:07,7840.0,700.0,1242800.0
1788,2021-10-22 03:57:07,7840.0,1300.0,1242100.0
1789,2021-10-22 03:57:06,7850.0,2000.0,1240800.0
1790,2021-10-22 03:56:49,7850.0,100.0,1238800.0
1791,2021-10-22 03:56:40,7850.0,2000.0,1238700.0
1792,2021-10-22 03:56:38,7840.0,700.0,1236700.0
1793,2021-10-22 03:56:38,7840.0,300.0,1236000.0
1794,2021-10-22 03:56:35,7850.0,200.0,1235700.0
1795,2021-10-22 03:56:34,7850.0,100.0,1235500.0
1796,2021-10-22 03:56:29,7850.0,1000.0,1235400.0
1797,2021-10-22 03:56:14,7850.0,2000.0,1234400.0
1798,2021-10-22 03:56:13,7850.0,300.0,1232400.0
1799,2021-10-22 03:56:06,7850.0,100.0,1232100.0
1800,2021-10-22 03:56:06,7850.0,500.0,1232000.0
1801,2021-10-22 03:56:06,7850.0,500.0,1231500.0
1802,2021-10-22 03:56:06,7850.0,500.0,1231000.0
1803,2021-10-22 03:56:06,7850.0,6000.0,1230500.0
1804,2021-10-22 03:56:06,7850.0,200.0,1224500.0
1805,2021-10-22 03:56:06,7850.0,3000.0,1224300.0
1806,2021-10-22 03:56:06,7850.0,300.0,1221300.0
1807,2021-10-22 03:56:06,7850.0,1000.0,1221000.0
1808,2021-10-22 03:56:06,7850.0,10000.0,1220000.0
1809,2021-10-22 03:56:06,7860.0,15000.0,1210000.0
1810,2021-10-22 03:56:06,7860.0,500.0,1195000.0
1811,2021-10-22 03:56:06,7860.0,1000.0,1194500.0
1812,2021-10-22 03:56:06,7860.0,100.0,1193500.0
1813,2021-10-22 03:56:06,7860.0,400.0,1193400.0
1814,2021-10-22 03:56:06,7860.0,100.0,1193000.0
1815,2021-10-22 03:56:06,7870.0,100.0,1192900.0
1816,2021-10-22 03:56:06,7870.0,200.0,1192800.0
1817,2021-10-22 03:56:06,7900.0,1000.0,1192600.0
1818,2021-10-22 03:56:06,7900.0,200.0,1191600.0
1819,2021-10-22 03:56:06,7900.0,700.0,1191400.0
1820,2021-10-22 03:55:31,7900.0,4300.0,1190700.0
1821,2021-10-22 03:55:31,7900.0,3000.0,1186400.0
1822,2021-10-22 03:55:31,7900.0,1000.0,1183400.0
1823,2021-10-22 03:55:31,7900.0,2000.0,1182400.0
1824,2021-10-22 03:55:31,7900.0,300.0,1180400.0
1825,2021-10-22 03:55:31,7900.0,700.0,1180100.0
1826,2021-10-22 03:55:31,7900.0,2000.0,1179400.0
1827,2021-10-22 03:55:31,7900.0,1300.0,1177400.0
1828,2021-10-22 03:55:31,7900.0,2200.0,1176100.0
1829,2021-10-22 03:55:31,7910.0,2000.0,1173900.0
1830,2021-10-22 03:55:31,7910.0,200.0,1171900.0
1831,2021-10-22 03:55:31,7910.0,2000.0,1171700.0
1832,2021-10-22 03:55:31,7920.0,2000.0,1169700.0
1833,2021-10-22 03:55:31,7920.0,1000.0,1167700.0
1834,2021-10-22 03:54:39,7950.0,3000.0,1166700.0
1835,2021-10-22 03:54:23,7950.0,100.0,1163700.0
1836,2021-10-22 03:54:15,7950.0,3000.0,1163600.0
1837,2021-10-22 03:54:15,7950.0,2600.0,1160600.0
1838,2021-10-22 03:54:15,7950.0,200.0,1158000.0
1839,2021-10-22 03:54:04,7950.0,800.0,1157800.0
1840,2021-10-22 03:54:04,7950.0,2000.0,1157000.0
1841,2021-10-22 03:54:04,7950.0,100.0,1155000.0
1842,2021-10-22 03:54:04,7950.0,100.0,1154900.0
1843,2021-10-22 03:53:30,7950.0,400.0,1154800.0
1844,2021-10-22 03:53:30,7950.0,600.0,1154400.0
1845,2021-10-22 03:53:10,7950.0,400.0,1153800.0
1846,2021-10-22 03:52:51,7980.0,100.0,1153400.0
1847,2021-10-22 03:52:20,7980.0,100.0,1153300.0
1848,2021-10-22 03:50:56,7990.0,300.0,1153200.0
1849,2021-10-22 03:50:34,8000.0,2800.0,1152900.0
1850,2021-10-22 03:50:34,8000.0,100.0,1150100.0
1851,2021-10-22 03:50:34,8000.0,300.0,1150000.0
1852,2021-10-22 03:50:34,8000.0,1800.0,1149700.0
1853,2021-10-22 03:50:23,7990.0,100.0,1147900.0
1854,2021-10-22 03:50:08,7990.0,13000.0,1147800.0
1855,2021-10-22 03:49:11,7990.0,1000.0,1134800.0
1856,2021-10-22 03:47:59,7900.0,7400.0,1133800.0
1857,2021-10-22 03:47:59,7910.0,2000.0,1126400.0
1858,2021-10-22 03:47:59,7910.0,100.0,1124400.0
1859,2021-10-22 03:47:59,7910.0,100.0,1124300.0
1860,2021-10-22 03:47:59,7910.0,400.0,1124200.0
1861,2021-10-22 03:46:32,7910.0,5400.0,1123800.0
1862,2021-10-22 03:46:22,7900.0,400.0,1118400.0
1863,2021-10-22 03:46:22,7900.0,1000.0,1118000.0
1864,2021-10-22 03:46:22,7900.0,200.0,1117000.0
1865,2021-10-22 03:46:22,7920.0,1000.0,1116800.0
1866,2021-10-22 03:46:22,7930.0,1100.0,1115800.0
1867,2021-10-22 03:46:22,7930.0,1000.0,1114700.0
1868,2021-10-22 03:46:10,7940.0,500.0,1113700.0
1869,2021-10-22 03:46:10,7940.0,2600.0,1113200.0
1870,2021-10-22 03:46:10,7940.0,400.0,1110600.0
1871,2021-10-22 03:45:43,7990.0,1100.0,1110200.0
1872,2021-10-22 03:45:43,7990.0,1000.0,1109100.0
1873,2021-10-22 03:45:19,8000.0,500.0,1108100.0
1874,2021-10-22 03:44:58,8000.0,500.0,1107600.0
1875,2021-10-22 03:44:51,7990.0,3600.0,1107100.0
1876,2021-10-22 03:44:42,8000.0,6700.0,1103500.0
1877,2021-10-22 03:44:39,8000.0,500.0,1096800.0
1878,2021-10-22 03:44:39,8000.0,100.0,1096300.0
1879,2021-10-22 03:44:39,8000.0,400.0,1096200.0
1880,2021-10-22 03:44:39,8000.0,1300.0,1095800.0
1881,2021-10-22 03:44:39,8000.0,1000.0,1094500.0
1882,2021-10-22 03:44:39,8000.0,200.0,1093500.0
1883,2021-10-22 03:44:39,8000.0,500.0,1093300.0
1884,2021-10-22 03:44:39,8000.0,6000.0,1092800.0
1885,2021-10-22 03:44:35,8000.0,500.0,1086800.0
1886,2021-10-22 03:44:28,8000.0,2000.0,1086300.0
1887,2021-10-22 03:44:23,8000.0,300.0,1084300.0
1888,2021-10-22 03:44:16,7990.0,5300.0,1084000.0
1889,2021-10-22 03:44:01,7990.0,100.0,1078700.0
1890,2021-10-22 03:42:23,8000.0,1200.0,1078600.0
1891,2021-10-22 03:42:23,8000.0,6000.0,1077400.0
1892,2021-10-22 03:42:23,7990.0,2800.0,1071400.0
1893,2021-10-22 03:42:12,7990.0,2200.0,1068600.0
1894,2021-10-22 03:42:12,7950.0,7800.0,1066400.0
1895,2021-10-22 03:42:04,7950.0,2000.0,1058600.0
1896,2021-10-22 03:42:01,7950.0,200.0,1056600.0
1897,2021-10-22 03:42:01,7950.0,100.0,1056400.0
1898,2021-10-22 03:42:01,7950.0,1700.0,1056300.0
1899,2021-10-22 03:41:51,7910.0,600.0,1054600.0
1900,2021-10-22 03:41:50,7900.0,500.0,1054000.0
1901,2021-10-22 03:41:50,7900.0,2000.0,1053500.0
1902,2021-10-22 03:41:50,7900.0,3000.0,1051500.0
1903,2021-10-22 03:41:50,7900.0,1500.0,1048500.0
1904,2021-10-22 03:41:50,7900.0,3000.0,1047000.0
1905,2021-10-22 03:41:46,7910.0,1000.0,1044000.0
1906,2021-10-22 03:41:40,7910.0,2000.0,1043000.0
1907,2021-10-22 03:41:39,7910.0,1000.0,1041000.0
1908,2021-10-22 03:41:22,7920.0,400.0,1040000.0
1909,2021-10-22 03:41:18,7920.0,200.0,1039600.0
1910,2021-10-22 03:41:18,7920.0,400.0,1039400.0
1911,2021-10-22 03:40:33,7900.0,7000.0,1039000.0
1912,2021-10-22 03:40:00,7900.0,3000.0,1032000.0
1913,2021-10-22 03:39:00,7850.0,100.0,1029000.0
1914,2021-10-22 03:39:00,7850.0,10000.0,1028900.0
1915,2021-10-22 03:39:00,7850.0,200.0,1018900.0
1916,2021-10-22 03:39:00,7860.0,2000.0,1018700.0
1917,2021-10-22 03:39:00,7860.0,100.0,1016700.0
1918,2021-10-22 03:39:00,7860.0,7600.0,1016600.0
1919,2021-10-22 03:38:55,7870.0,5000.0,1009000.0
1920,2021-10-22 03:38:35,7860.0,700.0,1004000.0
1921,2021-10-22 03:38:35,7860.0,1700.0,1003300.0
1922,2021-10-22 03:38:34,7860.0,500.0,1001600.0
1923,2021-10-22 03:38:30,7850.0,100.0,1001100.0
1924,2021-10-22 03:38:30,7860.0,1000.0,1001000.0
1925,2021-10-22 03:38:20,7860.0,10000.0,1000000.0
1926,2021-10-22 03:38:16,7860.0,1000.0,990000.0
1927,2021-10-22 03:38:12,7860.0,200.0,989000.0
1928,2021-10-22 03:38:08,7860.0,10000.0,988800.0
1929,2021-10-22 03:38:08,7860.0,4400.0,978800.0
1930,2021-10-22 03:37:56,7860.0,100.0,974400.0
1931,2021-10-22 03:37:49,7850.0,100.0,974300.0
1932,2021-10-22 03:37:41,7850.0,1600.0,974200.0
1933,2021-10-22 03:37:29,7850.0,300.0,972600.0
1934,2021-10-22 03:37:17,7850.0,5000.0,972300.0
1935,2021-10-22 03:37:01,7850.0,1500.0,967300.0
1936,2021-10-22 03:36:58,7850.0,500.0,965800.0
1937,2021-10-22 03:36:53,7850.0,500.0,965300.0
1938,2021-10-22 03:36:49,7850.0,3000.0,964800.0
1939,2021-10-22 03:36:49,7850.0,1000.0,961800.0
1940,2021-10-22 03:36:49,7850.0,1000.0,960800.0
1941,2021-10-22 03:36:49,7860.0,2000.0,959800.0
1942,2021-10-22 03:36:49,7860.0,500.0,957800.0
1943,2021-10-22 03:36:49,7860.0,100.0,957300.0
1944,2021-10-22 03:36:49,7860.0,1000.0,957200.0
1945,2021-10-22 03:36:49,7870.0,2000.0,956200.0
1946,2021-10-22 03:36:36,7860.0,300.0,954200.0
1947,2021-10-22 03:36:36,7860.0,500.0,953900.0
1948,2021-10-22 03:36:36,7860.0,100.0,953400.0
1949,2021-10-22 03:36:36,7860.0,100.0,953300.0
1950,2021-10-22 03:36:36,7860.0,1000.0,953200.0
1951,2021-10-22 03:36:36,7860.0,1000.0,952200.0
1952,2021-10-22 03:36:36,7860.0,100.0,951200.0
1953,2021-10-22 03:36:36,7860.0,1000.0,951100.0
1954,2021-10-22 03:36:36,7860.0,500.0,950100.0
1955,2021-10-22 03:36:36,7860.0,300.0,949600.0
1956,2021-10-22 03:36:36,7860.0,500.0,949300.0
1957,2021-10-22 03:36:36,7860.0,100.0,948800.0
1958,2021-10-22 03:36:36,7860.0,200.0,948700.0
1959,2021-10-22 03:36:36,7860.0,5000.0,948500.0
1960,2021-10-22 03:36:36,7860.0,200.0,943500.0
1961,2021-10-22 03:36:36,7870.0,2000.0,943300.0
1962,2021-10-22 03:36:36,7870.0,200.0,941300.0
1963,2021-10-22 03:36:36,7870.0,700.0,941100.0
1964,2021-10-22 03:36:36,7870.0,2000.0,940400.0
1965,2021-10-22 03:36:36,7870.0,100.0,938400.0
1966,2021-10-22 03:36:36,7870.0,100.0,938300.0
1967,2021-10-22 03:36:36,7870.0,500.0,938200.0
1968,2021-10-22 03:36:36,7870.0,300.0,937700.0
1969,2021-10-22 03:36:36,7870.0,100.0,937400.0
1970,2021-10-22 03:36:36,7870.0,3100.0,937300.0
1971,2021-10-22 03:36:13,7870.0,200.0,934200.0
1972,2021-10-22 03:36:13,7880.0,300.0,934000.0
1973,2021-10-22 03:36:13,7880.0,500.0,933700.0
1974,2021-10-22 03:35:31,7870.0,300.0,933200.0
1975,2021-10-22 03:35:31,7880.0,300.0,932900.0
1976,2021-10-22 03:35:31,7880.0,3600.0,932600.0
1977,2021-10-22 03:35:31,7880.0,200.0,929000.0
1978,2021-10-22 03:35:31,7880.0,5000.0,928800.0
1979,2021-10-22 03:35:31,7880.0,600.0,923800.0
1980,2021-10-22 03:35:24,7880.0,2100.0,923200.0
1981,2021-10-22 03:35:24,7880.0,2900.0,921100.0
1982,2021-10-22 03:35:08,7880.0,100.0,918200.0
1983,2021-10-22 03:34:15,7880.0,2000.0,918100.0
1984,2021-10-22 03:34:08,7870.0,1400.0,916100.0
1985,2021-10-22 03:34:08,7870.0,500.0,914700.0
1986,2021-10-22 03:34:08,7870.0,500.0,914200.0
1987,2021-10-22 03:34:08,7870.0,100.0,913700.0
1988,2021-10-22 03:34:08,7870.0,200.0,913600.0
1989,2021-10-22 03:34:08,7870.0,2000.0,913400.0
1990,2021-10-22 03:34:08,7870.0,1000.0,911400.0
1991,2021-10-22 03:34:08,7870.0,3700.0,910400.0
1992,2021-10-22 03:34:08,7880.0,300.0,906700.0
1993,2021-10-22 03:34:08,7880.0,300.0,906400.0
1994,2021-10-22 03:33:36,7880.0,200.0,906100.0
1995,2021-10-22 03:32:01,7870.0,6300.0,905900.0
1996,2021-10-22 03:32:01,7870.0,100.0,899600.0
1997,2021-10-22 03:32:01,7880.0,300.0,899500.0
1998,2021-10-22 03:32:01,7880.0,400.0,899200.0
1999,2021-10-22 03:32:01,7880.0,3000.0,898800.0
2000,2021-10-22 03:32:01,7880.0,300.0,895800.0
2001,2021-10-22 03:32:01,7880.0,100.0,895500.0
2002,2021-10-22 03:32:01,7900.0,500.0,895400.0
2003,2021-10-22 03:32:01,7900.0,500.0,894900.0
2004,2021-10-22 03:32:01,7900.0,1600.0,894400.0
2005,2021-10-22 03:32:01,7900.0,2000.0,892800.0
2006,2021-10-22 03:32:01,7900.0,1900.0,890800.0
2007,2021-10-22 03:31:28,7900.0,300.0,888900.0
2008,2021-10-22 03:31:14,7900.0,2800.0,888600.0
2009,2021-10-22 03:31:14,7900.0,200.0,885800.0
2010,2021-10-22 03:31:14,7900.0,2000.0,885600.0
2011,2021-10-22 03:30:44,7900.0,1000.0,883600.0
2012,2021-10-22 03:30:34,7900.0,100.0,882600.0
2013,2021-10-22 03:30:30,7880.0,900.0,882500.0
2014,2021-10-22 03:30:30,7880.0,200.0,881600.0
2015,2021-10-22 03:30:30,7880.0,500.0,881400.0
2016,2021-10-22 03:30:30,7880.0,10000.0,880900.0
2017,2021-10-22 03:30:30,7880.0,7800.0,870900.0
2018,2021-10-22 03:30:30,7890.0,500.0,863100.0
2019,2021-10-22 03:30:30,7890.0,100.0,862600.0
2020,2021-10-22 03:30:25,7900.0,100.0,862500.0
2021,2021-10-22 03:30:19,7900.0,200.0,862400.0
2022,2021-10-22 03:30:17,7900.0,1600.0,862200.0
2023,2021-10-22 03:30:03,7900.0,200.0,860600.0
2024,2021-10-22 03:29:56,7900.0,1800.0,860400.0
2025,2021-10-22 03:29:56,7900.0,300.0,858600.0
2026,2021-10-22 03:29:56,7900.0,200.0,858300.0
2027,2021-10-22 03:29:56,7900.0,3700.0,858100.0
2028,2021-10-22 03:29:53,7900.0,16300.0,854400.0
2029,2021-10-22 03:29:53,7900.0,100.0,838100.0
2030,2021-10-22 03:29:53,7900.0,200.0,838000.0
2031,2021-10-22 03:29:53,7900.0,1000.0,837800.0
2032,2021-10-22 03:29:53,7900.0,9900.0,836800.0
2033,2021-10-22 03:29:53,7900.0,500.0,826900.0
2034,2021-10-22 03:29:53,7900.0,600.0,826400.0
2035,2021-10-22 03:29:53,7900.0,1400.0,825800.0
2036,2021-10-22 03:29:47,7900.0,100.0,824400.0
2037,2021-10-22 03:29:47,7900.0,1700.0,824300.0
2038,2021-10-22 03:29:47,7900.0,1900.0,822600.0
2039,2021-10-22 03:29:40,7920.0,100.0,820700.0
2040,2021-10-22 03:29:27,7920.0,500.0,820600.0
2041,2021-10-22 03:29:25,7900.0,100.0,820100.0
2042,2021-10-22 03:29:25,7900.0,8800.0,820000.0
2043,2021-10-22 03:29:21,7900.0,200.0,811200.0
2044,2021-10-22 03:29:21,7900.0,100.0,811000.0
2045,2021-10-22 03:29:21,7900.0,100.0,810900.0
2046,2021-10-22 03:29:21,7900.0,100.0,810800.0
2047,2021-10-22 03:29:20,7920.0,100.0,810700.0
2048,2021-10-22 03:29:18,7920.0,100.0,810600.0
2049,2021-10-22 03:28:57,7920.0,1000.0,810500.0
2050,2021-10-22 03:28:57,7920.0,20000.0,809500.0
2051,2021-10-22 03:28:57,7920.0,100.0,789500.0
2052,2021-10-22 03:28:57,7930.0,5000.0,789400.0
2053,2021-10-22 03:28:57,7940.0,1000.0,784400.0
2054,2021-10-22 03:28:57,7950.0,200.0,783400.0
2055,2021-10-22 03:28:57,7950.0,1500.0,783200.0
2056,2021-10-22 03:25:40,8000.0,100.0,781700.0
2057,2021-10-22 03:25:19,8000.0,200.0,781600.0
2058,2021-10-22 03:25:19,8000.0,700.0,781400.0
2059,2021-10-22 03:25:02,8010.0,300.0,780700.0
2060,2021-10-22 03:24:13,8000.0,200.0,780400.0
2061,2021-10-22 03:24:03,8000.0,100.0,780200.0
2062,2021-10-22 03:24:03,8000.0,2900.0,780100.0
2063,2021-10-22 03:24:03,8000.0,700.0,777200.0
2064,2021-10-22 03:23:36,8000.0,1600.0,776500.0
2065,2021-10-22 03:23:36,8040.0,200.0,774900.0
2066,2021-10-22 03:23:23,8000.0,4800.0,774700.0
2067,2021-10-22 03:23:23,8000.0,500.0,769900.0
2068,2021-10-22 03:23:23,8000.0,1700.0,769400.0
2069,2021-10-22 03:23:17,8000.0,4800.0,767700.0
2070,2021-10-22 03:23:17,8000.0,500.0,762900.0
2071,2021-10-22 03:23:17,8000.0,1000.0,762400.0
2072,2021-10-22 03:23:17,8000.0,100.0,761400.0
2073,2021-10-22 03:23:17,8000.0,1000.0,761300.0
2074,2021-10-22 03:23:17,8000.0,200.0,760300.0
2075,2021-10-22 03:23:17,8000.0,100.0,760100.0
2076,2021-10-22 03:23:17,8000.0,100.0,760000.0
2077,2021-10-22 03:23:17,8000.0,500.0,759900.0
2078,2021-10-22 03:23:17,8000.0,100.0,759400.0
2079,2021-10-22 03:23:17,8000.0,28400.0,759300.0
2080,2021-10-22 03:22:47,8040.0,100.0,730900.0
2081,2021-10-22 03:22:20,8040.0,200.0,730800.0
2082,2021-10-22 03:22:20,8040.0,10000.0,730600.0
2083,2021-10-22 03:22:20,8040.0,100.0,720600.0
2084,2021-10-22 03:22:20,8040.0,500.0,720500.0
