,Time,Price,Volume_per_trade,Volume
0,2021-10-19 07:45:01,8320.0,1000.0,2241300.0
1,2021-10-19 07:29:16,8320.0,1000.0,2240300.0
2,2021-10-19 07:24:51,8320.0,3000.0,2239300.0
3,2021-10-19 07:24:51,8320.0,1000.0,2236300.0
4,2021-10-19 07:19:56,8320.0,1500.0,2235300.0
5,2021-10-19 07:19:56,8320.0,500.0,2233800.0
6,2021-10-19 07:16:34,8320.0,100.0,2233300.0
7,2021-10-19 07:16:15,8320.0,1000.0,2233200.0
8,2021-10-19 07:14:11,8320.0,5000.0,2232200.0
9,2021-10-19 07:13:02,8320.0,20000.0,2227200.0
10,2021-10-19 07:03:18,8320.0,500.0,2207200.0
11,2021-10-19 06:59:47,8320.0,30000.0,2206700.0
12,2021-10-19 06:58:42,8320.0,42900.0,2176700.0
13,2021-10-19 06:58:42,8320.0,15000.0,2133800.0
14,2021-10-19 06:58:42,8320.0,500.0,2118800.0
15,2021-10-19 06:58:42,8320.0,1200.0,2118300.0
16,2021-10-19 06:58:42,8320.0,500.0,2117100.0
17,2021-10-19 06:58:42,8320.0,19000.0,2116600.0
18,2021-10-19 06:58:42,8320.0,900.0,2097600.0
19,2021-10-19 06:54:46,8320.0,1000.0,2096700.0
20,2021-10-19 06:51:09,8320.0,100.0,2095700.0
21,2021-10-19 06:51:09,8320.0,200.0,2095600.0
22,2021-10-19 06:49:43,8320.0,500.0,2095400.0
23,2021-10-19 06:46:43,8320.0,500.0,2094900.0
24,2021-10-19 06:40:35,8320.0,2000.0,2094400.0
25,2021-10-19 06:39:24,8320.0,3600.0,2092400.0
26,2021-10-19 06:38:37,8320.0,500.0,2088800.0
27,2021-10-19 06:36:27,8320.0,500.0,2088300.0
28,2021-10-19 06:13:28,8320.0,1400.0,2087800.0
29,2021-10-19 06:11:42,8320.0,1000.0,2086400.0
30,2021-10-19 06:03:27,8320.0,1000.0,2085400.0
31,2021-10-19 06:00:15,8320.0,2300.0,2084400.0
32,2021-10-19 06:00:12,8320.0,100.0,2082100.0
33,2021-10-19 06:00:04,8320.0,10000.0,2082000.0
34,2021-10-19 06:00:04,8320.0,10000.0,2072000.0
35,2021-10-19 06:00:00,8320.0,3000.0,2062000.0
36,2021-10-19 04:27:36,8320.0,3200.0,2059000.0
37,2021-10-19 04:15:51,8320.0,100.0,2055800.0
38,2021-10-19 04:02:00,8320.0,1000.0,2055700.0
39,2021-10-19 03:46:13,8320.0,100.0,2054700.0
40,2021-10-19 03:42:10,8320.0,1000.0,2054600.0
41,2021-10-19 03:40:06,8320.0,500.0,2053600.0
42,2021-10-19 03:36:23,8320.0,100.0,2053100.0
43,2021-10-19 03:34:51,8320.0,500.0,2053000.0
44,2021-10-19 03:34:27,8320.0,1000.0,2052500.0
45,2021-10-19 03:33:50,8320.0,5000.0,2051500.0
46,2021-10-19 03:28:43,8320.0,900.0,2046500.0
47,2021-10-19 03:26:38,8320.0,100.0,2045600.0
48,2021-10-19 03:25:55,8320.0,300.0,2045500.0
49,2021-10-19 03:25:14,8320.0,2000.0,2045200.0
50,2021-10-19 03:23:59,8320.0,5600.0,2043200.0
51,2021-10-19 03:20:57,8320.0,3000.0,2037600.0
52,2021-10-19 03:20:07,8320.0,4000.0,2034600.0
53,2021-10-19 03:20:07,8320.0,600.0,2030600.0
54,2021-10-19 03:20:07,8320.0,6400.0,2030000.0
55,2021-10-19 03:18:27,8320.0,3600.0,2023600.0
56,2021-10-19 03:18:27,8320.0,1400.0,2020000.0
57,2021-10-19 03:12:50,8320.0,300.0,2018600.0
58,2021-10-19 03:11:46,8320.0,2300.0,2018300.0
59,2021-10-19 03:11:46,8320.0,700.0,2016000.0
60,2021-10-19 03:11:14,8320.0,200.0,2015300.0
61,2021-10-19 03:10:38,8320.0,1000.0,2015100.0
62,2021-10-19 02:57:56,8320.0,400.0,2014100.0
63,2021-10-19 02:54:51,8320.0,100.0,2013700.0
64,2021-10-19 02:53:39,8320.0,500.0,2013600.0
65,2021-10-19 02:50:12,8320.0,400.0,2013100.0
66,2021-10-19 02:49:20,8320.0,3600.0,2012700.0
67,2021-10-19 02:48:41,8320.0,3000.0,2009100.0
68,2021-10-19 02:46:40,8320.0,800.0,2006100.0
69,2021-10-19 02:46:38,8320.0,4300.0,2005300.0
70,2021-10-19 02:46:38,8320.0,3000.0,2001000.0
71,2021-10-19 02:46:38,8320.0,300.0,1998000.0
72,2021-10-19 02:46:38,8320.0,22400.0,1997700.0
73,2021-10-19 02:43:48,8320.0,28600.0,1975300.0
74,2021-10-19 02:43:48,8320.0,1400.0,1946700.0
75,2021-10-19 02:42:30,8320.0,3600.0,1945300.0
76,2021-10-19 02:42:30,8320.0,200000.0,1941700.0
77,2021-10-19 02:42:30,8320.0,46400.0,1741700.0
78,2021-10-19 02:39:48,8320.0,1000.0,1695300.0
79,2021-10-19 02:39:45,8320.0,2000.0,1694300.0
80,2021-10-19 02:38:35,8320.0,100.0,1692300.0
81,2021-10-19 02:37:38,8320.0,500.0,1692200.0
82,2021-10-19 02:31:14,8320.0,3000.0,1691700.0
83,2021-10-19 02:30:15,8320.0,1000.0,1688700.0
84,2021-10-19 02:30:02,8320.0,100.0,1687700.0
85,2021-10-19 02:29:59,8320.0,100.0,1687600.0
86,2021-10-19 02:29:58,8320.0,1000.0,1687500.0
87,2021-10-19 02:29:58,8320.0,1000.0,1686500.0
88,2021-10-19 02:29:58,8320.0,2000.0,1685500.0
89,2021-10-19 02:29:58,8320.0,1000.0,1683500.0
90,2021-10-19 02:29:58,8320.0,2000.0,1682500.0
91,2021-10-19 02:29:58,8320.0,100.0,1680500.0
92,2021-10-19 02:29:58,8320.0,100.0,1680400.0
93,2021-10-19 02:29:58,8320.0,1000.0,1680300.0
94,2021-10-19 02:29:58,8320.0,900.0,1679300.0
95,2021-10-19 02:29:58,8320.0,200.0,1678400.0
96,2021-10-19 02:29:58,8320.0,1000.0,1678200.0
97,2021-10-19 02:29:58,8320.0,2000.0,1677200.0
98,2021-10-19 02:29:58,8320.0,200.0,1675200.0
99,2021-10-19 02:29:58,8320.0,1600.0,1675000.0
100,2021-10-19 02:29:58,8320.0,5000.0,1673400.0
101,2021-10-19 02:29:58,8320.0,2000.0,1668400.0
102,2021-10-19 02:29:58,8320.0,1000.0,1666400.0
103,2021-10-19 02:29:58,8320.0,13000.0,1665400.0
104,2021-10-19 02:29:58,8320.0,500.0,1652400.0
105,2021-10-19 02:29:58,8320.0,1000.0,1651900.0
106,2021-10-19 02:29:58,8320.0,100.0,1650900.0
107,2021-10-19 02:29:58,8320.0,500.0,1650800.0
108,2021-10-19 02:29:58,8320.0,1000.0,1650300.0
109,2021-10-19 02:29:58,8320.0,2000.0,1649300.0
110,2021-10-19 02:29:58,8320.0,10000.0,1647300.0
111,2021-10-19 02:29:58,8320.0,100.0,1637300.0
112,2021-10-19 02:29:58,8320.0,200.0,1637200.0
113,2021-10-19 02:29:58,8320.0,1000.0,1637000.0
114,2021-10-19 02:29:58,8320.0,30000.0,1636000.0
115,2021-10-19 02:29:58,8320.0,10600.0,1606000.0
116,2021-10-19 02:29:58,8320.0,1000.0,1595400.0
117,2021-10-19 02:29:58,8320.0,1000.0,1594400.0
118,2021-10-19 02:29:58,8320.0,5100.0,1593400.0
119,2021-10-19 02:29:58,8320.0,100.0,1588300.0
120,2021-10-19 02:29:58,8320.0,4100.0,1588200.0
121,2021-10-19 02:29:58,8320.0,500.0,1584100.0
122,2021-10-19 02:29:58,8320.0,100.0,1583600.0
123,2021-10-19 02:29:58,8320.0,100.0,1583500.0
124,2021-10-19 02:29:58,8320.0,100.0,1583400.0
125,2021-10-19 02:29:58,8320.0,300.0,1583300.0
126,2021-10-19 02:29:58,8320.0,200.0,1583000.0
127,2021-10-19 02:29:58,8320.0,1000.0,1582800.0
128,2021-10-19 02:29:58,8320.0,1000.0,1581800.0
129,2021-10-19 02:29:58,8320.0,35000.0,1580800.0
130,2021-10-19 02:29:58,8320.0,500.0,1545800.0
131,2021-10-19 02:29:58,8320.0,2000.0,1545300.0
132,2021-10-19 02:29:58,8320.0,1600.0,1543300.0
133,2021-10-19 02:29:58,8320.0,2400.0,1541700.0
134,2021-10-19 02:29:58,8320.0,600.0,1539300.0
135,2021-10-19 02:29:56,8320.0,300.0,1538700.0
136,2021-10-19 02:29:54,8320.0,100.0,1538400.0
137,2021-10-19 02:29:54,8320.0,3900.0,1538300.0
138,2021-10-19 02:29:54,8320.0,6000.0,1534400.0
139,2021-10-19 02:29:53,8320.0,1400.0,1528400.0
140,2021-10-19 02:29:53,8320.0,5600.0,1527000.0
141,2021-10-19 02:29:53,8320.0,24000.0,1521400.0
142,2021-10-19 02:29:53,8320.0,5000.0,1497400.0
143,2021-10-19 02:29:53,8320.0,18000.0,1492400.0
144,2021-10-19 02:29:53,8320.0,3000.0,1474400.0
145,2021-10-19 02:29:53,8320.0,1000.0,1471400.0
146,2021-10-19 02:29:53,8320.0,100.0,1470400.0
147,2021-10-19 02:29:53,8320.0,100.0,1470300.0
148,2021-10-19 02:29:53,8320.0,3700.0,1470200.0
149,2021-10-19 02:29:53,8320.0,20000.0,1466500.0
150,2021-10-19 02:29:53,8320.0,8700.0,1446500.0
151,2021-10-19 02:29:53,8320.0,9400.0,1437800.0
152,2021-10-19 02:29:53,8320.0,2000.0,1428400.0
153,2021-10-19 02:29:52,8320.0,100.0,1426400.0
154,2021-10-19 02:29:51,8320.0,2000.0,1426300.0
155,2021-10-19 02:29:50,8320.0,6500.0,1424300.0
156,2021-10-19 02:29:50,8320.0,1000.0,1417800.0
157,2021-10-19 02:29:50,8320.0,10100.0,1416800.0
158,2021-10-19 02:29:50,8320.0,5000.0,1406700.0
159,2021-10-19 02:29:46,8320.0,1500.0,1401700.0
160,2021-10-19 02:29:44,8320.0,30000.0,1400200.0
161,2021-10-19 02:29:39,8320.0,10000.0,1370200.0
162,2021-10-19 02:29:32,8320.0,9000.0,1360200.0
163,2021-10-19 02:29:25,8320.0,15000.0,1351200.0
164,2021-10-19 02:29:15,8320.0,1000.0,1336200.0
165,2021-10-19 02:29:04,8320.0,1000.0,1335200.0
166,2021-10-19 02:28:44,8310.0,1000.0,1334200.0
167,2021-10-19 02:28:36,8310.0,800.0,1333200.0
168,2021-10-19 02:28:36,8310.0,500.0,1332400.0
169,2021-10-19 02:28:36,8310.0,8700.0,1331900.0
170,2021-10-19 02:28:34,8310.0,1000.0,1323200.0
171,2021-10-19 02:28:22,8310.0,10300.0,1322200.0
172,2021-10-19 02:28:13,8310.0,1000.0,1311900.0
173,2021-10-19 02:28:12,8310.0,8400.0,1310900.0
174,2021-10-19 02:27:59,8310.0,100.0,1302500.0
175,2021-10-19 02:27:59,8310.0,800.0,1302400.0
176,2021-10-19 02:27:59,8310.0,1000.0,1301600.0
177,2021-10-19 02:27:59,8310.0,20000.0,1300600.0
178,2021-10-19 02:27:59,8310.0,4200.0,1280600.0
179,2021-10-19 02:27:59,8310.0,1000.0,1276400.0
180,2021-10-19 02:27:54,8310.0,1000.0,1275400.0
181,2021-10-19 02:27:46,8320.0,3000.0,1274400.0
182,2021-10-19 02:27:43,8320.0,3300.0,1271400.0
183,2021-10-19 02:27:20,8310.0,3400.0,1268100.0
184,2021-10-19 02:27:20,8310.0,900.0,1264700.0
185,2021-10-19 02:27:20,8310.0,1000.0,1263800.0
186,2021-10-19 02:27:20,8310.0,2000.0,1262800.0
187,2021-10-19 02:27:20,8310.0,2700.0,1260800.0
188,2021-10-19 02:27:08,8320.0,8000.0,1258100.0
189,2021-10-19 02:27:06,8310.0,100.0,1250100.0
190,2021-10-19 02:27:06,8310.0,1000.0,1250000.0
191,2021-10-19 02:27:06,8310.0,1200.0,1249000.0
192,2021-10-19 02:27:02,8310.0,3000.0,1247800.0
193,2021-10-19 02:27:01,8310.0,1300.0,1244800.0
194,2021-10-19 02:27:00,8310.0,1000.0,1243500.0
195,2021-10-19 02:26:58,8310.0,2000.0,1242500.0
196,2021-10-19 02:26:58,8310.0,800.0,1240500.0
197,2021-10-19 02:26:56,8310.0,2900.0,1239700.0
198,2021-10-19 02:26:54,8300.0,4000.0,1236800.0
199,2021-10-19 02:26:50,8310.0,100.0,1232800.0
200,2021-10-19 02:26:47,8310.0,2000.0,1232700.0
201,2021-10-19 02:26:42,8310.0,200.0,1230700.0
202,2021-10-19 02:26:39,8300.0,1000.0,1230500.0
203,2021-10-19 02:26:33,8300.0,1800.0,1229500.0
204,2021-10-19 02:26:33,8300.0,100.0,1227700.0
205,2021-10-19 02:26:33,8300.0,2000.0,1227600.0
206,2021-10-19 02:26:33,8310.0,6600.0,1225600.0
207,2021-10-19 02:26:29,8310.0,3000.0,1219000.0
208,2021-10-19 02:26:21,8310.0,1000.0,1216000.0
209,2021-10-19 02:26:19,8320.0,300.0,1215000.0
210,2021-10-19 02:26:19,8310.0,100.0,1214700.0
211,2021-10-19 02:26:17,8310.0,400.0,1214600.0
212,2021-10-19 02:26:14,8310.0,1000.0,1214200.0
213,2021-10-19 02:26:14,8310.0,5000.0,1213200.0
214,2021-10-19 02:26:14,8310.0,800.0,1208200.0
215,2021-10-19 02:26:14,8310.0,3100.0,1207400.0
216,2021-10-19 02:26:14,8310.0,500.0,1204300.0
217,2021-10-19 02:26:14,8310.0,10900.0,1203800.0
218,2021-10-19 02:26:07,8320.0,1000.0,1192900.0
219,2021-10-19 02:25:48,8320.0,300.0,1191900.0
220,2021-10-19 02:25:37,8320.0,500.0,1191600.0
221,2021-10-19 02:25:26,8310.0,300.0,1191100.0
222,2021-10-19 02:25:26,8310.0,13000.0,1190800.0
223,2021-10-19 02:25:26,8310.0,3500.0,1177800.0
224,2021-10-19 02:25:26,8310.0,500.0,1174300.0
225,2021-10-19 02:25:26,8310.0,1800.0,1173800.0
226,2021-10-19 02:25:13,8310.0,1500.0,1172000.0
227,2021-10-19 02:25:09,8300.0,10000.0,1170500.0
228,2021-10-19 02:25:09,8300.0,200.0,1160500.0
229,2021-10-19 02:25:09,8300.0,1000.0,1160300.0
230,2021-10-19 02:25:09,8300.0,17300.0,1159300.0
231,2021-10-19 02:25:08,8300.0,700.0,1142000.0
232,2021-10-19 02:25:08,8300.0,1300.0,1141300.0
233,2021-10-19 02:24:50,8300.0,700.0,1140000.0
234,2021-10-19 02:24:50,8300.0,300.0,1139300.0
235,2021-10-19 02:24:25,8300.0,100.0,1139000.0
236,2021-10-19 02:23:47,8300.0,700.0,1138900.0
237,2021-10-19 02:23:47,8300.0,1000.0,1138200.0
238,2021-10-19 02:23:45,8300.0,10000.0,1137200.0
239,2021-10-19 02:23:36,8300.0,1000.0,1127200.0
240,2021-10-19 02:23:19,8300.0,200.0,1126200.0
241,2021-10-19 02:23:15,8300.0,2000.0,1126000.0
242,2021-10-19 02:23:15,8300.0,2700.0,1124000.0
243,2021-10-19 02:23:11,8300.0,5000.0,1121300.0
244,2021-10-19 02:23:11,8300.0,200.0,1116300.0
245,2021-10-19 02:23:08,8300.0,1000.0,1116100.0
246,2021-10-19 02:23:06,8300.0,6100.0,1115100.0
247,2021-10-19 02:23:03,8290.0,1000.0,1109000.0
248,2021-10-19 02:23:02,8300.0,1800.0,1108000.0
249,2021-10-19 02:23:02,8300.0,200.0,1106200.0
250,2021-10-19 02:23:02,8300.0,1000.0,1106000.0
251,2021-10-19 02:23:02,8300.0,900.0,1105000.0
252,2021-10-19 02:22:58,8310.0,700.0,1104100.0
253,2021-10-19 02:22:58,8310.0,1000.0,1103400.0
254,2021-10-19 02:22:58,8310.0,1900.0,1102400.0
255,2021-10-19 02:22:58,8310.0,1400.0,1100500.0
256,2021-10-19 02:22:56,8310.0,2600.0,1099100.0
257,2021-10-19 02:22:56,8310.0,2700.0,1096500.0
258,2021-10-19 02:22:54,8300.0,3000.0,1093800.0
259,2021-10-19 02:22:50,8310.0,300.0,1090800.0
260,2021-10-19 02:22:50,8310.0,500.0,1090500.0
261,2021-10-19 02:22:50,8310.0,1500.0,1090000.0
262,2021-10-19 02:22:50,8310.0,4700.0,1088500.0
263,2021-10-19 02:22:44,8310.0,300.0,1083800.0
264,2021-10-19 02:22:24,8300.0,1000.0,1083500.0
265,2021-10-19 02:22:21,8300.0,700.0,1082500.0
266,2021-10-19 02:22:15,8300.0,1000.0,1081800.0
267,2021-10-19 02:22:15,8290.0,1000.0,1080800.0
268,2021-10-19 02:22:14,8300.0,400.0,1079800.0
269,2021-10-19 02:22:10,8300.0,5000.0,1079400.0
270,2021-10-19 02:22:03,8300.0,1000.0,1074400.0
271,2021-10-19 02:22:03,8300.0,1000.0,1073400.0
272,2021-10-19 02:22:03,8300.0,200.0,1072400.0
273,2021-10-19 02:22:03,8300.0,500.0,1072200.0
274,2021-10-19 02:22:03,8300.0,400.0,1071700.0
275,2021-10-19 02:22:03,8300.0,100.0,1071300.0
276,2021-10-19 02:22:03,8300.0,400.0,1071200.0
277,2021-10-19 02:22:03,8300.0,3700.0,1070800.0
278,2021-10-19 02:22:03,8300.0,3000.0,1067100.0
279,2021-10-19 02:22:03,8300.0,100.0,1064100.0
280,2021-10-19 02:22:03,8300.0,2000.0,1064000.0
281,2021-10-19 02:22:03,8300.0,500.0,1062000.0
282,2021-10-19 02:22:03,8310.0,1000.0,1061500.0
283,2021-10-19 02:21:51,8310.0,100.0,1060500.0
284,2021-10-19 02:21:48,8300.0,500.0,1060400.0
285,2021-10-19 02:21:48,8300.0,2000.0,1059900.0
286,2021-10-19 02:21:48,8300.0,27500.0,1057900.0
287,2021-10-19 02:21:47,8310.0,100.0,1030400.0
288,2021-10-19 02:21:44,8310.0,3200.0,1030300.0
289,2021-10-19 02:21:44,8300.0,1500.0,1027100.0
290,2021-10-19 02:21:36,8310.0,3000.0,1025600.0
291,2021-10-19 02:21:34,8310.0,300.0,1022600.0
292,2021-10-19 02:21:29,8310.0,3300.0,1022300.0
293,2021-10-19 02:21:29,8310.0,5200.0,1019000.0
294,2021-10-19 02:21:28,8310.0,9800.0,1013800.0
295,2021-10-19 02:21:28,8310.0,2000.0,1004000.0
296,2021-10-19 02:21:28,8310.0,3200.0,1002000.0
297,2021-10-19 02:21:16,8310.0,1000.0,998800.0
298,2021-10-19 02:21:15,8300.0,1000.0,997800.0
299,2021-10-19 02:21:15,8310.0,800.0,996800.0
300,2021-10-19 02:21:15,8310.0,8400.0,996000.0
301,2021-10-19 02:21:11,8310.0,1000.0,987600.0
302,2021-10-19 02:21:11,8310.0,1000.0,986600.0
303,2021-10-19 02:21:07,8310.0,300.0,985600.0
304,2021-10-19 02:21:04,8310.0,800.0,985300.0
305,2021-10-19 02:20:59,8310.0,100.0,984500.0
306,2021-10-19 02:20:58,8310.0,300.0,984400.0
307,2021-10-19 02:20:58,8310.0,100.0,984100.0
308,2021-10-19 02:20:57,8310.0,1900.0,984000.0
309,2021-10-19 02:20:57,8310.0,5000.0,982100.0
310,2021-10-19 02:20:57,8310.0,500.0,977100.0
311,2021-10-19 02:20:57,8310.0,500.0,976600.0
312,2021-10-19 02:20:57,8310.0,100.0,976100.0
313,2021-10-19 02:20:57,8310.0,100.0,976000.0
314,2021-10-19 02:20:57,8310.0,1000.0,975900.0
315,2021-10-19 02:20:57,8310.0,500.0,974900.0
316,2021-10-19 02:20:57,8310.0,400.0,974400.0
317,2021-10-19 02:20:50,8310.0,500.0,974000.0
318,2021-10-19 02:20:50,8310.0,500.0,973500.0
319,2021-10-19 02:20:50,8310.0,3600.0,973000.0
320,2021-10-19 02:20:50,8310.0,1500.0,969400.0
321,2021-10-19 02:20:50,8310.0,4500.0,967900.0
322,2021-10-19 02:20:50,8310.0,400.0,963400.0
323,2021-10-19 02:20:36,8310.0,3600.0,963000.0
324,2021-10-19 02:20:36,8310.0,1900.0,959400.0
325,2021-10-19 02:20:36,8310.0,10500.0,957500.0
326,2021-10-19 02:20:29,8320.0,1000.0,947000.0
327,2021-10-19 02:20:26,8320.0,100.0,946000.0
328,2021-10-19 02:20:16,8310.0,100.0,945900.0
329,2021-10-19 02:20:01,8320.0,1000.0,945800.0
330,2021-10-19 02:19:55,8320.0,6000.0,944800.0
331,2021-10-19 02:19:55,8320.0,1000.0,938800.0
332,2021-10-19 02:19:51,8320.0,400.0,937800.0
333,2021-10-19 02:19:51,8320.0,100.0,937400.0
334,2021-10-19 02:19:48,8320.0,1900.0,937300.0
335,2021-10-19 02:19:48,8320.0,1000.0,935400.0
336,2021-10-19 02:19:47,8320.0,100.0,934400.0
337,2021-10-19 02:19:37,8320.0,100.0,934300.0
338,2021-10-19 02:19:37,8310.0,1000.0,934200.0
339,2021-10-19 02:19:36,8320.0,2000.0,933200.0
340,2021-10-19 02:19:19,8320.0,2000.0,931200.0
341,2021-10-19 02:19:04,8320.0,3000.0,929200.0
342,2021-10-19 02:19:02,8320.0,100.0,926200.0
343,2021-10-19 02:19:00,8310.0,100.0,926100.0
344,2021-10-19 02:18:59,8310.0,10000.0,926000.0
345,2021-10-19 02:18:49,8310.0,100.0,916000.0
346,2021-10-19 02:18:49,8310.0,5000.0,915900.0
347,2021-10-19 02:18:49,8310.0,200.0,910900.0
348,2021-10-19 02:18:49,8310.0,10000.0,910700.0
349,2021-10-19 02:18:49,8310.0,30000.0,900700.0
350,2021-10-19 02:18:49,8310.0,33000.0,870700.0
351,2021-10-19 02:18:45,8310.0,100.0,837700.0
352,2021-10-19 02:18:44,8310.0,500.0,837600.0
353,2021-10-19 02:18:37,8310.0,3000.0,837100.0
354,2021-10-19 02:18:29,8310.0,2000.0,834100.0
355,2021-10-19 02:18:29,8310.0,200.0,832100.0
356,2021-10-19 02:18:25,8300.0,19000.0,831900.0
357,2021-10-19 02:18:18,8300.0,100.0,812900.0
358,2021-10-19 02:18:14,8310.0,9000.0,812800.0
359,2021-10-19 02:17:48,8300.0,300.0,803800.0
360,2021-10-19 02:17:47,8300.0,1000.0,803500.0
361,2021-10-19 02:17:47,8300.0,1000.0,802500.0
362,2021-10-19 02:17:47,8300.0,30000.0,801500.0
363,2021-10-19 02:17:47,8300.0,400.0,771500.0
364,2021-10-19 02:17:47,8300.0,5000.0,771100.0
365,2021-10-19 02:17:47,8300.0,10000.0,766100.0
366,2021-10-19 02:17:47,8300.0,300.0,756100.0
367,2021-10-19 02:17:47,8300.0,500.0,755800.0
368,2021-10-19 02:17:47,8300.0,10000.0,755300.0
369,2021-10-19 02:17:47,8300.0,500.0,745300.0
370,2021-10-19 02:17:47,8300.0,500.0,744800.0
371,2021-10-19 02:17:47,8290.0,900.0,744300.0
372,2021-10-19 02:17:42,8250.0,100.0,743400.0
373,2021-10-19 02:17:40,8290.0,1000.0,743300.0
374,2021-10-19 02:17:37,8290.0,200.0,742300.0
375,2021-10-19 02:17:32,8290.0,1900.0,742100.0
376,2021-10-19 02:17:32,8290.0,100.0,740200.0
377,2021-10-19 02:17:27,8300.0,3800.0,740100.0
378,2021-10-19 02:17:27,8290.0,200.0,736300.0
379,2021-10-19 02:17:24,8290.0,600.0,736100.0
380,2021-10-19 02:17:20,8290.0,400.0,735500.0
381,2021-10-19 02:17:20,8290.0,200.0,735100.0
382,2021-10-19 02:17:19,8300.0,4700.0,734900.0
383,2021-10-19 02:17:19,8300.0,1300.0,730200.0
384,2021-10-19 02:17:15,8300.0,3000.0,728900.0
385,2021-10-19 02:17:11,8300.0,2000.0,725900.0
386,2021-10-19 02:17:10,8300.0,10000.0,723900.0
387,2021-10-19 02:16:58,8300.0,100.0,713900.0
388,2021-10-19 02:16:54,8300.0,100.0,713800.0
389,2021-10-19 02:16:53,8300.0,100.0,713700.0
390,2021-10-19 02:16:48,8300.0,11300.0,713600.0
391,2021-10-19 02:16:46,8300.0,200.0,702300.0
392,2021-10-19 02:16:42,8300.0,1900.0,702100.0
393,2021-10-19 02:16:42,8300.0,100.0,700200.0
394,2021-10-19 02:16:41,8290.0,400.0,700100.0
395,2021-10-19 02:16:41,8290.0,400.0,699700.0
396,2021-10-19 02:16:38,8200.0,400.0,699300.0
397,2021-10-19 02:16:26,8300.0,200.0,698900.0
398,2021-10-19 02:16:15,8300.0,100.0,698700.0
399,2021-10-19 02:16:11,8300.0,100.0,698600.0
400,2021-10-19 02:16:11,8300.0,2000.0,698500.0
401,2021-10-19 02:16:11,8290.0,200.0,696500.0
402,2021-10-19 02:16:09,8290.0,1000.0,696300.0
403,2021-10-19 02:16:08,8290.0,200.0,695300.0
404,2021-10-19 02:15:50,8300.0,2000.0,695100.0
405,2021-10-19 02:15:48,8300.0,9000.0,693100.0
406,2021-10-19 02:15:47,8300.0,7000.0,684100.0
407,2021-10-19 02:15:28,8310.0,200.0,677100.0
408,2021-10-19 02:15:28,8310.0,1000.0,676900.0
409,2021-10-19 02:15:25,8310.0,1000.0,675900.0
410,2021-10-19 02:15:04,8320.0,1200.0,674900.0
411,2021-10-19 02:15:04,8320.0,100.0,673700.0
412,2021-10-19 02:15:00,8320.0,3500.0,673600.0
413,2021-10-19 02:15:00,8320.0,1000.0,670100.0
414,2021-10-19 02:15:00,8320.0,500.0,669100.0
415,2021-10-19 02:15:00,8320.0,200.0,668600.0
416,2021-10-19 02:15:00,8320.0,100.0,668400.0
417,2021-10-19 02:15:00,8320.0,100.0,668300.0
418,2021-10-19 02:15:00,8320.0,6500.0,668200.0
419,2021-10-19 02:15:00,8320.0,2600.0,661700.0
420,2021-10-19 02:15:00,8320.0,400.0,659100.0
421,2021-10-19 02:15:00,8320.0,600.0,658700.0
422,2021-10-19 02:15:00,8320.0,500.0,658100.0
423,2021-10-19 02:15:00,8320.0,100.0,657600.0
424,2021-10-19 02:15:00,8320.0,800.0,657500.0
425,2021-10-19 02:15:00,8320.0,1600.0,656700.0
426,2021-10-19 02:15:00,8320.0,30000.0,655100.0
427,2021-10-19 02:15:00,8320.0,1000.0,625100.0
428,2021-10-19 02:15:00,8320.0,500.0,624100.0
429,2021-10-19 02:15:00,8320.0,5000.0,623600.0
430,2021-10-19 02:15:00,8320.0,1000.0,618600.0
431,2021-10-19 02:15:00,8320.0,100.0,617600.0
432,2021-10-19 02:15:00,8320.0,4000.0,617500.0
433,2021-10-19 02:15:00,8320.0,200.0,613500.0
434,2021-10-19 02:15:00,8320.0,1600.0,613300.0
435,2021-10-19 02:15:00,8320.0,2500.0,611700.0
436,2021-10-19 02:15:00,8320.0,95900.0,609200.0
437,2021-10-19 02:15:00,8320.0,500.0,513300.0
438,2021-10-19 02:15:00,8320.0,1000.0,512800.0
439,2021-10-19 02:15:00,8320.0,100.0,511800.0
440,2021-10-19 02:15:00,8320.0,2500.0,511700.0
441,2021-10-19 02:15:00,8320.0,600.0,509200.0
442,2021-10-19 02:15:00,8320.0,900.0,508600.0
443,2021-10-19 02:15:00,8320.0,100.0,507700.0
444,2021-10-19 02:15:00,8320.0,500.0,507600.0
445,2021-10-19 02:15:00,8320.0,1400.0,507100.0
446,2021-10-19 02:15:00,8320.0,1000.0,505700.0
447,2021-10-19 02:15:00,8320.0,800.0,504700.0
448,2021-10-19 02:15:00,8320.0,1000.0,503900.0
449,2021-10-19 02:15:00,8320.0,4000.0,502900.0
450,2021-10-19 02:15:00,8320.0,1500.0,498900.0
451,2021-10-19 02:15:00,8320.0,3000.0,497400.0
452,2021-10-19 02:15:00,8320.0,100.0,494400.0
453,2021-10-19 02:15:00,8320.0,1000.0,494300.0
454,2021-10-19 02:15:00,8320.0,15000.0,493300.0
455,2021-10-19 02:15:00,8320.0,100.0,478300.0
456,2021-10-19 02:15:00,8320.0,5000.0,478200.0
457,2021-10-19 02:15:00,8320.0,8000.0,473200.0
458,2021-10-19 02:15:00,8320.0,8000.0,465200.0
459,2021-10-19 02:15:00,8320.0,10000.0,457200.0
460,2021-10-19 02:15:00,8320.0,500.0,447200.0
461,2021-10-19 02:15:00,8320.0,100.0,446700.0
462,2021-10-19 02:15:00,8320.0,20000.0,446600.0
463,2021-10-19 02:15:00,8320.0,36200.0,426600.0
464,2021-10-19 02:15:00,8320.0,500.0,390400.0
465,2021-10-19 02:15:00,8320.0,500.0,389900.0
466,2021-10-19 02:15:00,8320.0,3200.0,389400.0
467,2021-10-19 02:15:00,8320.0,100.0,386200.0
468,2021-10-19 02:15:00,8320.0,3000.0,386100.0
469,2021-10-19 02:15:00,8320.0,1000.0,383100.0
470,2021-10-19 02:15:00,8320.0,69600.0,382100.0
471,2021-10-19 02:15:00,8320.0,5400.0,312500.0
472,2021-10-19 02:15:00,8320.0,10000.0,307100.0
473,2021-10-19 02:15:00,8320.0,2000.0,297100.0
474,2021-10-19 02:15:00,8320.0,100.0,295100.0
475,2021-10-19 02:15:00,8320.0,200.0,295000.0
476,2021-10-19 02:15:00,8320.0,2300.0,294800.0
477,2021-10-19 02:15:00,8320.0,2000.0,292500.0
478,2021-10-19 02:15:00,8320.0,76900.0,290500.0
479,2021-10-19 02:15:00,8320.0,100.0,213600.0
480,2021-10-19 02:15:00,8320.0,1000.0,213500.0
481,2021-10-19 02:15:00,8320.0,200.0,212500.0
482,2021-10-19 02:15:00,8320.0,3600.0,212300.0
483,2021-10-19 02:15:00,8320.0,9400.0,208700.0
484,2021-10-19 02:15:00,8320.0,9600.0,199300.0
485,2021-10-19 02:15:00,8320.0,200.0,189700.0
486,2021-10-19 02:15:00,8320.0,4000.0,189500.0
487,2021-10-19 02:15:00,8320.0,6200.0,185500.0
488,2021-10-19 02:15:00,8320.0,3800.0,179300.0
489,2021-10-19 02:15:00,8320.0,500.0,175500.0
490,2021-10-19 02:15:00,8320.0,1000.0,175000.0
491,2021-10-19 02:15:00,8320.0,2100.0,174000.0
492,2021-10-19 02:15:00,8320.0,700.0,171900.0
493,2021-10-19 02:15:00,8320.0,100.0,171200.0
494,2021-10-19 02:15:00,8320.0,100.0,171100.0
495,2021-10-19 02:15:00,8320.0,200.0,171000.0
496,2021-10-19 02:15:00,8320.0,200.0,170800.0
497,2021-10-19 02:15:00,8320.0,4000.0,170600.0
498,2021-10-19 02:15:00,8320.0,1000.0,166600.0
499,2021-10-19 02:15:00,8320.0,100.0,165600.0
500,2021-10-19 02:15:00,8320.0,200.0,165500.0
501,2021-10-19 02:15:00,8320.0,1000.0,165300.0
502,2021-10-19 02:15:00,8320.0,1100.0,164300.0
503,2021-10-19 02:15:00,8320.0,3000.0,163200.0
504,2021-10-19 02:15:00,8320.0,600.0,160200.0
505,2021-10-19 02:15:00,8320.0,500.0,159600.0
506,2021-10-19 02:15:00,8320.0,3000.0,159100.0
507,2021-10-19 02:15:00,8320.0,4500.0,156100.0
508,2021-10-19 02:15:00,8320.0,1000.0,151600.0
509,2021-10-19 02:15:00,8320.0,2400.0,150600.0
510,2021-10-19 02:15:00,8320.0,12200.0,148200.0
511,2021-10-19 02:15:00,8320.0,200.0,136000.0
512,2021-10-19 02:15:00,8320.0,4000.0,135800.0
513,2021-10-19 02:15:00,8320.0,100.0,131800.0
514,2021-10-19 02:15:00,8320.0,100.0,131700.0
515,2021-10-19 02:15:00,8320.0,1500.0,131600.0
516,2021-10-19 02:15:00,8320.0,1900.0,130100.0
517,2021-10-19 02:15:00,8320.0,3000.0,128200.0
518,2021-10-19 02:15:00,8320.0,11200.0,125200.0
519,2021-10-19 02:15:00,8320.0,1000.0,114000.0
520,2021-10-19 02:15:00,8320.0,200.0,113000.0
521,2021-10-19 02:15:00,8320.0,2700.0,112800.0
522,2021-10-19 02:15:00,8320.0,4300.0,110100.0
523,2021-10-19 02:15:00,8320.0,3000.0,105800.0
524,2021-10-19 02:15:00,8320.0,100.0,102800.0
525,2021-10-19 02:15:00,8320.0,500.0,102700.0
526,2021-10-19 02:15:00,8320.0,500.0,102200.0
527,2021-10-19 02:15:00,8320.0,1600.0,101700.0
528,2021-10-19 02:15:00,8320.0,10000.0,100100.0
529,2021-10-19 02:15:00,8320.0,15000.0,90100.0
530,2021-10-19 02:15:00,8320.0,3400.0,75100.0
531,2021-10-19 02:15:00,8320.0,300.0,71700.0
532,2021-10-19 02:15:00,8320.0,1000.0,71400.0
533,2021-10-19 02:15:00,8320.0,1000.0,70400.0
534,2021-10-19 02:15:00,8320.0,4300.0,69400.0
535,2021-10-19 02:15:00,8320.0,5700.0,65100.0
536,2021-10-19 02:15:00,8320.0,4300.0,59400.0
537,2021-10-19 02:15:00,8320.0,800.0,55100.0
538,2021-10-19 02:15:00,8320.0,1000.0,54300.0
539,2021-10-19 02:15:00,8320.0,100.0,53300.0
540,2021-10-19 02:15:00,8320.0,300.0,53200.0
541,2021-10-19 02:15:00,8320.0,300.0,52900.0
542,2021-10-19 02:15:00,8320.0,300.0,52600.0
543,2021-10-19 02:15:00,8320.0,4000.0,52300.0
544,2021-10-19 02:15:00,8320.0,4000.0,48300.0
545,2021-10-19 02:15:00,8320.0,100.0,44300.0
546,2021-10-19 02:15:00,8320.0,300.0,44200.0
547,2021-10-19 02:15:00,8320.0,9700.0,43900.0
548,2021-10-19 02:15:00,8320.0,5000.0,34200.0
549,2021-10-19 02:15:00,8320.0,300.0,29200.0
550,2021-10-19 02:15:00,8320.0,100.0,28900.0
551,2021-10-19 02:15:00,8320.0,10000.0,28800.0
552,2021-10-19 02:15:00,8320.0,600.0,18800.0
553,2021-10-19 02:15:00,8320.0,6000.0,18200.0
554,2021-10-19 02:15:00,8320.0,2800.0,12200.0
555,2021-10-19 02:15:00,8320.0,5000.0,9400.0
556,2021-10-19 02:15:00,8320.0,1000.0,4400.0
557,2021-10-19 02:15:00,8320.0,200.0,3400.0
558,2021-10-19 02:15:00,8320.0,200.0,3200.0
559,2021-10-19 02:15:00,8320.0,100.0,3000.0
560,2021-10-19 02:15:00,8320.0,300.0,2900.0
561,2021-10-19 02:15:00,8320.0,200.0,2600.0
562,2021-10-19 02:15:00,8320.0,200.0,2400.0
563,2021-10-19 02:15:00,8320.0,100.0,2200.0
564,2021-10-19 02:15:00,8320.0,2000.0,2100.0
565,2021-10-19 02:15:00,8320.0,100.0,100.0
