,Time,Price,Volume_per_trade,Volume
0,2021-09-30 14:45:00,97200.0,800.0,1199900.0
1,2021-09-30 14:45:00,97200.0,400.0,1199100.0
2,2021-09-30 14:45:00,97200.0,500.0,1198700.0
3,2021-09-30 14:45:00,97200.0,200.0,1198200.0
4,2021-09-30 14:45:00,97200.0,100.0,1198000.0
5,2021-09-30 14:45:00,97200.0,100.0,1197900.0
6,2021-09-30 14:45:00,97200.0,100.0,1197800.0
7,2021-09-30 14:45:00,97200.0,100.0,1197700.0
8,2021-09-30 14:45:00,97200.0,100.0,1197600.0
9,2021-09-30 14:45:00,97200.0,200.0,1197500.0
10,2021-09-30 14:45:00,97200.0,100.0,1197300.0
11,2021-09-30 14:45:00,97200.0,400.0,1197200.0
12,2021-09-30 14:45:00,97200.0,100.0,1196800.0
13,2021-09-30 14:45:00,97200.0,400.0,1196700.0
14,2021-09-30 14:45:00,97200.0,100.0,1196300.0
15,2021-09-30 14:45:00,97200.0,500.0,1196200.0
16,2021-09-30 14:45:00,97200.0,1400.0,1195700.0
17,2021-09-30 14:45:00,97200.0,100.0,1194300.0
18,2021-09-30 14:45:00,97200.0,100.0,1194200.0
19,2021-09-30 14:45:00,97200.0,18400.0,1194100.0
20,2021-09-30 14:45:00,97200.0,1400.0,1175700.0
21,2021-09-30 14:45:00,97200.0,700.0,1174300.0
22,2021-09-30 14:45:00,97200.0,1400.0,1173600.0
23,2021-09-30 14:45:00,97200.0,700.0,1172200.0
24,2021-09-30 14:45:00,97200.0,100.0,1171500.0
25,2021-09-30 14:45:00,97200.0,19500.0,1171400.0
26,2021-09-30 14:45:00,97200.0,500.0,1151900.0
27,2021-09-30 14:45:00,97200.0,1500.0,1151400.0
28,2021-09-30 14:45:00,97200.0,5500.0,1149900.0
29,2021-09-30 14:45:00,97200.0,600.0,1144400.0
30,2021-09-30 14:45:00,97200.0,2700.0,1143800.0
31,2021-09-30 14:45:00,97200.0,2300.0,1141100.0
32,2021-09-30 14:45:00,97200.0,100.0,1138800.0
33,2021-09-30 14:45:00,97200.0,200.0,1138700.0
34,2021-09-30 14:45:00,97200.0,100.0,1138500.0
35,2021-09-30 14:45:00,97200.0,100.0,1138400.0
36,2021-09-30 14:45:00,97200.0,200.0,1138300.0
37,2021-09-30 14:45:00,97200.0,200.0,1138100.0
38,2021-09-30 14:45:00,97200.0,100.0,1137900.0
39,2021-09-30 14:45:00,97200.0,200.0,1137800.0
40,2021-09-30 14:45:00,97200.0,200.0,1137600.0
41,2021-09-30 14:45:00,97200.0,100.0,1137400.0
42,2021-09-30 14:45:00,97200.0,200.0,1137300.0
43,2021-09-30 14:45:00,97200.0,1200.0,1137100.0
44,2021-09-30 14:45:00,97200.0,100.0,1135900.0
45,2021-09-30 14:45:00,97200.0,200.0,1135800.0
46,2021-09-30 14:45:00,97200.0,100.0,1135600.0
47,2021-09-30 14:45:00,97200.0,100.0,1135500.0
48,2021-09-30 14:45:00,97200.0,100.0,1135400.0
49,2021-09-30 14:45:00,97200.0,200.0,1135300.0
50,2021-09-30 14:45:00,97200.0,100.0,1135100.0
51,2021-09-30 14:45:00,97200.0,300.0,1135000.0
52,2021-09-30 14:45:00,97200.0,1000.0,1134700.0
53,2021-09-30 14:45:00,97200.0,100.0,1133700.0
54,2021-09-30 14:45:00,97200.0,700.0,1133600.0
55,2021-09-30 14:45:00,97200.0,700.0,1132900.0
56,2021-09-30 14:45:00,97200.0,100.0,1132200.0
57,2021-09-30 14:45:00,97200.0,200.0,1132100.0
58,2021-09-30 14:45:00,97200.0,200.0,1131900.0
59,2021-09-30 14:45:00,97200.0,100.0,1131700.0
60,2021-09-30 14:45:00,97200.0,300.0,1131600.0
61,2021-09-30 14:45:00,97200.0,100.0,1131300.0
62,2021-09-30 14:45:00,97200.0,100.0,1131200.0
63,2021-09-30 14:45:00,97200.0,100.0,1131100.0
64,2021-09-30 14:45:00,97200.0,100.0,1131000.0
65,2021-09-30 14:45:00,97200.0,600.0,1130900.0
66,2021-09-30 14:45:00,97200.0,200.0,1130300.0
67,2021-09-30 14:45:00,97200.0,100.0,1130100.0
68,2021-09-30 14:45:00,97200.0,4100.0,1130000.0
69,2021-09-30 14:45:00,97200.0,2000.0,1125900.0
70,2021-09-30 14:45:00,97200.0,2300.0,1123900.0
71,2021-09-30 14:45:00,97200.0,200.0,1121600.0
72,2021-09-30 14:29:27,97300.0,800.0,1121400.0
73,2021-09-30 14:29:26,97300.0,400.0,1120600.0
74,2021-09-30 14:29:06,97300.0,800.0,1120200.0
75,2021-09-30 14:29:05,97300.0,400.0,1119400.0
76,2021-09-30 14:28:54,97300.0,300.0,1119000.0
77,2021-09-30 14:28:54,97300.0,5900.0,1118700.0
78,2021-09-30 14:28:47,97300.0,100.0,1112800.0
79,2021-09-30 14:28:30,97200.0,800.0,1112700.0
80,2021-09-30 14:28:29,97200.0,400.0,1111900.0
81,2021-09-30 14:28:09,97300.0,100.0,1111500.0
82,2021-09-30 14:28:00,97200.0,800.0,1111400.0
83,2021-09-30 14:27:50,97200.0,800.0,1110600.0
84,2021-09-30 14:27:43,97200.0,5000.0,1109800.0
85,2021-09-30 14:27:40,97100.0,800.0,1104800.0
86,2021-09-30 14:27:30,97100.0,100.0,1104000.0
87,2021-09-30 14:27:30,97100.0,100.0,1103900.0
88,2021-09-30 14:27:30,97100.0,100.0,1103800.0
89,2021-09-30 14:27:30,97100.0,100.0,1103700.0
90,2021-09-30 14:27:30,97100.0,400.0,1103600.0
91,2021-09-30 14:27:20,97100.0,800.0,1103200.0
92,2021-09-30 14:27:09,97100.0,800.0,1102400.0
93,2021-09-30 14:27:03,97100.0,100.0,1101600.0
94,2021-09-30 14:27:03,97100.0,100.0,1101500.0
95,2021-09-30 14:27:03,97100.0,2800.0,1101400.0
96,2021-09-30 14:26:59,97100.0,800.0,1098600.0
97,2021-09-30 14:26:49,97100.0,800.0,1097800.0
98,2021-09-30 14:26:47,97100.0,500.0,1097000.0
99,2021-09-30 14:26:46,97100.0,200.0,1096500.0
100,2021-09-30 14:26:45,97100.0,200.0,1096300.0
101,2021-09-30 14:26:39,97100.0,800.0,1096100.0
102,2021-09-30 14:26:34,97100.0,1100.0,1095300.0
103,2021-09-30 14:26:30,97200.0,100.0,1094200.0
104,2021-09-30 14:26:30,97200.0,1300.0,1094100.0
105,2021-09-30 14:26:29,97100.0,800.0,1092800.0
106,2021-09-30 14:26:19,97100.0,700.0,1092000.0
107,2021-09-30 14:26:14,97200.0,700.0,1091300.0
108,2021-09-30 14:26:09,97100.0,700.0,1090600.0
109,2021-09-30 14:26:08,97200.0,100.0,1089900.0
110,2021-09-30 14:26:02,97200.0,100.0,1089800.0
111,2021-09-30 14:25:59,97100.0,600.0,1089700.0
112,2021-09-30 14:25:59,97100.0,100.0,1089100.0
113,2021-09-30 14:25:49,97100.0,100.0,1089000.0
114,2021-09-30 14:25:49,97100.0,300.0,1088900.0
115,2021-09-30 14:25:49,97100.0,100.0,1088600.0
116,2021-09-30 14:25:49,97100.0,200.0,1088500.0
117,2021-09-30 14:25:38,97100.0,500.0,1088300.0
118,2021-09-30 14:25:38,97100.0,200.0,1087800.0
119,2021-09-30 14:25:34,97200.0,300.0,1087600.0
120,2021-09-30 14:25:31,97200.0,200.0,1087300.0
121,2021-09-30 14:25:29,97100.0,100.0,1087100.0
122,2021-09-30 14:25:29,97100.0,300.0,1087000.0
123,2021-09-30 14:25:28,97100.0,700.0,1086700.0
124,2021-09-30 14:25:24,97100.0,400.0,1086000.0
125,2021-09-30 14:25:18,97100.0,700.0,1085600.0
126,2021-09-30 14:25:17,97100.0,1100.0,1084900.0
127,2021-09-30 14:25:08,97100.0,700.0,1083800.0
128,2021-09-30 14:24:58,97100.0,700.0,1083100.0
129,2021-09-30 14:24:54,97200.0,100.0,1082400.0
130,2021-09-30 14:24:48,97100.0,400.0,1082300.0
131,2021-09-30 14:24:48,97100.0,300.0,1081900.0
132,2021-09-30 14:24:38,97100.0,200.0,1081600.0
133,2021-09-30 14:24:38,97100.0,500.0,1081400.0
134,2021-09-30 14:24:32,97100.0,400.0,1080900.0
135,2021-09-30 14:24:31,97200.0,700.0,1080500.0
136,2021-09-30 14:24:31,97200.0,300.0,1079800.0
137,2021-09-30 14:24:28,97100.0,100.0,1079500.0
138,2021-09-30 14:24:28,97100.0,100.0,1079400.0
139,2021-09-30 14:24:28,97100.0,500.0,1079300.0
140,2021-09-30 14:24:27,97200.0,100.0,1078800.0
141,2021-09-30 14:24:18,97100.0,100.0,1078700.0
142,2021-09-30 14:24:18,97100.0,100.0,1078600.0
143,2021-09-30 14:24:18,97100.0,400.0,1078500.0
144,2021-09-30 14:24:18,97100.0,100.0,1078100.0
145,2021-09-30 14:24:16,97100.0,200.0,1078000.0
146,2021-09-30 14:24:16,97100.0,100.0,1077800.0
147,2021-09-30 14:24:16,97100.0,100.0,1077700.0
148,2021-09-30 14:24:16,97100.0,100.0,1077600.0
149,2021-09-30 14:24:16,97100.0,100.0,1077500.0
150,2021-09-30 14:24:16,97100.0,100.0,1077400.0
151,2021-09-30 14:24:16,97100.0,100.0,1077300.0
152,2021-09-30 14:24:15,97100.0,400.0,1077200.0
153,2021-09-30 14:24:07,97100.0,600.0,1076800.0
154,2021-09-30 14:24:07,97100.0,100.0,1076200.0
155,2021-09-30 14:23:58,97100.0,400.0,1076100.0
156,2021-09-30 14:23:57,97100.0,200.0,1075700.0
157,2021-09-30 14:23:57,97100.0,700.0,1075500.0
158,2021-09-30 14:23:47,97100.0,600.0,1074800.0
159,2021-09-30 14:23:47,97100.0,100.0,1074200.0
160,2021-09-30 14:23:41,97100.0,100.0,1074100.0
161,2021-09-30 14:23:41,97100.0,500.0,1074000.0
162,2021-09-30 14:23:37,97100.0,500.0,1073500.0
163,2021-09-30 14:23:37,97100.0,200.0,1073000.0
164,2021-09-30 14:23:36,97100.0,600.0,1072800.0
165,2021-09-30 14:23:29,97100.0,200.0,1072200.0
166,2021-09-30 14:23:29,97100.0,1000.0,1072000.0
167,2021-09-30 14:23:29,97100.0,500.0,1071000.0
168,2021-09-30 14:23:27,97100.0,100.0,1070500.0
169,2021-09-30 14:23:27,97100.0,200.0,1070400.0
170,2021-09-30 14:23:27,97100.0,400.0,1070200.0
171,2021-09-30 14:23:17,97100.0,600.0,1069800.0
172,2021-09-30 14:23:17,97100.0,100.0,1069200.0
173,2021-09-30 14:23:07,97100.0,100.0,1069100.0
174,2021-09-30 14:23:07,97100.0,500.0,1069000.0
175,2021-09-30 14:23:07,97200.0,100.0,1068500.0
176,2021-09-30 14:23:03,97200.0,400.0,1068400.0
177,2021-09-30 14:23:03,97200.0,100.0,1068000.0
178,2021-09-30 14:23:03,97200.0,100.0,1067900.0
179,2021-09-30 14:22:57,97200.0,100.0,1067800.0
180,2021-09-30 14:22:57,97200.0,600.0,1067700.0
181,2021-09-30 14:22:55,97200.0,400.0,1067100.0
182,2021-09-30 14:22:55,97200.0,200.0,1066700.0
183,2021-09-30 14:22:55,97200.0,100.0,1066500.0
184,2021-09-30 14:22:55,97200.0,300.0,1066400.0
185,2021-09-30 14:22:55,97200.0,200.0,1066100.0
186,2021-09-30 14:22:55,97200.0,200.0,1065900.0
187,2021-09-30 14:22:55,97200.0,100.0,1065700.0
188,2021-09-30 14:22:55,97200.0,100.0,1065600.0
189,2021-09-30 14:22:55,97200.0,100.0,1065500.0
190,2021-09-30 14:22:55,97200.0,100.0,1065400.0
191,2021-09-30 14:22:55,97200.0,100.0,1065300.0
192,2021-09-30 14:22:55,97200.0,100.0,1065200.0
193,2021-09-30 14:22:55,97200.0,100.0,1065100.0
194,2021-09-30 14:22:55,97200.0,100.0,1065000.0
195,2021-09-30 14:22:55,97200.0,200.0,1064900.0
196,2021-09-30 14:22:55,97200.0,100.0,1064700.0
197,2021-09-30 14:22:55,97200.0,100.0,1064600.0
198,2021-09-30 14:22:55,97200.0,100.0,1064500.0
199,2021-09-30 14:22:55,97200.0,200.0,1064400.0
200,2021-09-30 14:22:55,97200.0,100.0,1064200.0
201,2021-09-30 14:22:55,97200.0,200.0,1064100.0
202,2021-09-30 14:22:55,97200.0,100.0,1063900.0
203,2021-09-30 14:22:55,97200.0,200.0,1063800.0
204,2021-09-30 14:22:55,97200.0,100.0,1063600.0
205,2021-09-30 14:22:55,97200.0,100.0,1063500.0
206,2021-09-30 14:22:55,97200.0,100.0,1063400.0
207,2021-09-30 14:22:55,97200.0,500.0,1063300.0
208,2021-09-30 14:22:55,97200.0,700.0,1062800.0
209,2021-09-30 14:22:48,97200.0,300.0,1062100.0
210,2021-09-30 14:22:48,97200.0,1000.0,1061800.0
211,2021-09-30 14:22:46,97200.0,700.0,1060800.0
212,2021-09-30 14:22:36,97200.0,700.0,1060100.0
213,2021-09-30 14:22:29,97200.0,400.0,1059400.0
214,2021-09-30 14:22:28,97200.0,200.0,1059000.0
215,2021-09-30 14:22:27,97200.0,2000.0,1058800.0
216,2021-09-30 14:22:27,97300.0,300.0,1056800.0
217,2021-09-30 14:22:26,97200.0,700.0,1056500.0
218,2021-09-30 14:22:24,97200.0,400.0,1055800.0
219,2021-09-30 14:22:23,97200.0,200.0,1055400.0
220,2021-09-30 14:22:16,97200.0,700.0,1055200.0
221,2021-09-30 14:22:06,97200.0,700.0,1054500.0
222,2021-09-30 14:22:00,97300.0,100.0,1053800.0
223,2021-09-30 14:21:59,97300.0,700.0,1053700.0
224,2021-09-30 14:21:59,97300.0,2000.0,1053000.0
225,2021-09-30 14:21:59,97300.0,200.0,1051000.0
226,2021-09-30 14:21:59,97300.0,100.0,1050800.0
227,2021-09-30 14:21:56,97200.0,700.0,1050700.0
228,2021-09-30 14:21:53,97200.0,700.0,1050000.0
229,2021-09-30 14:21:48,97200.0,100.0,1049300.0
230,2021-09-30 14:21:48,97200.0,100.0,1049200.0
231,2021-09-30 14:21:48,97200.0,500.0,1049100.0
232,2021-09-30 14:21:46,97200.0,500.0,1048600.0
233,2021-09-30 14:21:46,97200.0,200.0,1048100.0
234,2021-09-30 14:21:41,97200.0,100.0,1047900.0
235,2021-09-30 14:21:41,97200.0,100.0,1047800.0
236,2021-09-30 14:21:41,97200.0,900.0,1047700.0
237,2021-09-30 14:21:41,97200.0,700.0,1046800.0
238,2021-09-30 14:21:36,97200.0,300.0,1046100.0
239,2021-09-30 14:21:36,97200.0,100.0,1045800.0
240,2021-09-30 14:21:26,97200.0,400.0,1045700.0
241,2021-09-30 14:21:15,97200.0,400.0,1045300.0
242,2021-09-30 14:21:05,97200.0,100.0,1044900.0
243,2021-09-30 14:21:05,97200.0,300.0,1044800.0
244,2021-09-30 14:20:55,97200.0,400.0,1044500.0
245,2021-09-30 14:20:45,97200.0,400.0,1044100.0
246,2021-09-30 14:20:35,97200.0,400.0,1043700.0
247,2021-09-30 14:20:28,97300.0,100.0,1043300.0
248,2021-09-30 14:20:25,97200.0,400.0,1043200.0
249,2021-09-30 14:20:20,97200.0,400.0,1042800.0
250,2021-09-30 14:20:20,97200.0,100.0,1042400.0
251,2021-09-30 14:20:20,97200.0,100.0,1042300.0
252,2021-09-30 14:20:20,97200.0,500.0,1042200.0
253,2021-09-30 14:20:20,97200.0,100.0,1041700.0
254,2021-09-30 14:20:20,97200.0,100.0,1041600.0
255,2021-09-30 14:20:20,97200.0,100.0,1041500.0
256,2021-09-30 14:20:20,97200.0,200.0,1041400.0
257,2021-09-30 14:20:20,97200.0,100.0,1041200.0
258,2021-09-30 14:20:20,97200.0,400.0,1041100.0
259,2021-09-30 14:20:20,97200.0,300.0,1040700.0
260,2021-09-30 14:20:18,97300.0,100.0,1040400.0
261,2021-09-30 14:20:15,97200.0,200.0,1040300.0
262,2021-09-30 14:20:15,97200.0,200.0,1040100.0
263,2021-09-30 14:20:05,97200.0,100.0,1039900.0
264,2021-09-30 14:20:05,97200.0,100.0,1039800.0
265,2021-09-30 14:20:05,97200.0,100.0,1039700.0
266,2021-09-30 14:20:05,97200.0,300.0,1039600.0
267,2021-09-30 14:20:05,97200.0,200.0,1039300.0
268,2021-09-30 14:20:05,97200.0,100.0,1039100.0
269,2021-09-30 14:20:05,97200.0,100.0,1039000.0
270,2021-09-30 14:20:01,97200.0,200.0,1038900.0
271,2021-09-30 14:20:00,97200.0,700.0,1038700.0
272,2021-09-30 14:19:55,97300.0,200.0,1038000.0
273,2021-09-30 14:19:55,97200.0,400.0,1037800.0
274,2021-09-30 14:19:54,97200.0,700.0,1037400.0
275,2021-09-30 14:19:54,97200.0,100.0,1036700.0
276,2021-09-30 14:19:54,97200.0,100.0,1036600.0
277,2021-09-30 14:19:54,97200.0,700.0,1036500.0
278,2021-09-30 14:19:44,97200.0,300.0,1035800.0
279,2021-09-30 14:19:44,97200.0,100.0,1035500.0
280,2021-09-30 14:19:39,97300.0,1000.0,1035400.0
281,2021-09-30 14:19:34,97200.0,100.0,1034400.0
282,2021-09-30 14:19:34,97200.0,300.0,1034300.0
283,2021-09-30 14:19:24,97200.0,200.0,1034000.0
284,2021-09-30 14:19:24,97200.0,200.0,1033800.0
285,2021-09-30 14:19:14,97200.0,300.0,1033600.0
286,2021-09-30 14:19:14,97200.0,100.0,1033300.0
287,2021-09-30 14:19:04,97200.0,100.0,1033200.0
288,2021-09-30 14:19:04,97200.0,200.0,1033100.0
289,2021-09-30 14:19:04,97200.0,100.0,1032900.0
290,2021-09-30 14:19:03,97300.0,500.0,1032800.0
291,2021-09-30 14:19:01,97300.0,100.0,1032300.0
292,2021-09-30 14:19:00,97300.0,200.0,1032200.0
293,2021-09-30 14:19:00,97300.0,2000.0,1032000.0
294,2021-09-30 14:19:00,97300.0,100.0,1030000.0
295,2021-09-30 14:19:00,97300.0,200.0,1029900.0
296,2021-09-30 14:19:00,97300.0,200.0,1029700.0
297,2021-09-30 14:19:00,97300.0,100.0,1029500.0
298,2021-09-30 14:18:54,97300.0,200.0,1029400.0
299,2021-09-30 14:18:54,97300.0,200.0,1029200.0
300,2021-09-30 14:18:44,97300.0,300.0,1029000.0
301,2021-09-30 14:18:44,97300.0,100.0,1028700.0
302,2021-09-30 14:18:41,97300.0,100.0,1028600.0
303,2021-09-30 14:18:39,97300.0,100.0,1028500.0
304,2021-09-30 14:18:39,97300.0,200.0,1028400.0
305,2021-09-30 14:18:39,97300.0,100.0,1028200.0
306,2021-09-30 14:18:39,97300.0,200.0,1028100.0
307,2021-09-30 14:18:39,97300.0,300.0,1027900.0
308,2021-09-30 14:18:39,97300.0,600.0,1027600.0
309,2021-09-30 14:18:38,97300.0,100.0,1027000.0
310,2021-09-30 14:18:38,97300.0,200.0,1026900.0
311,2021-09-30 14:18:38,97300.0,3200.0,1026700.0
312,2021-09-30 14:18:38,97400.0,100.0,1023500.0
313,2021-09-30 14:18:34,97300.0,400.0,1023400.0
314,2021-09-30 14:18:24,97300.0,400.0,1023000.0
315,2021-09-30 14:18:24,97300.0,2900.0,1022600.0
316,2021-09-30 14:18:24,97300.0,1100.0,1019700.0
317,2021-09-30 14:18:24,97300.0,200.0,1018600.0
318,2021-09-30 14:18:24,97300.0,100.0,1018400.0
319,2021-09-30 14:18:24,97300.0,200.0,1018300.0
320,2021-09-30 14:18:24,97300.0,100.0,1018100.0
321,2021-09-30 14:18:24,97300.0,1000.0,1018000.0
322,2021-09-30 14:18:16,97300.0,2300.0,1017000.0
323,2021-09-30 14:18:14,97300.0,200.0,1014700.0
324,2021-09-30 14:18:13,97300.0,100.0,1014500.0
325,2021-09-30 14:18:13,97300.0,100.0,1014400.0
326,2021-09-30 14:18:13,97300.0,300.0,1014300.0
327,2021-09-30 14:18:12,97300.0,200.0,1014000.0
328,2021-09-30 14:18:12,97300.0,200.0,1013800.0
329,2021-09-30 14:18:12,97300.0,100.0,1013600.0
330,2021-09-30 14:18:12,97300.0,100.0,1013500.0
331,2021-09-30 14:18:11,97300.0,100.0,1013400.0
332,2021-09-30 14:18:05,97300.0,100.0,1013300.0
333,2021-09-30 14:18:05,97300.0,100.0,1013200.0
334,2021-09-30 14:18:05,97300.0,100.0,1013100.0
335,2021-09-30 14:18:05,97300.0,200.0,1013000.0
336,2021-09-30 14:18:05,97300.0,100.0,1012800.0
337,2021-09-30 14:18:05,97300.0,100.0,1012700.0
338,2021-09-30 14:18:05,97300.0,100.0,1012600.0
339,2021-09-30 14:18:05,97300.0,100.0,1012500.0
340,2021-09-30 14:18:05,97300.0,400.0,1012400.0
341,2021-09-30 14:18:03,97300.0,400.0,1012000.0
342,2021-09-30 14:17:53,97300.0,400.0,1011600.0
343,2021-09-30 14:17:46,97400.0,200.0,1011200.0
344,2021-09-30 14:17:43,97300.0,400.0,1011000.0
345,2021-09-30 14:17:38,97400.0,200.0,1010600.0
346,2021-09-30 14:17:35,97400.0,200.0,1010400.0
347,2021-09-30 14:17:33,97300.0,400.0,1010200.0
348,2021-09-30 14:17:32,97300.0,800.0,1009800.0
349,2021-09-30 14:17:31,97300.0,400.0,1009000.0
350,2021-09-30 14:17:23,97300.0,400.0,1008600.0
351,2021-09-30 14:17:13,97300.0,400.0,1008200.0
352,2021-09-30 14:17:03,97300.0,400.0,1007800.0
353,2021-09-30 14:16:53,97300.0,400.0,1007400.0
354,2021-09-30 14:16:53,97300.0,200.0,1007000.0
355,2021-09-30 14:16:52,97300.0,100.0,1006800.0
356,2021-09-30 14:16:42,97300.0,400.0,1006700.0
357,2021-09-30 14:16:32,97300.0,400.0,1006300.0
358,2021-09-30 14:16:29,97300.0,500.0,1005900.0
359,2021-09-30 14:16:24,97300.0,600.0,1005400.0
360,2021-09-30 14:16:24,97300.0,800.0,1004800.0
361,2021-09-30 14:16:23,97300.0,400.0,1004000.0
362,2021-09-30 14:16:22,97300.0,400.0,1003600.0
363,2021-09-30 14:16:17,97300.0,1300.0,1003200.0
364,2021-09-30 14:16:12,97300.0,100.0,1001900.0
365,2021-09-30 14:16:12,97300.0,200.0,1001800.0
366,2021-09-30 14:16:12,97300.0,100.0,1001600.0
367,2021-09-30 14:16:10,97300.0,200.0,1001500.0
368,2021-09-30 14:16:02,97300.0,200.0,1001300.0
369,2021-09-30 14:16:02,97300.0,200.0,1001100.0
370,2021-09-30 14:15:52,97300.0,100.0,1000900.0
371,2021-09-30 14:15:52,97300.0,100.0,1000800.0
372,2021-09-30 14:15:52,97300.0,200.0,1000700.0
373,2021-09-30 14:15:50,97400.0,1200.0,1000500.0
374,2021-09-30 14:15:43,97300.0,200.0,999300.0
375,2021-09-30 14:15:42,97300.0,100.0,999100.0
376,2021-09-30 14:15:42,97300.0,400.0,999000.0
377,2021-09-30 14:15:32,97300.0,100.0,998600.0
378,2021-09-30 14:15:32,97300.0,300.0,998500.0
379,2021-09-30 14:15:24,97300.0,200.0,998200.0
380,2021-09-30 14:15:24,97300.0,100.0,998000.0
381,2021-09-30 14:15:21,97300.0,100.0,997900.0
382,2021-09-30 14:15:21,97300.0,100.0,997800.0
383,2021-09-30 14:15:21,97300.0,200.0,997700.0
384,2021-09-30 14:15:11,97300.0,100.0,997500.0
385,2021-09-30 14:15:11,97300.0,300.0,997400.0
386,2021-09-30 14:15:05,97300.0,100.0,997100.0
387,2021-09-30 14:15:05,97300.0,100.0,997000.0
388,2021-09-30 14:15:05,97300.0,100.0,996900.0
389,2021-09-30 14:15:01,97300.0,100.0,996800.0
390,2021-09-30 14:15:01,97300.0,100.0,996700.0
391,2021-09-30 14:15:01,97300.0,200.0,996600.0
392,2021-09-30 14:14:51,97300.0,200.0,996400.0
393,2021-09-30 14:14:51,97300.0,100.0,996200.0
394,2021-09-30 14:14:51,97300.0,100.0,996100.0
395,2021-09-30 14:14:42,97400.0,100.0,996000.0
396,2021-09-30 14:14:41,97300.0,100.0,995900.0
397,2021-09-30 14:14:41,97300.0,100.0,995800.0
398,2021-09-30 14:14:41,97300.0,200.0,995700.0
399,2021-09-30 14:14:41,97300.0,200.0,995500.0
400,2021-09-30 14:14:41,97300.0,100.0,995300.0
401,2021-09-30 14:14:41,97300.0,100.0,995200.0
402,2021-09-30 14:14:36,97300.0,200.0,995100.0
403,2021-09-30 14:14:36,97300.0,100.0,994900.0
404,2021-09-30 14:14:31,97300.0,100.0,994800.0
405,2021-09-30 14:14:31,97300.0,100.0,994700.0
406,2021-09-30 14:14:31,97300.0,200.0,994600.0
407,2021-09-30 14:14:29,97300.0,300.0,994400.0
408,2021-09-30 14:14:29,97300.0,100.0,994100.0
409,2021-09-30 14:14:29,97300.0,100.0,994000.0
410,2021-09-30 14:14:29,97300.0,100.0,993900.0
411,2021-09-30 14:14:29,97300.0,100.0,993800.0
412,2021-09-30 14:14:29,97300.0,100.0,993700.0
413,2021-09-30 14:14:21,97300.0,400.0,993600.0
414,2021-09-30 14:14:14,97300.0,200.0,993200.0
415,2021-09-30 14:14:13,97300.0,100.0,993000.0
416,2021-09-30 14:14:11,97300.0,400.0,992900.0
417,2021-09-30 14:14:01,97300.0,400.0,992500.0
418,2021-09-30 14:13:50,97300.0,400.0,992100.0
419,2021-09-30 14:13:50,97400.0,1700.0,991700.0
420,2021-09-30 14:13:40,97300.0,400.0,990000.0
421,2021-09-30 14:13:30,97300.0,400.0,989600.0
422,2021-09-30 14:13:29,97300.0,200.0,989200.0
423,2021-09-30 14:13:29,97300.0,100.0,989000.0
424,2021-09-30 14:13:20,97300.0,400.0,988900.0
425,2021-09-30 14:13:10,97300.0,400.0,988500.0
426,2021-09-30 14:13:01,97500.0,400.0,988100.0
427,2021-09-30 14:13:01,97500.0,200.0,987700.0
428,2021-09-30 14:13:01,97400.0,200.0,987500.0
429,2021-09-30 14:13:00,97300.0,400.0,987300.0
430,2021-09-30 14:12:53,97400.0,200.0,986900.0
431,2021-09-30 14:12:50,97400.0,100.0,986700.0
432,2021-09-30 14:12:50,97400.0,300.0,986600.0
433,2021-09-30 14:12:48,97400.0,400.0,986300.0
434,2021-09-30 14:12:47,97400.0,900.0,985900.0
435,2021-09-30 14:12:41,97400.0,1000.0,985000.0
436,2021-09-30 14:12:40,97400.0,400.0,984000.0
437,2021-09-30 14:12:35,97400.0,400.0,983600.0
438,2021-09-30 14:12:35,97400.0,200.0,983200.0
439,2021-09-30 14:12:35,97400.0,1400.0,983000.0
440,2021-09-30 14:12:30,97300.0,400.0,981600.0
441,2021-09-30 14:12:26,97400.0,1600.0,981200.0
442,2021-09-30 14:12:19,97300.0,400.0,979600.0
443,2021-09-30 14:12:09,97300.0,500.0,979200.0
444,2021-09-30 14:11:59,97300.0,500.0,978700.0
445,2021-09-30 14:11:55,97500.0,200.0,978200.0
446,2021-09-30 14:11:54,97500.0,1600.0,978000.0
447,2021-09-30 14:11:49,97300.0,500.0,976400.0
448,2021-09-30 14:11:44,97500.0,800.0,975900.0
449,2021-09-30 14:11:39,97300.0,500.0,975100.0
450,2021-09-30 14:11:29,97300.0,500.0,974600.0
451,2021-09-30 14:11:28,97500.0,200.0,974100.0
452,2021-09-30 14:11:23,97500.0,900.0,973900.0
453,2021-09-30 14:11:23,97400.0,400.0,973000.0
454,2021-09-30 14:11:23,97400.0,300.0,972600.0
455,2021-09-30 14:11:19,97300.0,500.0,972300.0
456,2021-09-30 14:11:17,97400.0,100.0,971800.0
457,2021-09-30 14:11:09,97300.0,500.0,971700.0
458,2021-09-30 14:10:59,97400.0,200.0,971200.0
459,2021-09-30 14:10:59,97400.0,200.0,971000.0
460,2021-09-30 14:10:58,97400.0,400.0,970800.0
461,2021-09-30 14:10:48,97400.0,400.0,970400.0
462,2021-09-30 14:10:48,97400.0,100.0,970000.0
463,2021-09-30 14:10:38,97400.0,500.0,969900.0
464,2021-09-30 14:10:28,97400.0,400.0,969400.0
465,2021-09-30 14:10:18,97300.0,400.0,969000.0
466,2021-09-30 14:10:08,97300.0,400.0,968600.0
467,2021-09-30 14:09:58,97300.0,400.0,968200.0
468,2021-09-30 14:09:48,97300.0,400.0,967800.0
469,2021-09-30 14:09:38,97300.0,400.0,967400.0
470,2021-09-30 14:09:28,97300.0,400.0,967000.0
471,2021-09-30 14:09:22,97300.0,1000.0,966600.0
472,2021-09-30 14:09:22,97400.0,500.0,965600.0
473,2021-09-30 14:09:21,97400.0,500.0,965100.0
474,2021-09-30 14:09:21,97400.0,200.0,964600.0
475,2021-09-30 14:09:21,97400.0,100.0,964400.0
476,2021-09-30 14:09:21,97400.0,400.0,964300.0
477,2021-09-30 14:09:21,97400.0,500.0,963900.0
478,2021-09-30 14:09:21,97400.0,1100.0,963400.0
479,2021-09-30 14:09:21,97400.0,2000.0,962300.0
480,2021-09-30 14:09:21,97400.0,1600.0,960300.0
481,2021-09-30 14:09:21,97400.0,400.0,958700.0
482,2021-09-30 14:09:21,97400.0,200.0,958300.0
483,2021-09-30 14:09:21,97400.0,3000.0,958100.0
484,2021-09-30 14:09:17,97300.0,400.0,955100.0
485,2021-09-30 14:09:07,97300.0,400.0,954700.0
486,2021-09-30 14:08:57,97300.0,400.0,954300.0
487,2021-09-30 14:08:48,97300.0,400.0,953900.0
488,2021-09-30 14:08:47,97300.0,400.0,953500.0
489,2021-09-30 14:08:37,97300.0,400.0,953100.0
490,2021-09-30 14:08:35,97300.0,400.0,952700.0
491,2021-09-30 14:08:34,97300.0,200.0,952300.0
492,2021-09-30 14:08:32,97300.0,400.0,952100.0
493,2021-09-30 14:08:31,97300.0,200.0,951700.0
494,2021-09-30 14:08:27,97300.0,400.0,951500.0
495,2021-09-30 14:08:24,97300.0,300.0,951100.0
496,2021-09-30 14:08:17,97300.0,400.0,950800.0
497,2021-09-30 14:08:07,97300.0,400.0,950400.0
498,2021-09-30 14:08:07,97300.0,400.0,950000.0
499,2021-09-30 14:08:07,97300.0,200.0,949600.0
500,2021-09-30 14:07:57,97300.0,400.0,949400.0
501,2021-09-30 14:07:46,97300.0,400.0,949000.0
502,2021-09-30 14:07:36,97300.0,400.0,948600.0
503,2021-09-30 14:07:31,97300.0,100.0,948200.0
504,2021-09-30 14:07:31,97300.0,200.0,948100.0
505,2021-09-30 14:07:31,97300.0,500.0,947900.0
506,2021-09-30 14:07:31,97300.0,100.0,947400.0
507,2021-09-30 14:07:31,97300.0,100.0,947300.0
508,2021-09-30 14:07:31,97300.0,500.0,947200.0
509,2021-09-30 14:07:27,97400.0,100.0,946700.0
510,2021-09-30 14:07:26,97300.0,400.0,946600.0
511,2021-09-30 14:07:16,97400.0,300.0,946200.0
512,2021-09-30 14:07:16,97400.0,200.0,945900.0
513,2021-09-30 14:07:16,97300.0,100.0,945700.0
514,2021-09-30 14:07:16,97300.0,100.0,945600.0
515,2021-09-30 14:07:16,97300.0,200.0,945500.0
516,2021-09-30 14:07:06,97300.0,500.0,945300.0
517,2021-09-30 14:06:56,97300.0,500.0,944800.0
518,2021-09-30 14:06:46,97300.0,500.0,944300.0
519,2021-09-30 14:06:39,97400.0,200.0,943800.0
520,2021-09-30 14:06:38,97400.0,200.0,943600.0
521,2021-09-30 14:06:37,97400.0,300.0,943400.0
522,2021-09-30 14:06:37,97400.0,3000.0,943100.0
523,2021-09-30 14:06:37,97400.0,1000.0,940100.0
524,2021-09-30 14:06:37,97400.0,200.0,939100.0
525,2021-09-30 14:06:37,97400.0,100.0,938900.0
526,2021-09-30 14:06:37,97400.0,2000.0,938800.0
527,2021-09-30 14:06:37,97400.0,3400.0,936800.0
528,2021-09-30 14:06:36,97300.0,1400.0,933400.0
529,2021-09-30 14:06:36,97300.0,100.0,932000.0
530,2021-09-30 14:06:36,97300.0,400.0,931900.0
531,2021-09-30 14:06:25,97300.0,100.0,931500.0
532,2021-09-30 14:06:25,97300.0,200.0,931400.0
533,2021-09-30 14:06:25,97300.0,100.0,931200.0
534,2021-09-30 14:06:25,97300.0,100.0,931100.0
535,2021-09-30 14:06:22,97400.0,100.0,931000.0
536,2021-09-30 14:06:15,97300.0,500.0,930900.0
537,2021-09-30 14:06:14,97300.0,1000.0,930400.0
538,2021-09-30 14:06:05,97300.0,500.0,929400.0
539,2021-09-30 14:05:56,97300.0,800.0,928900.0
540,2021-09-30 14:05:55,97300.0,500.0,928100.0
541,2021-09-30 14:05:55,97300.0,400.0,927600.0
542,2021-09-30 14:05:45,97300.0,500.0,927200.0
543,2021-09-30 14:05:35,97300.0,500.0,926700.0
544,2021-09-30 14:05:25,97300.0,500.0,926200.0
545,2021-09-30 14:05:25,97400.0,1500.0,925700.0
546,2021-09-30 14:05:25,97400.0,1000.0,924200.0
547,2021-09-30 14:05:25,97400.0,400.0,923200.0
548,2021-09-30 14:05:25,97400.0,100.0,922800.0
549,2021-09-30 14:05:15,97300.0,500.0,922700.0
550,2021-09-30 14:05:09,97300.0,2900.0,922200.0
551,2021-09-30 14:05:09,97300.0,600.0,919300.0
552,2021-09-30 14:05:09,97300.0,600.0,918700.0
553,2021-09-30 14:05:09,97300.0,100.0,918100.0
554,2021-09-30 14:05:05,97200.0,500.0,918000.0
555,2021-09-30 14:04:59,97200.0,400.0,917500.0
556,2021-09-30 14:04:59,97200.0,400.0,917100.0
557,2021-09-30 14:04:57,97200.0,100.0,916700.0
558,2021-09-30 14:04:57,97200.0,200.0,916600.0
559,2021-09-30 14:04:56,97200.0,200.0,916400.0
560,2021-09-30 14:04:55,97200.0,100.0,916200.0
561,2021-09-30 14:04:54,97200.0,100.0,916100.0
562,2021-09-30 14:04:54,97200.0,100.0,916000.0
563,2021-09-30 14:04:54,97200.0,300.0,915900.0
564,2021-09-30 14:04:50,97200.0,300.0,915600.0
565,2021-09-30 14:04:50,97300.0,100.0,915300.0
566,2021-09-30 14:04:49,97300.0,200.0,915200.0
567,2021-09-30 14:04:49,97300.0,200.0,915000.0
568,2021-09-30 14:04:49,97300.0,100.0,914800.0
569,2021-09-30 14:04:49,97300.0,200.0,914700.0
570,2021-09-30 14:04:49,97300.0,500.0,914500.0
571,2021-09-30 14:04:49,97300.0,100.0,914000.0
572,2021-09-30 14:04:49,97300.0,100.0,913900.0
573,2021-09-30 14:04:49,97300.0,1400.0,913800.0
574,2021-09-30 14:04:48,97300.0,700.0,912400.0
575,2021-09-30 14:04:45,97300.0,200.0,911700.0
576,2021-09-30 14:04:44,97300.0,100.0,911500.0
577,2021-09-30 14:04:44,97300.0,500.0,911400.0
578,2021-09-30 14:04:43,97300.0,200.0,910900.0
579,2021-09-30 14:04:42,97300.0,100.0,910700.0
580,2021-09-30 14:04:34,97300.0,500.0,910600.0
581,2021-09-30 14:04:24,97300.0,500.0,910100.0
582,2021-09-30 14:04:23,97300.0,800.0,909600.0
583,2021-09-30 14:04:23,97300.0,200.0,908800.0
584,2021-09-30 14:04:23,97300.0,100.0,908600.0
585,2021-09-30 14:04:23,97300.0,100.0,908500.0
586,2021-09-30 14:04:23,97300.0,200.0,908400.0
587,2021-09-30 14:04:23,97300.0,600.0,908200.0
588,2021-09-30 14:04:14,97300.0,500.0,907600.0
589,2021-09-30 14:04:04,97300.0,500.0,907100.0
590,2021-09-30 14:03:56,97400.0,100.0,906600.0
591,2021-09-30 14:03:54,97300.0,500.0,906500.0
592,2021-09-30 14:03:44,97300.0,500.0,906000.0
593,2021-09-30 14:03:34,97300.0,500.0,905500.0
594,2021-09-30 14:03:23,97300.0,500.0,905000.0
595,2021-09-30 14:03:22,97300.0,200.0,904500.0
596,2021-09-30 14:03:21,97300.0,100.0,904300.0
597,2021-09-30 14:03:13,97300.0,500.0,904200.0
598,2021-09-30 14:03:04,97300.0,200.0,903700.0
599,2021-09-30 14:03:03,97300.0,400.0,903500.0
600,2021-09-30 14:03:03,97300.0,100.0,903100.0
601,2021-09-30 14:03:03,97300.0,100.0,903000.0
602,2021-09-30 14:03:00,97300.0,1300.0,902900.0
603,2021-09-30 14:03:00,97300.0,200.0,901600.0
604,2021-09-30 14:03:00,97300.0,100.0,901400.0
605,2021-09-30 14:03:00,97300.0,100.0,901300.0
606,2021-09-30 14:03:00,97300.0,100.0,901200.0
607,2021-09-30 14:03:00,97300.0,100.0,901100.0
608,2021-09-30 14:03:00,97300.0,1100.0,901000.0
609,2021-09-30 14:02:53,97300.0,500.0,899900.0
610,2021-09-30 14:02:43,97300.0,500.0,899400.0
611,2021-09-30 14:02:33,97300.0,500.0,898900.0
612,2021-09-30 14:02:25,97300.0,400.0,898400.0
613,2021-09-30 14:02:23,97300.0,100.0,898000.0
614,2021-09-30 14:02:13,97200.0,400.0,897900.0
615,2021-09-30 14:02:13,97200.0,100.0,897500.0
616,2021-09-30 14:02:08,97300.0,200.0,897400.0
617,2021-09-30 14:02:08,97300.0,100.0,897200.0
618,2021-09-30 14:02:08,97300.0,200.0,897100.0
619,2021-09-30 14:02:08,97300.0,100.0,896900.0
620,2021-09-30 14:02:08,97300.0,1900.0,896800.0
621,2021-09-30 14:01:52,97200.0,500.0,894900.0
622,2021-09-30 14:01:42,97200.0,500.0,894400.0
623,2021-09-30 14:01:37,97300.0,200.0,893900.0
624,2021-09-30 14:01:35,97300.0,100.0,893700.0
625,2021-09-30 14:01:35,97300.0,100.0,893600.0
626,2021-09-30 14:01:34,97300.0,100.0,893500.0
627,2021-09-30 14:01:34,97300.0,100.0,893400.0
628,2021-09-30 14:01:34,97300.0,4800.0,893300.0
629,2021-09-30 14:01:32,97200.0,500.0,888500.0
630,2021-09-30 14:01:22,97200.0,500.0,888000.0
631,2021-09-30 14:01:21,97200.0,200.0,887500.0
632,2021-09-30 14:01:21,97200.0,100.0,887300.0
633,2021-09-30 14:01:12,97200.0,500.0,887200.0
634,2021-09-30 14:01:12,97300.0,200.0,886700.0
635,2021-09-30 14:01:02,97200.0,500.0,886500.0
636,2021-09-30 14:01:01,97200.0,500.0,886000.0
637,2021-09-30 14:00:58,97200.0,500.0,885500.0
638,2021-09-30 14:00:55,97200.0,900.0,885000.0
639,2021-09-30 14:00:52,97200.0,500.0,884100.0
640,2021-09-30 14:00:42,97200.0,500.0,883600.0
641,2021-09-30 14:00:32,97200.0,500.0,883100.0
642,2021-09-30 14:00:26,97300.0,200.0,882600.0
643,2021-09-30 14:00:26,97300.0,400.0,882400.0
644,2021-09-30 14:00:26,97300.0,100.0,882000.0
645,2021-09-30 14:00:21,97200.0,500.0,881900.0
646,2021-09-30 14:00:11,97200.0,500.0,881400.0
647,2021-09-30 14:00:02,97200.0,500.0,880900.0
648,2021-09-30 13:59:58,97300.0,100.0,880400.0
649,2021-09-30 13:59:57,97300.0,2000.0,880300.0
650,2021-09-30 13:59:51,97200.0,500.0,878300.0
651,2021-09-30 13:59:43,97200.0,400.0,877800.0
652,2021-09-30 13:59:42,97200.0,200.0,877400.0
653,2021-09-30 13:59:41,97200.0,500.0,877200.0
654,2021-09-30 13:59:40,97200.0,100.0,876700.0
655,2021-09-30 13:59:40,97200.0,100.0,876600.0
656,2021-09-30 13:59:40,97200.0,200.0,876500.0
657,2021-09-30 13:59:39,97200.0,200.0,876300.0
658,2021-09-30 13:59:31,97200.0,500.0,876100.0
659,2021-09-30 13:59:29,97200.0,100.0,875600.0
660,2021-09-30 13:59:29,97200.0,100.0,875500.0
661,2021-09-30 13:59:21,97200.0,100.0,875400.0
662,2021-09-30 13:59:21,97200.0,100.0,875300.0
663,2021-09-30 13:59:21,97200.0,200.0,875200.0
664,2021-09-30 13:59:21,97200.0,100.0,875000.0
665,2021-09-30 13:59:13,97200.0,100.0,874900.0
666,2021-09-30 13:59:13,97200.0,100.0,874800.0
667,2021-09-30 13:59:13,97200.0,200.0,874700.0
668,2021-09-30 13:59:13,97200.0,100.0,874500.0
669,2021-09-30 13:59:13,97200.0,2000.0,874400.0
670,2021-09-30 13:59:11,97200.0,500.0,872400.0
671,2021-09-30 13:59:11,97200.0,400.0,871900.0
672,2021-09-30 13:59:07,97200.0,400.0,871500.0
673,2021-09-30 13:59:05,97300.0,100.0,871100.0
674,2021-09-30 13:59:04,97200.0,400.0,871000.0
675,2021-09-30 13:59:03,97200.0,200.0,870600.0
676,2021-09-30 13:59:00,97200.0,500.0,870400.0
677,2021-09-30 13:58:50,97200.0,500.0,869900.0
678,2021-09-30 13:58:40,97200.0,300.0,869400.0
679,2021-09-30 13:58:40,97200.0,200.0,869100.0
680,2021-09-30 13:58:40,97300.0,200.0,868900.0
681,2021-09-30 13:58:39,97300.0,400.0,868700.0
682,2021-09-30 13:58:39,97300.0,1000.0,868300.0
683,2021-09-30 13:58:39,97300.0,500.0,867300.0
684,2021-09-30 13:58:39,97300.0,1000.0,866800.0
685,2021-09-30 13:58:39,97300.0,2100.0,865800.0
686,2021-09-30 13:58:30,97200.0,300.0,863700.0
687,2021-09-30 13:58:30,97200.0,100.0,863400.0
688,2021-09-30 13:58:30,97200.0,100.0,863300.0
689,2021-09-30 13:58:28,97200.0,1000.0,863200.0
690,2021-09-30 13:58:27,97200.0,500.0,862200.0
691,2021-09-30 13:58:20,97200.0,500.0,861700.0
692,2021-09-30 13:58:20,97300.0,100.0,861200.0
693,2021-09-30 13:58:10,97200.0,500.0,861100.0
694,2021-09-30 13:58:02,97300.0,100.0,860600.0
695,2021-09-30 13:58:00,97200.0,500.0,860500.0
696,2021-09-30 13:57:50,97200.0,500.0,860000.0
697,2021-09-30 13:57:40,97200.0,500.0,859500.0
698,2021-09-30 13:57:30,97200.0,500.0,859000.0
699,2021-09-30 13:57:29,97200.0,500.0,858500.0
700,2021-09-30 13:57:19,97200.0,500.0,858000.0
701,2021-09-30 13:57:09,97200.0,500.0,857500.0
702,2021-09-30 13:57:09,97300.0,200.0,857000.0
703,2021-09-30 13:57:08,97300.0,2500.0,856800.0
704,2021-09-30 13:57:08,97300.0,2000.0,854300.0
705,2021-09-30 13:57:08,97300.0,500.0,852300.0
706,2021-09-30 13:56:59,97200.0,500.0,851800.0
707,2021-09-30 13:56:49,97200.0,500.0,851300.0
708,2021-09-30 13:56:39,97200.0,500.0,850800.0
709,2021-09-30 13:56:34,97200.0,2000.0,850300.0
710,2021-09-30 13:56:34,97200.0,400.0,848300.0
711,2021-09-30 13:56:30,97200.0,100.0,847900.0
712,2021-09-30 13:56:29,97200.0,100.0,847800.0
713,2021-09-30 13:56:29,97200.0,2900.0,847700.0
714,2021-09-30 13:56:27,97200.0,400.0,844800.0
715,2021-09-30 13:56:27,97200.0,400.0,844400.0
716,2021-09-30 13:56:27,97200.0,1000.0,844000.0
717,2021-09-30 13:56:27,97200.0,300.0,843000.0
718,2021-09-30 13:56:25,97200.0,100.0,842700.0
719,2021-09-30 13:56:20,97200.0,500.0,842600.0
720,2021-09-30 13:56:20,97200.0,100.0,842100.0
721,2021-09-30 13:56:19,97100.0,500.0,842000.0
722,2021-09-30 13:56:17,97200.0,700.0,841500.0
723,2021-09-30 13:56:06,97200.0,800.0,840800.0
724,2021-09-30 13:56:06,97200.0,200.0,840000.0
725,2021-09-30 13:56:05,97200.0,100.0,839800.0
726,2021-09-30 13:56:05,97200.0,100.0,839700.0
727,2021-09-30 13:56:01,97200.0,100.0,839600.0
728,2021-09-30 13:56:01,97200.0,100.0,839500.0
729,2021-09-30 13:55:58,97100.0,100.0,839400.0
730,2021-09-30 13:55:58,97100.0,100.0,839300.0
731,2021-09-30 13:55:58,97100.0,300.0,839200.0
732,2021-09-30 13:55:55,97200.0,200.0,838900.0
733,2021-09-30 13:55:48,97100.0,500.0,838700.0
734,2021-09-30 13:55:46,97200.0,200.0,838200.0
735,2021-09-30 13:55:45,97200.0,2600.0,838000.0
736,2021-09-30 13:55:45,97200.0,2000.0,835400.0
737,2021-09-30 13:55:45,97200.0,400.0,833400.0
738,2021-09-30 13:55:41,97200.0,100.0,833000.0
739,2021-09-30 13:55:38,97100.0,500.0,832900.0
740,2021-09-30 13:55:38,97200.0,200.0,832400.0
741,2021-09-30 13:55:36,97100.0,200.0,832200.0
742,2021-09-30 13:55:35,97100.0,100.0,832000.0
743,2021-09-30 13:55:32,97100.0,200.0,831900.0
744,2021-09-30 13:55:31,97100.0,100.0,831700.0
745,2021-09-30 13:55:28,97100.0,100.0,831600.0
746,2021-09-30 13:55:28,97100.0,200.0,831500.0
747,2021-09-30 13:55:28,97100.0,100.0,831300.0
748,2021-09-30 13:55:28,97100.0,100.0,831200.0
749,2021-09-30 13:55:28,97200.0,100.0,831100.0
750,2021-09-30 13:55:26,97200.0,100.0,831000.0
751,2021-09-30 13:55:22,97100.0,100.0,830900.0
752,2021-09-30 13:55:22,97100.0,400.0,830800.0
753,2021-09-30 13:55:21,97100.0,500.0,830400.0
754,2021-09-30 13:55:18,97100.0,100.0,829900.0
755,2021-09-30 13:55:18,97100.0,400.0,829800.0
756,2021-09-30 13:55:11,97100.0,100.0,829400.0
757,2021-09-30 13:55:11,97100.0,100.0,829300.0
758,2021-09-30 13:55:10,97100.0,100.0,829200.0
759,2021-09-30 13:55:10,97100.0,100.0,829100.0
760,2021-09-30 13:55:10,97100.0,100.0,829000.0
761,2021-09-30 13:55:10,97100.0,1100.0,828900.0
762,2021-09-30 13:55:08,97100.0,500.0,827800.0
763,2021-09-30 13:55:05,97100.0,200.0,827300.0
764,2021-09-30 13:55:05,97100.0,100.0,827100.0
765,2021-09-30 13:55:00,97100.0,100.0,827000.0
766,2021-09-30 13:55:00,97100.0,300.0,826900.0
767,2021-09-30 13:55:00,97100.0,100.0,826600.0
768,2021-09-30 13:55:00,97100.0,100.0,826500.0
769,2021-09-30 13:55:00,97100.0,1000.0,826400.0
770,2021-09-30 13:55:00,97100.0,100.0,825400.0
771,2021-09-30 13:55:00,97100.0,200.0,825300.0
772,2021-09-30 13:55:00,97100.0,500.0,825100.0
773,2021-09-30 13:54:58,97100.0,100.0,824600.0
774,2021-09-30 13:54:58,97100.0,100.0,824500.0
775,2021-09-30 13:54:58,97100.0,100.0,824400.0
776,2021-09-30 13:54:58,97100.0,100.0,824300.0
777,2021-09-30 13:54:58,97100.0,100.0,824200.0
778,2021-09-30 13:54:56,97100.0,1700.0,824100.0
779,2021-09-30 13:54:50,97100.0,1000.0,822400.0
780,2021-09-30 13:54:50,97100.0,100.0,821400.0
781,2021-09-30 13:54:50,97100.0,100.0,821300.0
782,2021-09-30 13:54:50,97100.0,200.0,821200.0
783,2021-09-30 13:54:50,97100.0,200.0,821000.0
784,2021-09-30 13:54:50,97100.0,100.0,820800.0
785,2021-09-30 13:54:50,97100.0,400.0,820700.0
786,2021-09-30 13:54:50,97100.0,100.0,820300.0
787,2021-09-30 13:54:50,97100.0,300.0,820200.0
788,2021-09-30 13:54:50,97100.0,2000.0,819900.0
789,2021-09-30 13:54:50,97100.0,100.0,817900.0
790,2021-09-30 13:54:50,97100.0,100.0,817800.0
791,2021-09-30 13:54:50,97100.0,100.0,817700.0
792,2021-09-30 13:54:50,97100.0,100.0,817600.0
793,2021-09-30 13:54:50,97100.0,100.0,817500.0
794,2021-09-30 13:54:48,97100.0,500.0,817400.0
795,2021-09-30 13:54:43,97100.0,200.0,816900.0
796,2021-09-30 13:54:42,97100.0,100.0,816700.0
797,2021-09-30 13:54:38,97100.0,500.0,816600.0
798,2021-09-30 13:54:35,97200.0,100.0,816100.0
799,2021-09-30 13:54:27,97100.0,500.0,816000.0
800,2021-09-30 13:54:19,97100.0,200.0,815500.0
801,2021-09-30 13:54:19,97100.0,100.0,815300.0
802,2021-09-30 13:54:17,97100.0,500.0,815200.0
803,2021-09-30 13:54:07,97100.0,500.0,814700.0
804,2021-09-30 13:54:05,97100.0,200.0,814200.0
805,2021-09-30 13:54:05,97100.0,100.0,814000.0
806,2021-09-30 13:54:03,97200.0,100.0,813900.0
807,2021-09-30 13:53:57,97100.0,500.0,813800.0
808,2021-09-30 13:53:47,97100.0,500.0,813300.0
809,2021-09-30 13:53:37,97100.0,500.0,812800.0
810,2021-09-30 13:53:33,97100.0,600.0,812300.0
811,2021-09-30 13:53:33,97100.0,600.0,811700.0
812,2021-09-30 13:53:27,97100.0,500.0,811100.0
813,2021-09-30 13:53:26,97200.0,900.0,810600.0
814,2021-09-30 13:53:26,97200.0,100.0,809700.0
815,2021-09-30 13:53:22,97100.0,300.0,809600.0
816,2021-09-30 13:53:22,97100.0,1400.0,809300.0
817,2021-09-30 13:53:17,97100.0,500.0,807900.0
818,2021-09-30 13:53:07,97100.0,500.0,807400.0
819,2021-09-30 13:53:01,97100.0,200.0,806900.0
820,2021-09-30 13:53:00,97100.0,100.0,806700.0
821,2021-09-30 13:52:56,97100.0,300.0,806600.0
822,2021-09-30 13:52:56,97100.0,100.0,806300.0
823,2021-09-30 13:52:56,97100.0,100.0,806200.0
824,2021-09-30 13:52:53,97100.0,200.0,806100.0
825,2021-09-30 13:52:52,97100.0,100.0,805900.0
826,2021-09-30 13:52:46,97100.0,100.0,805800.0
827,2021-09-30 13:52:46,97100.0,400.0,805700.0
828,2021-09-30 13:52:36,97200.0,100.0,805300.0
829,2021-09-30 13:52:36,97100.0,500.0,805200.0
830,2021-09-30 13:52:29,97100.0,3500.0,804700.0
831,2021-09-30 13:52:26,97100.0,500.0,801200.0
832,2021-09-30 13:52:16,97100.0,100.0,800700.0
833,2021-09-30 13:52:16,97100.0,400.0,800600.0
834,2021-09-30 13:52:13,97100.0,200.0,800200.0
835,2021-09-30 13:52:12,97100.0,100.0,800000.0
836,2021-09-30 13:52:06,97100.0,200.0,799900.0
837,2021-09-30 13:52:06,97100.0,100.0,799700.0
838,2021-09-30 13:52:06,97100.0,200.0,799600.0
839,2021-09-30 13:52:06,97100.0,100.0,799400.0
840,2021-09-30 13:52:06,97100.0,100.0,799300.0
841,2021-09-30 13:52:05,97200.0,100.0,799200.0
842,2021-09-30 13:51:59,97200.0,200.0,799100.0
843,2021-09-30 13:51:58,97200.0,100.0,798900.0
844,2021-09-30 13:51:58,97200.0,100.0,798800.0
845,2021-09-30 13:51:58,97200.0,200.0,798700.0
846,2021-09-30 13:51:58,97200.0,100.0,798500.0
847,2021-09-30 13:51:58,97200.0,200.0,798400.0
848,2021-09-30 13:51:58,97200.0,100.0,798200.0
849,2021-09-30 13:51:58,97200.0,100.0,798100.0
850,2021-09-30 13:51:58,97200.0,100.0,798000.0
851,2021-09-30 13:51:58,97200.0,100.0,797900.0
852,2021-09-30 13:51:58,97200.0,1000.0,797800.0
853,2021-09-30 13:51:58,97200.0,1000.0,796800.0
854,2021-09-30 13:51:58,97200.0,100.0,795800.0
855,2021-09-30 13:51:58,97200.0,100.0,795700.0
856,2021-09-30 13:51:58,97200.0,100.0,795600.0
857,2021-09-30 13:51:58,97200.0,100.0,795500.0
858,2021-09-30 13:51:58,97200.0,1000.0,795400.0
859,2021-09-30 13:51:58,97200.0,100.0,794400.0
860,2021-09-30 13:51:58,97200.0,100.0,794300.0
861,2021-09-30 13:51:58,97200.0,100.0,794200.0
862,2021-09-30 13:51:56,97200.0,100.0,794100.0
863,2021-09-30 13:51:56,97200.0,100.0,794000.0
864,2021-09-30 13:51:56,97200.0,100.0,793900.0
865,2021-09-30 13:51:56,97200.0,100.0,793800.0
866,2021-09-30 13:51:54,97200.0,100.0,793700.0
867,2021-09-30 13:51:54,97200.0,300.0,793600.0
868,2021-09-30 13:51:54,97200.0,100.0,793300.0
869,2021-09-30 13:51:54,97200.0,1900.0,793200.0
870,2021-09-30 13:51:54,97200.0,100.0,791300.0
871,2021-09-30 13:51:52,97200.0,200.0,791200.0
872,2021-09-30 13:51:51,97200.0,100.0,791000.0
873,2021-09-30 13:51:46,97200.0,400.0,790900.0
874,2021-09-30 13:51:45,97200.0,500.0,790500.0
875,2021-09-30 13:51:45,97200.0,500.0,790000.0
876,2021-09-30 13:51:36,97200.0,300.0,789500.0
877,2021-09-30 13:51:36,97200.0,100.0,789200.0
878,2021-09-30 13:51:35,97300.0,100.0,789100.0
879,2021-09-30 13:51:35,97300.0,200.0,789000.0
880,2021-09-30 13:51:35,97300.0,200.0,788800.0
881,2021-09-30 13:51:35,97300.0,100.0,788600.0
882,2021-09-30 13:51:35,97300.0,200.0,788500.0
883,2021-09-30 13:51:35,97300.0,100.0,788300.0
884,2021-09-30 13:51:34,97300.0,300.0,788200.0
885,2021-09-30 13:51:34,97300.0,100.0,787900.0
886,2021-09-30 13:51:34,97300.0,200.0,787800.0
887,2021-09-30 13:51:34,97300.0,400.0,787600.0
888,2021-09-30 13:51:26,97300.0,200.0,787200.0
889,2021-09-30 13:51:25,97300.0,100.0,787000.0
890,2021-09-30 13:51:25,97300.0,200.0,786900.0
891,2021-09-30 13:51:25,97300.0,200.0,786700.0
892,2021-09-30 13:51:15,97300.0,400.0,786500.0
893,2021-09-30 13:51:05,97300.0,400.0,786100.0
894,2021-09-30 13:50:55,97300.0,400.0,785700.0
895,2021-09-30 13:50:46,97300.0,500.0,785300.0
896,2021-09-30 13:50:45,97300.0,100.0,784800.0
897,2021-09-30 13:50:45,97300.0,100.0,784700.0
898,2021-09-30 13:50:45,97300.0,100.0,784600.0
899,2021-09-30 13:50:45,97300.0,100.0,784500.0
900,2021-09-30 13:50:36,97300.0,200.0,784400.0
901,2021-09-30 13:50:35,97300.0,100.0,784200.0
902,2021-09-30 13:50:35,97300.0,100.0,784100.0
903,2021-09-30 13:50:35,97300.0,100.0,784000.0
904,2021-09-30 13:50:35,97300.0,100.0,783900.0
905,2021-09-30 13:50:35,97300.0,100.0,783800.0
906,2021-09-30 13:50:25,97300.0,100.0,783700.0
907,2021-09-30 13:50:25,97300.0,100.0,783600.0
908,2021-09-30 13:50:25,97300.0,100.0,783500.0
909,2021-09-30 13:50:25,97300.0,100.0,783400.0
910,2021-09-30 13:50:15,97300.0,100.0,783300.0
911,2021-09-30 13:50:15,97300.0,100.0,783200.0
912,2021-09-30 13:50:15,97300.0,200.0,783100.0
913,2021-09-30 13:50:04,97300.0,400.0,782900.0
914,2021-09-30 13:49:57,97300.0,100.0,782500.0
915,2021-09-30 13:49:57,97300.0,200.0,782400.0
916,2021-09-30 13:49:57,97300.0,100.0,782200.0
917,2021-09-30 13:49:57,97300.0,100.0,782100.0
918,2021-09-30 13:49:57,97300.0,100.0,782000.0
919,2021-09-30 13:49:57,97300.0,100.0,781900.0
920,2021-09-30 13:49:57,97300.0,100.0,781800.0
921,2021-09-30 13:49:57,97300.0,400.0,781700.0
922,2021-09-30 13:49:56,97400.0,100.0,781300.0
923,2021-09-30 13:49:54,97300.0,100.0,781200.0
924,2021-09-30 13:49:54,97300.0,200.0,781100.0
925,2021-09-30 13:49:54,97300.0,100.0,780900.0
926,2021-09-30 13:49:46,97300.0,500.0,780800.0
927,2021-09-30 13:49:46,97300.0,900.0,780300.0
928,2021-09-30 13:49:44,97300.0,100.0,779400.0
929,2021-09-30 13:49:44,97300.0,300.0,779300.0
930,2021-09-30 13:49:40,97300.0,200.0,779000.0
931,2021-09-30 13:49:40,97300.0,100.0,778800.0
932,2021-09-30 13:49:40,97300.0,200.0,778700.0
933,2021-09-30 13:49:40,97300.0,100.0,778500.0
934,2021-09-30 13:49:40,97300.0,100.0,778400.0
935,2021-09-30 13:49:40,97300.0,400.0,778300.0
936,2021-09-30 13:49:37,97300.0,100.0,777900.0
937,2021-09-30 13:49:37,97300.0,100.0,777800.0
938,2021-09-30 13:49:37,97300.0,100.0,777700.0
939,2021-09-30 13:49:37,97300.0,100.0,777600.0
940,2021-09-30 13:49:36,97300.0,100.0,777500.0
941,2021-09-30 13:49:36,97300.0,100.0,777400.0
942,2021-09-30 13:49:34,97300.0,100.0,777300.0
943,2021-09-30 13:49:34,97300.0,100.0,777200.0
944,2021-09-30 13:49:34,97300.0,100.0,777100.0
945,2021-09-30 13:49:34,97300.0,100.0,777000.0
946,2021-09-30 13:49:29,97400.0,100.0,776900.0
947,2021-09-30 13:49:24,97300.0,200.0,776800.0
948,2021-09-30 13:49:24,97300.0,200.0,776600.0
949,2021-09-30 13:49:24,97300.0,500.0,776400.0
950,2021-09-30 13:49:24,97300.0,1500.0,775900.0
951,2021-09-30 13:49:20,97400.0,200.0,774400.0
952,2021-09-30 13:49:19,97400.0,100.0,774200.0
953,2021-09-30 13:49:15,97400.0,100.0,774100.0
954,2021-09-30 13:49:14,97300.0,200.0,774000.0
955,2021-09-30 13:49:14,97300.0,100.0,773800.0
956,2021-09-30 13:49:14,97300.0,100.0,773700.0
957,2021-09-30 13:49:04,97400.0,100.0,773600.0
958,2021-09-30 13:49:04,97400.0,200.0,773500.0
959,2021-09-30 13:49:04,97400.0,100.0,773300.0
960,2021-09-30 13:49:04,97400.0,100.0,773200.0
961,2021-09-30 13:49:04,97400.0,100.0,773100.0
962,2021-09-30 13:49:04,97400.0,100.0,773000.0
963,2021-09-30 13:49:04,97400.0,100.0,772900.0
964,2021-09-30 13:49:03,97400.0,200.0,772800.0
965,2021-09-30 13:48:54,97400.0,300.0,772600.0
966,2021-09-30 13:48:54,97400.0,100.0,772300.0
967,2021-09-30 13:48:44,97400.0,100.0,772200.0
968,2021-09-30 13:48:44,97400.0,100.0,772100.0
969,2021-09-30 13:48:44,97400.0,200.0,772000.0
970,2021-09-30 13:48:33,97400.0,100.0,771800.0
971,2021-09-30 13:48:33,97400.0,100.0,771700.0
972,2021-09-30 13:48:33,97400.0,100.0,771600.0
973,2021-09-30 13:48:33,97400.0,100.0,771500.0
974,2021-09-30 13:48:31,97400.0,900.0,771400.0
975,2021-09-30 13:48:31,97400.0,100.0,770500.0
976,2021-09-30 13:48:31,97400.0,100.0,770400.0
977,2021-09-30 13:48:31,97400.0,200.0,770300.0
978,2021-09-30 13:48:31,97400.0,200.0,770100.0
979,2021-09-30 13:48:31,97400.0,500.0,769900.0
980,2021-09-30 13:48:31,97400.0,1000.0,769400.0
981,2021-09-30 13:48:31,97400.0,800.0,768400.0
982,2021-09-30 13:48:31,97400.0,200.0,767600.0
983,2021-09-30 13:48:24,97400.0,2000.0,767400.0
984,2021-09-30 13:48:23,97400.0,400.0,765400.0
985,2021-09-30 13:48:19,97400.0,400.0,765000.0
986,2021-09-30 13:48:19,97400.0,100.0,764600.0
987,2021-09-30 13:48:19,97400.0,200.0,764500.0
988,2021-09-30 13:48:19,97400.0,400.0,764300.0
989,2021-09-30 13:48:19,97400.0,500.0,763900.0
990,2021-09-30 13:48:19,97400.0,400.0,763400.0
991,2021-09-30 13:48:18,97500.0,100.0,763000.0
992,2021-09-30 13:48:17,97500.0,100.0,762900.0
993,2021-09-30 13:48:17,97500.0,900.0,762800.0
994,2021-09-30 13:48:17,97500.0,1000.0,761900.0
995,2021-09-30 13:48:17,97500.0,100.0,760900.0
996,2021-09-30 13:48:13,97400.0,400.0,760800.0
997,2021-09-30 13:48:09,97400.0,500.0,760400.0
998,2021-09-30 13:48:09,97400.0,400.0,759900.0
999,2021-09-30 13:48:09,97400.0,300.0,759500.0
1000,2021-09-30 13:48:09,97400.0,200.0,759200.0
1001,2021-09-30 13:48:09,97400.0,1100.0,759000.0
1002,2021-09-30 13:48:03,97400.0,400.0,757900.0
1003,2021-09-30 13:47:58,97400.0,1100.0,757500.0
1004,2021-09-30 13:47:53,97400.0,400.0,756400.0
1005,2021-09-30 13:47:50,97400.0,200.0,756000.0
1006,2021-09-30 13:47:43,97400.0,400.0,755800.0
1007,2021-09-30 13:47:33,97400.0,400.0,755400.0
1008,2021-09-30 13:47:23,97400.0,400.0,755000.0
1009,2021-09-30 13:47:21,97400.0,500.0,754600.0
1010,2021-09-30 13:47:13,97400.0,100.0,754100.0
1011,2021-09-30 13:47:13,97400.0,200.0,754000.0
1012,2021-09-30 13:47:13,97400.0,100.0,753800.0
1013,2021-09-30 13:47:02,97400.0,200.0,753700.0
1014,2021-09-30 13:47:02,97400.0,100.0,753500.0
1015,2021-09-30 13:47:02,97400.0,100.0,753400.0
1016,2021-09-30 13:46:52,97400.0,100.0,753300.0
1017,2021-09-30 13:46:52,97400.0,300.0,753200.0
1018,2021-09-30 13:46:51,97500.0,100.0,752900.0
1019,2021-09-30 13:46:42,97400.0,400.0,752800.0
1020,2021-09-30 13:46:41,97400.0,200.0,752400.0
1021,2021-09-30 13:46:32,97400.0,400.0,752200.0
1022,2021-09-30 13:46:22,97400.0,400.0,751800.0
1023,2021-09-30 13:46:21,97400.0,400.0,751400.0
1024,2021-09-30 13:46:21,97400.0,400.0,751000.0
1025,2021-09-30 13:46:12,97400.0,400.0,750600.0
1026,2021-09-30 13:46:11,97400.0,1100.0,750200.0
1027,2021-09-30 13:46:09,97400.0,400.0,749100.0
1028,2021-09-30 13:46:09,97400.0,200.0,748700.0
1029,2021-09-30 13:46:04,97400.0,400.0,748500.0
1030,2021-09-30 13:46:03,97400.0,100.0,748100.0
1031,2021-09-30 13:46:03,97400.0,100.0,748000.0
1032,2021-09-30 13:46:02,97400.0,200.0,747900.0
1033,2021-09-30 13:46:02,97400.0,100.0,747700.0
1034,2021-09-30 13:46:02,97400.0,100.0,747600.0
1035,2021-09-30 13:45:52,97400.0,100.0,747500.0
1036,2021-09-30 13:45:52,97400.0,200.0,747400.0
1037,2021-09-30 13:45:52,97400.0,100.0,747200.0
1038,2021-09-30 13:45:42,97400.0,400.0,747100.0
1039,2021-09-30 13:45:31,97400.0,100.0,746700.0
1040,2021-09-30 13:45:31,97400.0,100.0,746600.0
1041,2021-09-30 13:45:31,97400.0,100.0,746500.0
1042,2021-09-30 13:45:31,97400.0,100.0,746400.0
1043,2021-09-30 13:45:21,97400.0,100.0,746300.0
1044,2021-09-30 13:45:21,97400.0,300.0,746200.0
1045,2021-09-30 13:45:11,97400.0,100.0,745900.0
1046,2021-09-30 13:45:11,97400.0,200.0,745800.0
1047,2021-09-30 13:45:11,97400.0,100.0,745600.0
1048,2021-09-30 13:45:01,97400.0,200.0,745500.0
1049,2021-09-30 13:45:01,97400.0,100.0,745300.0
1050,2021-09-30 13:45:01,97400.0,100.0,745200.0
1051,2021-09-30 13:44:59,97500.0,100.0,745100.0
1052,2021-09-30 13:44:51,97400.0,300.0,745000.0
1053,2021-09-30 13:44:51,97400.0,100.0,744700.0
1054,2021-09-30 13:44:41,97400.0,400.0,744600.0
1055,2021-09-30 13:44:33,97400.0,500.0,744200.0
1056,2021-09-30 13:44:33,97400.0,100.0,743700.0
1057,2021-09-30 13:44:33,97400.0,400.0,743600.0
1058,2021-09-30 13:44:31,97400.0,400.0,743200.0
1059,2021-09-30 13:44:22,97400.0,200.0,742800.0
1060,2021-09-30 13:44:22,97400.0,200.0,742600.0
1061,2021-09-30 13:44:22,97400.0,700.0,742400.0
1062,2021-09-30 13:44:22,97400.0,500.0,741700.0
1063,2021-09-30 13:44:22,97400.0,100.0,741200.0
1064,2021-09-30 13:44:22,97400.0,100.0,741100.0
1065,2021-09-30 13:44:21,97400.0,400.0,741000.0
1066,2021-09-30 13:44:11,97400.0,400.0,740600.0
1067,2021-09-30 13:44:00,97400.0,100.0,740200.0
1068,2021-09-30 13:44:00,97400.0,300.0,740100.0
1069,2021-09-30 13:43:50,97400.0,400.0,739800.0
1070,2021-09-30 13:43:40,97400.0,400.0,739400.0
1071,2021-09-30 13:43:39,97400.0,200.0,739000.0
1072,2021-09-30 13:43:39,97400.0,200.0,738800.0
1073,2021-09-30 13:43:38,97400.0,200.0,738600.0
1074,2021-09-30 13:43:30,97400.0,300.0,738400.0
1075,2021-09-30 13:43:30,97400.0,100.0,738100.0
1076,2021-09-30 13:43:20,97400.0,400.0,738000.0
1077,2021-09-30 13:43:15,97500.0,100.0,737600.0
1078,2021-09-30 13:43:14,97500.0,3000.0,737500.0
1079,2021-09-30 13:43:10,97400.0,200.0,734500.0
1080,2021-09-30 13:43:10,97400.0,100.0,734300.0
1081,2021-09-30 13:43:10,97400.0,100.0,734200.0
1082,2021-09-30 13:43:00,97400.0,100.0,734100.0
1083,2021-09-30 13:43:00,97400.0,100.0,734000.0
1084,2021-09-30 13:43:00,97400.0,100.0,733900.0
1085,2021-09-30 13:43:00,97400.0,100.0,733800.0
1086,2021-09-30 13:42:50,97400.0,400.0,733700.0
1087,2021-09-30 13:42:48,97400.0,300.0,733300.0
1088,2021-09-30 13:42:48,97400.0,100.0,733000.0
1089,2021-09-30 13:42:48,97400.0,100.0,732900.0
1090,2021-09-30 13:42:48,97400.0,100.0,732800.0
1091,2021-09-30 13:42:48,97400.0,100.0,732700.0
1092,2021-09-30 13:42:46,97400.0,100.0,732600.0
1093,2021-09-30 13:42:46,97400.0,200.0,732500.0
1094,2021-09-30 13:42:46,97400.0,200.0,732300.0
1095,2021-09-30 13:42:46,97400.0,100.0,732100.0
1096,2021-09-30 13:42:45,97400.0,800.0,732000.0
1097,2021-09-30 13:42:45,97400.0,100.0,731200.0
1098,2021-09-30 13:42:45,97400.0,300.0,731100.0
1099,2021-09-30 13:42:39,97400.0,400.0,730800.0
1100,2021-09-30 13:42:38,97500.0,100.0,730400.0
1101,2021-09-30 13:42:34,97400.0,300.0,730300.0
1102,2021-09-30 13:42:34,97400.0,500.0,730000.0
1103,2021-09-30 13:42:32,97500.0,200.0,729500.0
1104,2021-09-30 13:42:31,97500.0,100.0,729300.0
1105,2021-09-30 13:42:31,97500.0,100.0,729200.0
1106,2021-09-30 13:42:31,97500.0,200.0,729100.0
1107,2021-09-30 13:42:31,97500.0,200.0,728900.0
1108,2021-09-30 13:42:31,97500.0,200.0,728700.0
1109,2021-09-30 13:42:31,97500.0,500.0,728500.0
1110,2021-09-30 13:42:29,97500.0,400.0,728000.0
1111,2021-09-30 13:42:27,97500.0,100.0,727600.0
1112,2021-09-30 13:42:27,97500.0,700.0,727500.0
1113,2021-09-30 13:42:27,97500.0,400.0,726800.0
1114,2021-09-30 13:42:19,97500.0,400.0,726400.0
1115,2021-09-30 13:42:17,97500.0,2000.0,726000.0
1116,2021-09-30 13:42:16,97500.0,1500.0,724000.0
1117,2021-09-30 13:42:16,97500.0,100.0,722500.0
1118,2021-09-30 13:42:16,97500.0,200.0,722400.0
1119,2021-09-30 13:42:16,97500.0,1500.0,722200.0
1120,2021-09-30 13:42:16,97500.0,100.0,720700.0
1121,2021-09-30 13:42:16,97500.0,200.0,720600.0
1122,2021-09-30 13:42:16,97500.0,200.0,720400.0
1123,2021-09-30 13:42:16,97500.0,500.0,720200.0
1124,2021-09-30 13:42:16,97500.0,100.0,719700.0
1125,2021-09-30 13:42:16,97500.0,200.0,719600.0
1126,2021-09-30 13:42:16,97500.0,100.0,719400.0
1127,2021-09-30 13:42:16,97500.0,200.0,719300.0
1128,2021-09-30 13:42:16,97500.0,100.0,719100.0
1129,2021-09-30 13:42:10,97500.0,900.0,719000.0
1130,2021-09-30 13:42:10,97500.0,100.0,718100.0
1131,2021-09-30 13:42:10,97500.0,500.0,718000.0
1132,2021-09-30 13:42:10,97500.0,1000.0,717500.0
1133,2021-09-30 13:42:10,97500.0,100.0,716500.0
1134,2021-09-30 13:42:10,97500.0,100.0,716400.0
1135,2021-09-30 13:42:10,97500.0,100.0,716300.0
1136,2021-09-30 13:42:10,97500.0,500.0,716200.0
1137,2021-09-30 13:42:10,97500.0,1700.0,715700.0
1138,2021-09-30 13:42:09,97500.0,300.0,714000.0
1139,2021-09-30 13:42:09,97500.0,100.0,713700.0
1140,2021-09-30 13:42:08,97500.0,400.0,713600.0
1141,2021-09-30 13:42:08,97500.0,100.0,713200.0
1142,2021-09-30 13:42:08,97500.0,500.0,713100.0
1143,2021-09-30 13:42:08,97500.0,500.0,712600.0
1144,2021-09-30 13:41:59,97500.0,400.0,712100.0
1145,2021-09-30 13:41:50,97500.0,100.0,711700.0
1146,2021-09-30 13:41:50,97500.0,200.0,711600.0
1147,2021-09-30 13:41:50,97500.0,100.0,711400.0
1148,2021-09-30 13:41:50,97500.0,400.0,711300.0
1149,2021-09-30 13:41:49,97500.0,100.0,710900.0
1150,2021-09-30 13:41:49,97500.0,100.0,710800.0
1151,2021-09-30 13:41:49,97500.0,200.0,710700.0
1152,2021-09-30 13:41:49,97500.0,400.0,710500.0
1153,2021-09-30 13:41:39,97500.0,400.0,710100.0
1154,2021-09-30 13:41:29,97500.0,400.0,709700.0
1155,2021-09-30 13:41:19,97500.0,400.0,709300.0
1156,2021-09-30 13:41:18,97500.0,200.0,708900.0
1157,2021-09-30 13:41:18,97500.0,200.0,708700.0
1158,2021-09-30 13:41:18,97500.0,100.0,708500.0
1159,2021-09-30 13:41:18,97500.0,100.0,708400.0
1160,2021-09-30 13:41:18,97500.0,200.0,708300.0
1161,2021-09-30 13:41:18,97500.0,200.0,708100.0
1162,2021-09-30 13:41:18,97500.0,4000.0,707900.0
1163,2021-09-30 13:41:13,97500.0,500.0,703900.0
1164,2021-09-30 13:41:08,97500.0,400.0,703400.0
1165,2021-09-30 13:41:08,97600.0,1000.0,703000.0
1166,2021-09-30 13:41:04,97500.0,100.0,702000.0
1167,2021-09-30 13:41:04,97500.0,200.0,701900.0
1168,2021-09-30 13:41:04,97500.0,100.0,701700.0
1169,2021-09-30 13:41:04,97500.0,100.0,701600.0
1170,2021-09-30 13:41:04,97500.0,200.0,701500.0
1171,2021-09-30 13:41:04,97500.0,100.0,701300.0
1172,2021-09-30 13:41:03,97500.0,400.0,701200.0
1173,2021-09-30 13:40:59,97500.0,500.0,700800.0
1174,2021-09-30 13:40:59,97500.0,300.0,700300.0
1175,2021-09-30 13:40:59,97500.0,200.0,700000.0
1176,2021-09-30 13:40:59,97500.0,200.0,699800.0
1177,2021-09-30 13:40:58,97500.0,400.0,699600.0
1178,2021-09-30 13:40:57,97500.0,300.0,699200.0
1179,2021-09-30 13:40:57,97500.0,300.0,698900.0
1180,2021-09-30 13:40:49,97500.0,1500.0,698600.0
1181,2021-09-30 13:40:48,97500.0,400.0,697100.0
1182,2021-09-30 13:40:46,97500.0,800.0,696700.0
1183,2021-09-30 13:40:38,97500.0,300.0,695900.0
1184,2021-09-30 13:40:38,97500.0,100.0,695600.0
1185,2021-09-30 13:40:28,97500.0,400.0,695500.0
1186,2021-09-30 13:40:26,97500.0,100.0,695100.0
1187,2021-09-30 13:40:26,97500.0,100.0,695000.0
1188,2021-09-30 13:40:26,97500.0,100.0,694900.0
1189,2021-09-30 13:40:26,97500.0,500.0,694800.0
1190,2021-09-30 13:40:26,97500.0,400.0,694300.0
1191,2021-09-30 13:40:22,97600.0,100.0,693900.0
1192,2021-09-30 13:40:18,97500.0,100.0,693800.0
1193,2021-09-30 13:40:18,97500.0,200.0,693700.0
1194,2021-09-30 13:40:18,97500.0,100.0,693500.0
1195,2021-09-30 13:40:15,97500.0,400.0,693400.0
1196,2021-09-30 13:40:15,97500.0,400.0,693000.0
1197,2021-09-30 13:40:14,97500.0,400.0,692600.0
1198,2021-09-30 13:40:08,97500.0,400.0,692200.0
1199,2021-09-30 13:40:08,97500.0,200.0,691800.0
1200,2021-09-30 13:40:07,97500.0,100.0,691600.0
1201,2021-09-30 13:40:03,97500.0,200.0,691500.0
1202,2021-09-30 13:40:03,97500.0,1000.0,691300.0
1203,2021-09-30 13:40:03,97500.0,200.0,690300.0
1204,2021-09-30 13:40:03,97500.0,100.0,690100.0
1205,2021-09-30 13:40:03,97500.0,100.0,690000.0
1206,2021-09-30 13:40:03,97500.0,200.0,689900.0
1207,2021-09-30 13:40:03,97500.0,100.0,689700.0
1208,2021-09-30 13:40:03,97500.0,200.0,689600.0
1209,2021-09-30 13:40:03,97500.0,100.0,689400.0
1210,2021-09-30 13:40:03,97500.0,100.0,689300.0
1211,2021-09-30 13:40:03,97500.0,100.0,689200.0
1212,2021-09-30 13:40:03,97500.0,200.0,689100.0
1213,2021-09-30 13:40:03,97500.0,100.0,688900.0
1214,2021-09-30 13:40:03,97500.0,300.0,688800.0
1215,2021-09-30 13:40:03,97500.0,300.0,688500.0
1216,2021-09-30 13:40:03,97500.0,500.0,688200.0
1217,2021-09-30 13:40:03,97500.0,100.0,687700.0
1218,2021-09-30 13:40:03,97500.0,200.0,687600.0
1219,2021-09-30 13:40:03,97500.0,100.0,687400.0
1220,2021-09-30 13:40:03,97500.0,100.0,687300.0
1221,2021-09-30 13:40:03,97500.0,1000.0,687200.0
1222,2021-09-30 13:40:03,97500.0,100.0,686200.0
1223,2021-09-30 13:40:03,97500.0,100.0,686100.0
1224,2021-09-30 13:40:03,97500.0,500.0,686000.0
1225,2021-09-30 13:40:03,97500.0,100.0,685500.0
1226,2021-09-30 13:40:03,97500.0,100.0,685400.0
1227,2021-09-30 13:40:03,97500.0,500.0,685300.0
1228,2021-09-30 13:40:03,97500.0,100.0,684800.0
1229,2021-09-30 13:40:03,97500.0,100.0,684700.0
1230,2021-09-30 13:40:03,97500.0,200.0,684600.0
1231,2021-09-30 13:40:03,97500.0,1000.0,684400.0
1232,2021-09-30 13:40:03,97500.0,500.0,683400.0
1233,2021-09-30 13:40:03,97500.0,200.0,682900.0
1234,2021-09-30 13:40:03,97500.0,100.0,682700.0
1235,2021-09-30 13:40:03,97500.0,100.0,682600.0
1236,2021-09-30 13:40:03,97500.0,600.0,682500.0
1237,2021-09-30 13:40:03,97500.0,500.0,681900.0
1238,2021-09-30 13:40:03,97500.0,200.0,681400.0
1239,2021-09-30 13:40:03,97500.0,1100.0,681200.0
1240,2021-09-30 13:40:03,97500.0,100.0,680100.0
1241,2021-09-30 13:40:03,97500.0,1000.0,680000.0
1242,2021-09-30 13:40:03,97500.0,200.0,679000.0
1243,2021-09-30 13:40:03,97500.0,200.0,678800.0
1244,2021-09-30 13:40:03,97500.0,200.0,678600.0
1245,2021-09-30 13:40:03,97500.0,400.0,678400.0
1246,2021-09-30 13:40:03,97500.0,100.0,678000.0
1247,2021-09-30 13:40:03,97500.0,100.0,677900.0
1248,2021-09-30 13:40:03,97500.0,100.0,677800.0
1249,2021-09-30 13:40:03,97500.0,200.0,677700.0
1250,2021-09-30 13:40:03,97500.0,100.0,677500.0
1251,2021-09-30 13:40:03,97500.0,100.0,677400.0
1252,2021-09-30 13:40:03,97500.0,200.0,677300.0
1253,2021-09-30 13:40:03,97500.0,200.0,677100.0
1254,2021-09-30 13:40:03,97500.0,100.0,676900.0
1255,2021-09-30 13:40:03,97500.0,100.0,676800.0
1256,2021-09-30 13:40:03,97500.0,100.0,676700.0
1257,2021-09-30 13:40:03,97500.0,100.0,676600.0
1258,2021-09-30 13:40:03,97500.0,200.0,676500.0
1259,2021-09-30 13:40:03,97500.0,100.0,676300.0
1260,2021-09-30 13:40:03,97500.0,1000.0,676200.0
1261,2021-09-30 13:40:03,97500.0,100.0,675200.0
1262,2021-09-30 13:40:03,97500.0,1000.0,675100.0
1263,2021-09-30 13:40:03,97500.0,100.0,674100.0
1264,2021-09-30 13:40:03,97500.0,500.0,674000.0
1265,2021-09-30 13:40:03,97500.0,500.0,673500.0
1266,2021-09-30 13:40:03,97500.0,100.0,673000.0
1267,2021-09-30 13:40:03,97500.0,200.0,672900.0
1268,2021-09-30 13:40:03,97500.0,300.0,672700.0
1269,2021-09-30 13:40:03,97500.0,900.0,672400.0
1270,2021-09-30 13:39:58,97500.0,100.0,671500.0
1271,2021-09-30 13:39:58,97500.0,100.0,671400.0
1272,2021-09-30 13:39:58,97500.0,100.0,671300.0
1273,2021-09-30 13:39:58,97500.0,100.0,671200.0
1274,2021-09-30 13:39:48,97500.0,400.0,671100.0
1275,2021-09-30 13:39:47,97500.0,100.0,670700.0
1276,2021-09-30 13:39:47,97500.0,100.0,670600.0
1277,2021-09-30 13:39:46,97500.0,100.0,670500.0
1278,2021-09-30 13:39:37,97500.0,100.0,670400.0
1279,2021-09-30 13:39:37,97500.0,300.0,670300.0
1280,2021-09-30 13:39:29,97600.0,100.0,670000.0
1281,2021-09-30 13:39:28,97600.0,200.0,669900.0
1282,2021-09-30 13:39:27,97600.0,600.0,669700.0
1283,2021-09-30 13:39:27,97600.0,1000.0,669100.0
1284,2021-09-30 13:39:27,97600.0,700.0,668100.0
1285,2021-09-30 13:39:27,97500.0,400.0,667400.0
1286,2021-09-30 13:39:17,97500.0,300.0,667000.0
1287,2021-09-30 13:39:17,97500.0,100.0,666700.0
1288,2021-09-30 13:39:09,97500.0,300.0,666600.0
1289,2021-09-30 13:39:09,97500.0,300.0,666300.0
1290,2021-09-30 13:39:07,97500.0,100.0,666000.0
1291,2021-09-30 13:39:07,97500.0,300.0,665900.0
1292,2021-09-30 13:38:57,97600.0,100.0,665600.0
1293,2021-09-30 13:38:57,97600.0,200.0,665500.0
1294,2021-09-30 13:38:57,97600.0,100.0,665300.0
1295,2021-09-30 13:38:54,97600.0,400.0,665200.0
1296,2021-09-30 13:38:54,97600.0,1000.0,664800.0
1297,2021-09-30 13:38:54,97600.0,200.0,663800.0
1298,2021-09-30 13:38:54,97600.0,200.0,663600.0
1299,2021-09-30 13:38:54,97600.0,200.0,663400.0
1300,2021-09-30 13:38:26,97600.0,300.0,663200.0
1301,2021-09-30 13:38:26,97600.0,100.0,662900.0
1302,2021-09-30 13:38:14,97700.0,100.0,662800.0
1303,2021-09-30 13:38:14,97700.0,100.0,662700.0
1304,2021-09-30 13:37:48,97700.0,100.0,662600.0
1305,2021-09-30 13:37:48,97700.0,100.0,662500.0
1306,2021-09-30 13:37:48,97700.0,1200.0,662400.0
1307,2021-09-30 13:37:28,97600.0,100.0,661200.0
1308,2021-09-30 13:37:28,97600.0,100.0,661100.0
1309,2021-09-30 13:37:27,97600.0,100.0,661000.0
1310,2021-09-30 13:36:43,97600.0,100.0,660900.0
1311,2021-09-30 13:36:27,97600.0,200.0,660800.0
1312,2021-09-30 13:36:23,97600.0,100.0,660600.0
1313,2021-09-30 13:36:23,97600.0,200.0,660500.0
1314,2021-09-30 13:36:23,97600.0,200.0,660300.0
1315,2021-09-30 13:36:20,97600.0,100.0,660100.0
1316,2021-09-30 13:36:19,97600.0,100.0,660000.0
1317,2021-09-30 13:35:52,97600.0,100.0,659900.0
1318,2021-09-30 13:35:50,97600.0,200.0,659800.0
1319,2021-09-30 13:35:46,97600.0,100.0,659600.0
1320,2021-09-30 13:35:46,97600.0,100.0,659500.0
1321,2021-09-30 13:35:42,97600.0,500.0,659400.0
1322,2021-09-30 13:35:37,97600.0,100.0,658900.0
1323,2021-09-30 13:35:32,97600.0,500.0,658800.0
1324,2021-09-30 13:35:31,97600.0,800.0,658300.0
1325,2021-09-30 13:35:31,97600.0,400.0,657500.0
1326,2021-09-30 13:35:31,97600.0,200.0,657100.0
1327,2021-09-30 13:35:31,97600.0,400.0,656900.0
1328,2021-09-30 13:35:31,97600.0,200.0,656500.0
1329,2021-09-30 13:35:31,97600.0,2000.0,656300.0
1330,2021-09-30 13:35:31,97600.0,1000.0,654300.0
1331,2021-09-30 13:35:31,97600.0,2000.0,653300.0
1332,2021-09-30 13:35:31,97600.0,3000.0,651300.0
1333,2021-09-30 13:35:12,97500.0,300.0,648300.0
1334,2021-09-30 13:35:12,97500.0,300.0,648000.0
1335,2021-09-30 13:35:10,97500.0,900.0,647700.0
1336,2021-09-30 13:35:09,97600.0,200.0,646800.0
1337,2021-09-30 13:34:57,97600.0,1000.0,646600.0
1338,2021-09-30 13:34:53,97600.0,800.0,645600.0
1339,2021-09-30 13:34:53,97600.0,200.0,644800.0
1340,2021-09-30 13:34:41,97600.0,1000.0,644600.0
1341,2021-09-30 13:33:46,97500.0,200.0,643600.0
1342,2021-09-30 13:33:46,97500.0,200.0,643400.0
1343,2021-09-30 13:33:41,97600.0,200.0,643200.0
1344,2021-09-30 13:33:40,97600.0,3600.0,643000.0
1345,2021-09-30 13:33:40,97600.0,400.0,639400.0
1346,2021-09-30 13:33:40,97600.0,200.0,639000.0
1347,2021-09-30 13:33:40,97600.0,400.0,638800.0
1348,2021-09-30 13:33:40,97600.0,200.0,638400.0
1349,2021-09-30 13:33:40,97600.0,200.0,638200.0
1350,2021-09-30 13:33:24,97500.0,500.0,638000.0
1351,2021-09-30 13:33:24,97500.0,500.0,637500.0
1352,2021-09-30 13:33:24,97600.0,100.0,637000.0
1353,2021-09-30 13:33:22,97500.0,1200.0,636900.0
1354,2021-09-30 13:33:21,97600.0,100.0,635700.0
1355,2021-09-30 13:33:19,97600.0,500.0,635600.0
1356,2021-09-30 13:33:18,97600.0,200.0,635100.0
1357,2021-09-30 13:33:10,97600.0,200.0,634900.0
1358,2021-09-30 13:33:05,97600.0,100.0,634700.0
1359,2021-09-30 13:33:04,97600.0,600.0,634600.0
1360,2021-09-30 13:33:04,97600.0,100.0,634000.0
1361,2021-09-30 13:33:04,97600.0,100.0,633900.0
1362,2021-09-30 13:33:04,97600.0,2200.0,633800.0
1363,2021-09-30 13:33:02,97600.0,100.0,631600.0
1364,2021-09-30 13:32:59,97600.0,100.0,631500.0
1365,2021-09-30 13:32:58,97600.0,100.0,631400.0
1366,2021-09-30 13:32:58,97600.0,400.0,631300.0
1367,2021-09-30 13:32:58,97600.0,200.0,630900.0
1368,2021-09-30 13:32:58,97600.0,800.0,630700.0
1369,2021-09-30 13:32:58,97600.0,400.0,629900.0
1370,2021-09-30 13:32:58,97600.0,100.0,629500.0
1371,2021-09-30 13:32:41,97600.0,200.0,629400.0
1372,2021-09-30 13:32:32,97600.0,100.0,629200.0
1373,2021-09-30 13:32:02,97500.0,200.0,629100.0
1374,2021-09-30 13:32:02,97500.0,100.0,628900.0
1375,2021-09-30 13:31:53,97500.0,1000.0,628800.0
1376,2021-09-30 13:31:46,97600.0,100.0,627800.0
1377,2021-09-30 13:31:36,97500.0,400.0,627700.0
1378,2021-09-30 13:31:36,97500.0,400.0,627300.0
1379,2021-09-30 13:31:34,97500.0,1100.0,626900.0
1380,2021-09-30 13:31:15,97500.0,200.0,625800.0
1381,2021-09-30 13:31:15,97500.0,100.0,625600.0
1382,2021-09-30 13:31:10,97500.0,200.0,625500.0
1383,2021-09-30 13:31:09,97500.0,100.0,625300.0
1384,2021-09-30 13:30:54,97500.0,3800.0,625200.0
1385,2021-09-30 13:30:54,97500.0,100.0,621400.0
1386,2021-09-30 13:30:54,97500.0,100.0,621300.0
1387,2021-09-30 13:30:54,97500.0,100.0,621200.0
1388,2021-09-30 13:30:54,97500.0,100.0,621100.0
1389,2021-09-30 13:30:54,97500.0,300.0,621000.0
1390,2021-09-30 13:30:54,97500.0,500.0,620700.0
1391,2021-09-30 13:30:54,97500.0,100.0,620200.0
1392,2021-09-30 13:30:54,97500.0,500.0,620100.0
1393,2021-09-30 13:30:54,97500.0,200.0,619600.0
1394,2021-09-30 13:30:54,97500.0,100.0,619400.0
1395,2021-09-30 13:30:54,97500.0,500.0,619300.0
1396,2021-09-30 13:30:54,97500.0,500.0,618800.0
1397,2021-09-30 13:30:54,97500.0,100.0,618300.0
1398,2021-09-30 13:30:54,97500.0,100.0,618200.0
1399,2021-09-30 13:30:54,97500.0,100.0,618100.0
1400,2021-09-30 13:30:54,97500.0,100.0,618000.0
1401,2021-09-30 13:30:54,97500.0,200.0,617900.0
1402,2021-09-30 13:30:54,97500.0,500.0,617700.0
1403,2021-09-30 13:30:54,97500.0,100.0,617200.0
1404,2021-09-30 13:30:54,97500.0,100.0,617100.0
1405,2021-09-30 13:30:54,97500.0,1000.0,617000.0
1406,2021-09-30 13:30:54,97500.0,300.0,616000.0
1407,2021-09-30 13:30:54,97500.0,100.0,615700.0
1408,2021-09-30 13:30:54,97500.0,100.0,615600.0
1409,2021-09-30 13:30:54,97500.0,100.0,615500.0
1410,2021-09-30 13:30:54,97500.0,100.0,615400.0
1411,2021-09-30 13:30:54,97500.0,100.0,615300.0
1412,2021-09-30 13:30:51,97600.0,200.0,615200.0
1413,2021-09-30 13:30:48,97600.0,500.0,615000.0
1414,2021-09-30 13:30:47,97600.0,500.0,614500.0
1415,2021-09-30 13:30:35,97500.0,200.0,614000.0
1416,2021-09-30 13:30:35,97500.0,100.0,613800.0
1417,2021-09-30 13:30:30,97500.0,600.0,613700.0
1418,2021-09-30 13:30:30,97500.0,400.0,613100.0
1419,2021-09-30 13:29:48,97500.0,100.0,612700.0
1420,2021-09-30 13:29:48,97500.0,100.0,612600.0
1421,2021-09-30 13:29:48,97500.0,100.0,612500.0
1422,2021-09-30 13:29:48,97500.0,100.0,612400.0
1423,2021-09-30 13:29:48,97500.0,400.0,612300.0
1424,2021-09-30 13:29:46,97500.0,200.0,611900.0
1425,2021-09-30 13:29:46,97500.0,200.0,611700.0
1426,2021-09-30 13:29:46,97500.0,100.0,611500.0
1427,2021-09-30 13:29:46,97500.0,100.0,611400.0
1428,2021-09-30 13:29:46,97500.0,300.0,611300.0
1429,2021-09-30 13:29:46,97500.0,100.0,611000.0
1430,2021-09-30 13:29:46,97500.0,100.0,610900.0
1431,2021-09-30 13:29:41,97500.0,300.0,610800.0
1432,2021-09-30 13:29:41,97500.0,500.0,610500.0
1433,2021-09-30 13:29:41,97500.0,100.0,610000.0
1434,2021-09-30 13:29:41,97500.0,600.0,609900.0
1435,2021-09-30 13:29:36,97500.0,200.0,609300.0
1436,2021-09-30 13:29:35,97500.0,100.0,609100.0
1437,2021-09-30 13:29:33,97600.0,200.0,609000.0
1438,2021-09-30 13:29:32,97600.0,3100.0,608800.0
1439,2021-09-30 13:29:32,97600.0,1900.0,605700.0
1440,2021-09-30 13:29:16,97500.0,100.0,603800.0
1441,2021-09-30 13:29:16,97500.0,500.0,603700.0
1442,2021-09-30 13:29:16,97500.0,100.0,603200.0
1443,2021-09-30 13:29:16,97500.0,300.0,603100.0
1444,2021-09-30 13:29:13,97600.0,100.0,602800.0
1445,2021-09-30 13:29:12,97600.0,2000.0,602700.0
1446,2021-09-30 13:29:00,97600.0,200.0,600700.0
1447,2021-09-30 13:28:43,97600.0,100.0,600500.0
1448,2021-09-30 13:28:34,97600.0,200.0,600400.0
1449,2021-09-30 13:28:23,97600.0,200.0,600200.0
1450,2021-09-30 13:28:08,97600.0,300.0,600000.0
1451,2021-09-30 13:28:00,97500.0,300.0,599700.0
1452,2021-09-30 13:28:00,97500.0,300.0,599400.0
1453,2021-09-30 13:27:59,97500.0,400.0,599100.0
1454,2021-09-30 13:27:58,97500.0,200.0,598700.0
1455,2021-09-30 13:27:58,97500.0,500.0,598500.0
1456,2021-09-30 13:27:58,97500.0,100.0,598000.0
1457,2021-09-30 13:27:58,97500.0,100.0,597900.0
1458,2021-09-30 13:27:58,97500.0,100.0,597800.0
1459,2021-09-30 13:27:58,97500.0,600.0,597700.0
1460,2021-09-30 13:26:12,97500.0,300.0,597100.0
1461,2021-09-30 13:26:12,97500.0,300.0,596800.0
1462,2021-09-30 13:26:09,97600.0,100.0,596500.0
1463,2021-09-30 13:26:09,97600.0,100.0,596400.0
1464,2021-09-30 13:25:56,97600.0,200.0,596300.0
1465,2021-09-30 13:25:31,97600.0,100.0,596100.0
1466,2021-09-30 13:25:29,97600.0,200.0,596000.0
1467,2021-09-30 13:25:29,97600.0,100.0,595800.0
1468,2021-09-30 13:25:29,97600.0,1700.0,595700.0
1469,2021-09-30 13:25:22,97600.0,200.0,594000.0
1470,2021-09-30 13:25:22,97600.0,100.0,593800.0
1471,2021-09-30 13:25:15,97600.0,100.0,593700.0
1472,2021-09-30 13:25:15,97600.0,100.0,593600.0
1473,2021-09-30 13:25:14,97600.0,100.0,593500.0
1474,2021-09-30 13:25:13,97600.0,200.0,593400.0
1475,2021-09-30 13:25:12,97600.0,100.0,593200.0
1476,2021-09-30 13:25:10,97600.0,200.0,593100.0
1477,2021-09-30 13:25:10,97600.0,100.0,592900.0
1478,2021-09-30 13:24:24,97600.0,300.0,592800.0
1479,2021-09-30 13:24:24,97600.0,300.0,592500.0
1480,2021-09-30 13:24:21,97600.0,100.0,592200.0
1481,2021-09-30 13:24:21,97600.0,100.0,592100.0
1482,2021-09-30 13:24:21,97600.0,200.0,592000.0
1483,2021-09-30 13:24:21,97600.0,200.0,591800.0
1484,2021-09-30 13:24:21,97600.0,100.0,591600.0
1485,2021-09-30 13:24:10,97600.0,100.0,591500.0
1486,2021-09-30 13:24:10,97600.0,200.0,591400.0
1487,2021-09-30 13:24:10,97600.0,100.0,591200.0
1488,2021-09-30 13:24:10,97600.0,2000.0,591100.0
1489,2021-09-30 13:24:10,97600.0,200.0,589100.0
1490,2021-09-30 13:24:10,97600.0,100.0,588900.0
1491,2021-09-30 13:24:10,97600.0,100.0,588800.0
1492,2021-09-30 13:24:10,97600.0,200.0,588700.0
1493,2021-09-30 13:24:10,97600.0,200.0,588500.0
1494,2021-09-30 13:24:10,97600.0,100.0,588300.0
1495,2021-09-30 13:24:10,97600.0,200.0,588200.0
1496,2021-09-30 13:24:10,97600.0,200.0,588000.0
1497,2021-09-30 13:24:10,97600.0,100.0,587800.0
1498,2021-09-30 13:24:10,97600.0,200.0,587700.0
1499,2021-09-30 13:24:10,97600.0,800.0,587500.0
1500,2021-09-30 13:24:10,97600.0,200.0,586700.0
1501,2021-09-30 13:24:10,97600.0,100.0,586500.0
1502,2021-09-30 13:24:10,97600.0,4900.0,586400.0
1503,2021-09-30 13:23:45,97600.0,100.0,581500.0
1504,2021-09-30 13:23:45,97600.0,200.0,581400.0
1505,2021-09-30 13:23:45,97600.0,200.0,581200.0
1506,2021-09-30 13:23:45,97600.0,200.0,581000.0
1507,2021-09-30 13:23:45,97600.0,100.0,580800.0
1508,2021-09-30 13:23:45,97600.0,100.0,580700.0
1509,2021-09-30 13:23:45,97600.0,200.0,580600.0
1510,2021-09-30 13:23:45,97600.0,100.0,580400.0
1511,2021-09-30 13:23:45,97600.0,200.0,580300.0
1512,2021-09-30 13:23:45,97600.0,200.0,580100.0
1513,2021-09-30 13:23:45,97600.0,100.0,579900.0
1514,2021-09-30 13:23:45,97600.0,200.0,579800.0
1515,2021-09-30 13:23:45,97600.0,200.0,579600.0
1516,2021-09-30 13:23:45,97600.0,200.0,579400.0
1517,2021-09-30 13:23:45,97600.0,100.0,579200.0
1518,2021-09-30 13:23:45,97600.0,200.0,579100.0
1519,2021-09-30 13:23:45,97600.0,200.0,578900.0
1520,2021-09-30 13:23:45,97600.0,100.0,578700.0
1521,2021-09-30 13:23:45,97600.0,100.0,578600.0
1522,2021-09-30 13:23:45,97600.0,200.0,578500.0
1523,2021-09-30 13:23:45,97600.0,200.0,578300.0
1524,2021-09-30 13:23:45,97600.0,100.0,578100.0
1525,2021-09-30 13:23:45,97600.0,500.0,578000.0
1526,2021-09-30 13:23:45,97600.0,100.0,577500.0
1527,2021-09-30 13:23:45,97600.0,500.0,577400.0
1528,2021-09-30 13:23:45,97600.0,400.0,576900.0
1529,2021-09-30 13:23:27,97700.0,800.0,576500.0
1530,2021-09-30 13:23:27,97700.0,200.0,575700.0
1531,2021-09-30 13:23:15,97600.0,200.0,575500.0
1532,2021-09-30 13:23:15,97600.0,100.0,575300.0
1533,2021-09-30 13:23:15,97600.0,400.0,575200.0
1534,2021-09-30 13:23:15,97600.0,1000.0,574800.0
1535,2021-09-30 13:23:15,97600.0,100.0,573800.0
1536,2021-09-30 13:23:15,97600.0,200.0,573700.0
1537,2021-09-30 13:23:15,97600.0,100.0,573500.0
1538,2021-09-30 13:23:15,97600.0,200.0,573400.0
1539,2021-09-30 13:23:15,97600.0,2700.0,573200.0
1540,2021-09-30 13:23:09,97600.0,200.0,570500.0
1541,2021-09-30 13:23:09,97600.0,100.0,570300.0
1542,2021-09-30 13:22:52,97600.0,200.0,570200.0
1543,2021-09-30 13:22:52,97600.0,100.0,570000.0
1544,2021-09-30 13:22:39,97600.0,1000.0,569900.0
1545,2021-09-30 13:22:36,97600.0,300.0,568900.0
1546,2021-09-30 13:22:36,97600.0,400.0,568600.0
1547,2021-09-30 13:22:33,97600.0,900.0,568200.0
1548,2021-09-30 13:22:14,97700.0,200.0,567300.0
1549,2021-09-30 13:21:39,97700.0,100.0,567100.0
1550,2021-09-30 13:20:59,97600.0,400.0,567000.0
1551,2021-09-30 13:20:58,97600.0,200.0,566600.0
1552,2021-09-30 13:20:48,97600.0,600.0,566400.0
1553,2021-09-30 13:20:47,97600.0,600.0,565800.0
1554,2021-09-30 13:20:45,97600.0,1400.0,565200.0
1555,2021-09-30 13:20:27,97700.0,100.0,563800.0
1556,2021-09-30 13:20:26,97700.0,1400.0,563700.0
1557,2021-09-30 13:20:26,97700.0,600.0,562300.0
1558,2021-09-30 13:19:09,97600.0,400.0,561700.0
1559,2021-09-30 13:19:08,97600.0,200.0,561300.0
1560,2021-09-30 13:19:00,97600.0,800.0,561100.0
1561,2021-09-30 13:18:59,97600.0,700.0,560300.0
1562,2021-09-30 13:18:57,97600.0,1800.0,559600.0
1563,2021-09-30 13:18:07,97600.0,3000.0,557800.0
1564,2021-09-30 13:17:29,97600.0,1000.0,554800.0
1565,2021-09-30 13:17:28,97600.0,800.0,553800.0
1566,2021-09-30 13:17:28,97600.0,400.0,553000.0
1567,2021-09-30 13:17:17,97600.0,5000.0,552600.0
1568,2021-09-30 13:17:12,97600.0,600.0,547600.0
1569,2021-09-30 13:17:11,97600.0,600.0,547000.0
1570,2021-09-30 13:17:09,97600.0,1600.0,546400.0
1571,2021-09-30 13:16:57,97600.0,1000.0,544800.0
1572,2021-09-30 13:16:14,97600.0,800.0,543800.0
1573,2021-09-30 13:16:14,97600.0,400.0,543000.0
1574,2021-09-30 13:15:48,97600.0,800.0,542600.0
1575,2021-09-30 13:15:47,97600.0,400.0,541800.0
1576,2021-09-30 13:15:33,97600.0,1000.0,541400.0
1577,2021-09-30 13:15:32,97600.0,200.0,540400.0
1578,2021-09-30 13:15:31,97600.0,100.0,540200.0
1579,2021-09-30 13:15:25,97600.0,200.0,540100.0
1580,2021-09-30 13:15:24,97600.0,300.0,539900.0
1581,2021-09-30 13:15:24,97600.0,100.0,539600.0
1582,2021-09-30 13:15:24,97600.0,300.0,539500.0
1583,2021-09-30 13:15:21,97600.0,800.0,539200.0
1584,2021-09-30 13:15:00,97600.0,4000.0,538400.0
1585,2021-09-30 13:14:41,97600.0,200.0,534400.0
1586,2021-09-30 13:14:40,97600.0,100.0,534200.0
1587,2021-09-30 13:14:38,97600.0,5000.0,534100.0
1588,2021-09-30 13:14:34,97600.0,200.0,529100.0
1589,2021-09-30 13:14:33,97600.0,100.0,528900.0
1590,2021-09-30 13:14:26,97600.0,5000.0,528800.0
1591,2021-09-30 13:13:36,97600.0,200.0,523800.0
1592,2021-09-30 13:13:35,97600.0,200.0,523600.0
1593,2021-09-30 13:13:33,97600.0,800.0,523400.0
1594,2021-09-30 13:13:01,97700.0,200.0,522600.0
1595,2021-09-30 13:12:59,97600.0,1800.0,522400.0
1596,2021-09-30 13:12:59,97600.0,200.0,520600.0
1597,2021-09-30 13:12:23,97700.0,200.0,520400.0
1598,2021-09-30 13:11:46,97700.0,200.0,520200.0
1599,2021-09-30 13:11:09,97700.0,100.0,520000.0
1600,2021-09-30 13:11:05,97700.0,200.0,519900.0
1601,2021-09-30 13:10:34,97700.0,200.0,519700.0
1602,2021-09-30 13:10:04,97700.0,300.0,519500.0
1603,2021-09-30 13:10:04,97700.0,200.0,519200.0
1604,2021-09-30 13:10:04,97700.0,100.0,519000.0
1605,2021-09-30 13:10:04,97700.0,700.0,518900.0
1606,2021-09-30 13:10:00,97700.0,100.0,518200.0
1607,2021-09-30 13:09:57,97700.0,100.0,518100.0
1608,2021-09-30 13:09:55,97700.0,200.0,518000.0
1609,2021-09-30 13:09:18,97700.0,200.0,517800.0
1610,2021-09-30 13:08:41,97700.0,200.0,517600.0
1611,2021-09-30 13:08:04,97700.0,200.0,517400.0
1612,2021-09-30 13:07:30,97700.0,300.0,517200.0
1613,2021-09-30 13:07:27,97700.0,200.0,516900.0
1614,2021-09-30 13:06:50,97700.0,200.0,516700.0
1615,2021-09-30 13:06:13,97700.0,200.0,516500.0
1616,2021-09-30 13:05:49,97700.0,200.0,516300.0
1617,2021-09-30 13:05:43,97700.0,1000.0,516100.0
1618,2021-09-30 13:05:36,97700.0,200.0,515100.0
1619,2021-09-30 13:05:27,97700.0,100.0,514900.0
1620,2021-09-30 13:05:27,97700.0,200.0,514800.0
1621,2021-09-30 13:05:27,97700.0,300.0,514600.0
1622,2021-09-30 13:05:03,97700.0,1000.0,514300.0
1623,2021-09-30 13:04:28,97700.0,1000.0,513300.0
1624,2021-09-30 13:04:28,97700.0,1000.0,512300.0
1625,2021-09-30 13:04:28,97700.0,1000.0,511300.0
1626,2021-09-30 13:04:28,97700.0,2000.0,510300.0
1627,2021-09-30 13:04:28,97700.0,200.0,508300.0
1628,2021-09-30 13:04:28,97700.0,100.0,508100.0
1629,2021-09-30 13:04:28,97700.0,400.0,508000.0
1630,2021-09-30 13:03:28,97600.0,200.0,507600.0
1631,2021-09-30 13:03:28,97600.0,200.0,507400.0
1632,2021-09-30 13:03:28,97600.0,200.0,507200.0
1633,2021-09-30 13:03:28,97600.0,100.0,507000.0
1634,2021-09-30 13:03:28,97600.0,200.0,506900.0
1635,2021-09-30 13:03:28,97600.0,100.0,506700.0
1636,2021-09-30 13:01:36,97600.0,100.0,506600.0
1637,2021-09-30 13:01:36,97600.0,1000.0,506500.0
1638,2021-09-30 13:01:36,97600.0,900.0,505500.0
1639,2021-09-30 13:00:46,97600.0,100.0,504600.0
1640,2021-09-30 13:00:46,97600.0,100.0,504500.0
1641,2021-09-30 13:00:25,97600.0,100.0,504400.0
1642,2021-09-30 13:00:25,97600.0,200.0,504300.0
1643,2021-09-30 13:00:25,97600.0,100.0,504100.0
1644,2021-09-30 13:00:25,97600.0,400.0,504000.0
1645,2021-09-30 13:00:16,97700.0,200.0,503600.0
1646,2021-09-30 13:00:16,97700.0,800.0,503400.0
1647,2021-09-30 13:00:15,97600.0,200.0,502600.0
1648,2021-09-30 13:00:15,97600.0,1000.0,502400.0
1649,2021-09-30 13:00:15,97600.0,100.0,501400.0
1650,2021-09-30 13:00:15,97600.0,100.0,501300.0
1651,2021-09-30 13:00:15,97600.0,200.0,501200.0
1652,2021-09-30 13:00:15,97600.0,100.0,501000.0
1653,2021-09-30 13:00:15,97600.0,100.0,500900.0
1654,2021-09-30 13:00:15,97600.0,100.0,500800.0
1655,2021-09-30 13:00:15,97600.0,100.0,500700.0
1656,2021-09-30 13:00:07,97700.0,1200.0,500600.0
1657,2021-09-30 13:00:03,97600.0,100.0,499400.0
1658,2021-09-30 13:00:02,97600.0,200.0,499300.0
1659,2021-09-30 13:00:02,97600.0,100.0,499100.0
1660,2021-09-30 13:00:02,97600.0,200.0,499000.0
1661,2021-09-30 13:00:02,97600.0,100.0,498800.0
1662,2021-09-30 13:00:02,97600.0,1000.0,498700.0
1663,2021-09-30 13:00:02,97600.0,200.0,497700.0
1664,2021-09-30 13:00:01,97600.0,100.0,497500.0
1665,2021-09-30 13:00:01,97600.0,100.0,497400.0
1666,2021-09-30 11:29:58,97600.0,1300.0,497300.0
1667,2021-09-30 11:29:41,97600.0,100.0,496000.0
1668,2021-09-30 11:29:27,97600.0,200.0,495900.0
1669,2021-09-30 11:29:02,97600.0,200.0,495700.0
1670,2021-09-30 11:29:02,97600.0,100.0,495500.0
1671,2021-09-30 11:28:50,97500.0,200.0,495400.0
1672,2021-09-30 11:28:49,97500.0,100.0,495200.0
1673,2021-09-30 11:28:40,97500.0,100.0,495100.0
1674,2021-09-30 11:28:40,97500.0,100.0,495000.0
1675,2021-09-30 11:28:39,97500.0,100.0,494900.0
1676,2021-09-30 11:28:35,97500.0,200.0,494800.0
1677,2021-09-30 11:28:35,97500.0,100.0,494600.0
1678,2021-09-30 11:28:35,97500.0,700.0,494500.0
1679,2021-09-30 11:28:25,97500.0,200.0,493800.0
1680,2021-09-30 11:28:24,97500.0,100.0,493600.0
1681,2021-09-30 11:28:01,97500.0,100.0,493500.0
1682,2021-09-30 11:28:01,97500.0,100.0,493400.0
1683,2021-09-30 11:28:01,97500.0,1700.0,493300.0
1684,2021-09-30 11:27:25,97500.0,200.0,491600.0
1685,2021-09-30 11:27:24,97500.0,100.0,491400.0
1686,2021-09-30 11:27:22,97500.0,200.0,491300.0
1687,2021-09-30 11:27:22,97500.0,100.0,491100.0
1688,2021-09-30 11:27:15,97500.0,200.0,491000.0
1689,2021-09-30 11:27:15,97500.0,100.0,490800.0
1690,2021-09-30 11:27:15,97500.0,200.0,490700.0
1691,2021-09-30 11:27:15,97500.0,500.0,490500.0
1692,2021-09-30 11:27:15,97500.0,200.0,490000.0
1693,2021-09-30 11:27:15,97500.0,100.0,489800.0
1694,2021-09-30 11:27:15,97500.0,100.0,489700.0
1695,2021-09-30 11:27:15,97500.0,3600.0,489600.0
1696,2021-09-30 11:26:45,97500.0,1000.0,486000.0
1697,2021-09-30 11:26:44,97600.0,1000.0,485000.0
1698,2021-09-30 11:26:43,97600.0,1000.0,484000.0
1699,2021-09-30 11:26:38,97600.0,100.0,483000.0
1700,2021-09-30 11:26:22,97600.0,200.0,482900.0
1701,2021-09-30 11:25:45,97600.0,200.0,482700.0
1702,2021-09-30 11:25:44,97600.0,300.0,482500.0
1703,2021-09-30 11:25:43,97500.0,100.0,482200.0
1704,2021-09-30 11:25:39,97600.0,100.0,482100.0
1705,2021-09-30 11:25:35,97500.0,200.0,482000.0
1706,2021-09-30 11:25:35,97500.0,100.0,481800.0
1707,2021-09-30 11:25:27,97500.0,5000.0,481700.0
1708,2021-09-30 11:25:25,97500.0,200.0,476700.0
1709,2021-09-30 11:25:25,97500.0,100.0,476500.0
1710,2021-09-30 11:25:24,97500.0,1000.0,476400.0
1711,2021-09-30 11:25:16,97500.0,200.0,475400.0
1712,2021-09-30 11:25:16,97500.0,100.0,475200.0
1713,2021-09-30 11:25:09,97500.0,3400.0,475100.0
1714,2021-09-30 11:25:09,97500.0,200.0,471700.0
1715,2021-09-30 11:25:08,97600.0,200.0,471500.0
1716,2021-09-30 11:24:57,97600.0,200.0,471300.0
1717,2021-09-30 11:24:57,97600.0,100.0,471100.0
1718,2021-09-30 11:24:46,97500.0,200.0,471000.0
1719,2021-09-30 11:24:45,97500.0,100.0,470800.0
1720,2021-09-30 11:24:38,97500.0,400.0,470700.0
1721,2021-09-30 11:24:38,97500.0,1100.0,470300.0
1722,2021-09-30 11:24:30,97500.0,200.0,469200.0
1723,2021-09-30 11:24:30,97500.0,100.0,469000.0
1724,2021-09-30 11:24:21,97500.0,300.0,468900.0
1725,2021-09-30 11:24:04,97500.0,700.0,468600.0
1726,2021-09-30 11:23:50,97500.0,700.0,467900.0
1727,2021-09-30 11:23:39,97500.0,400.0,467200.0
1728,2021-09-30 11:22:59,97500.0,200.0,466800.0
1729,2021-09-30 11:22:59,97500.0,100.0,466600.0
1730,2021-09-30 11:22:52,97500.0,1400.0,466500.0
1731,2021-09-30 11:22:48,97600.0,200.0,465100.0
1732,2021-09-30 11:22:48,97600.0,100.0,464900.0
1733,2021-09-30 11:22:28,97600.0,100.0,464800.0
1734,2021-09-30 11:22:28,97600.0,100.0,464700.0
1735,2021-09-30 11:22:27,97600.0,100.0,464600.0
1736,2021-09-30 11:22:24,97600.0,200.0,464500.0
1737,2021-09-30 11:22:24,97600.0,100.0,464300.0
1738,2021-09-30 11:22:19,97600.0,400.0,464200.0
1739,2021-09-30 11:22:19,97600.0,2000.0,463800.0
1740,2021-09-30 11:22:19,97600.0,200.0,461800.0
1741,2021-09-30 11:22:19,97600.0,200.0,461600.0
1742,2021-09-30 11:22:19,97600.0,100.0,461400.0
1743,2021-09-30 11:22:19,97600.0,100.0,461300.0
1744,2021-09-30 11:22:06,97700.0,1000.0,461200.0
1745,2021-09-30 11:21:13,97600.0,900.0,460200.0
1746,2021-09-30 11:21:13,97600.0,200.0,459300.0
1747,2021-09-30 11:21:13,97600.0,200.0,459100.0
1748,2021-09-30 11:21:13,97600.0,200.0,458900.0
1749,2021-09-30 11:21:13,97600.0,500.0,458700.0
1750,2021-09-30 11:20:25,97600.0,500.0,458200.0
1751,2021-09-30 11:20:25,97600.0,200.0,457700.0
1752,2021-09-30 11:20:25,97600.0,200.0,457500.0
1753,2021-09-30 11:20:25,97600.0,100.0,457300.0
1754,2021-09-30 11:20:25,97600.0,200.0,457200.0
1755,2021-09-30 11:20:25,97600.0,100.0,457000.0
1756,2021-09-30 11:20:25,97600.0,300.0,456900.0
1757,2021-09-30 11:20:25,97600.0,100.0,456600.0
1758,2021-09-30 11:20:25,97600.0,100.0,456500.0
1759,2021-09-30 11:20:25,97600.0,200.0,456400.0
1760,2021-09-30 11:20:25,97600.0,200.0,456200.0
1761,2021-09-30 11:20:25,97600.0,200.0,456000.0
1762,2021-09-30 11:20:25,97600.0,1000.0,455800.0
1763,2021-09-30 11:20:25,97600.0,200.0,454800.0
1764,2021-09-30 11:20:25,97600.0,100.0,454600.0
1765,2021-09-30 11:20:25,97600.0,200.0,454500.0
1766,2021-09-30 11:20:25,97600.0,200.0,454300.0
1767,2021-09-30 11:20:25,97600.0,200.0,454100.0
1768,2021-09-30 11:20:25,97600.0,700.0,453900.0
1769,2021-09-30 11:20:08,97600.0,300.0,453200.0
1770,2021-09-30 11:20:08,97600.0,100.0,452900.0
1771,2021-09-30 11:20:08,97600.0,100.0,452800.0
1772,2021-09-30 11:20:08,97600.0,200.0,452700.0
1773,2021-09-30 11:20:08,97600.0,200.0,452500.0
1774,2021-09-30 11:20:08,97600.0,500.0,452300.0
1775,2021-09-30 11:20:08,97600.0,500.0,451800.0
1776,2021-09-30 11:20:08,97600.0,100.0,451300.0
1777,2021-09-30 11:20:08,97600.0,200.0,451200.0
1778,2021-09-30 11:20:08,97600.0,1000.0,451000.0
1779,2021-09-30 11:20:08,97600.0,800.0,450000.0
1780,2021-09-30 11:19:49,97600.0,200.0,449200.0
1781,2021-09-30 11:19:49,97600.0,100.0,449000.0
1782,2021-09-30 11:19:45,97600.0,900.0,448900.0
1783,2021-09-30 11:19:45,97600.0,100.0,448000.0
1784,2021-09-30 11:19:40,97600.0,200.0,447900.0
1785,2021-09-30 11:19:39,97600.0,100.0,447700.0
1786,2021-09-30 11:19:31,97600.0,100.0,447600.0
1787,2021-09-30 11:19:31,97600.0,100.0,447500.0
1788,2021-09-30 11:19:30,97600.0,100.0,447400.0
1789,2021-09-30 11:19:27,97600.0,100.0,447300.0
1790,2021-09-30 11:19:27,97600.0,200.0,447200.0
1791,2021-09-30 11:19:27,97600.0,200.0,447000.0
1792,2021-09-30 11:19:27,97600.0,200.0,446800.0
1793,2021-09-30 11:19:27,97600.0,100.0,446600.0
1794,2021-09-30 11:19:27,97600.0,200.0,446500.0
1795,2021-09-30 11:19:17,97600.0,300.0,446300.0
1796,2021-09-30 11:19:17,97600.0,100.0,446000.0
1797,2021-09-30 11:19:17,97600.0,1000.0,445900.0
1798,2021-09-30 11:19:17,97600.0,100.0,444900.0
1799,2021-09-30 11:19:17,97600.0,100.0,444800.0
1800,2021-09-30 11:19:17,97600.0,100.0,444700.0
1801,2021-09-30 11:19:17,97600.0,100.0,444600.0
1802,2021-09-30 11:19:17,97600.0,200.0,444500.0
1803,2021-09-30 11:19:13,97600.0,200.0,444300.0
1804,2021-09-30 11:19:12,97600.0,100.0,444100.0
1805,2021-09-30 11:19:08,97600.0,200.0,444000.0
1806,2021-09-30 11:19:07,97600.0,100.0,443800.0
1807,2021-09-30 11:18:56,97600.0,600.0,443700.0
1808,2021-09-30 11:18:56,97600.0,1000.0,443100.0
1809,2021-09-30 11:18:56,97600.0,500.0,442100.0
1810,2021-09-30 11:18:56,97600.0,900.0,441600.0
1811,2021-09-30 11:18:22,97700.0,200.0,440700.0
1812,2021-09-30 11:18:14,97700.0,200.0,440500.0
1813,2021-09-30 11:18:14,97700.0,200.0,440300.0
1814,2021-09-30 11:17:20,97600.0,2000.0,440100.0
1815,2021-09-30 11:17:20,97600.0,100.0,438100.0
1816,2021-09-30 11:17:20,97600.0,100.0,438000.0
1817,2021-09-30 11:17:20,97600.0,1800.0,437900.0
1818,2021-09-30 11:16:58,97600.0,3000.0,436100.0
1819,2021-09-30 11:16:51,97600.0,200.0,433100.0
1820,2021-09-30 11:16:51,97600.0,100.0,432900.0
1821,2021-09-30 11:16:43,97600.0,800.0,432800.0
1822,2021-09-30 11:16:43,97600.0,500.0,432000.0
1823,2021-09-30 11:16:43,97600.0,100.0,431500.0
1824,2021-09-30 11:16:43,97600.0,100.0,431400.0
1825,2021-09-30 11:16:43,97600.0,200.0,431300.0
1826,2021-09-30 11:16:43,97600.0,100.0,431100.0
1827,2021-09-30 11:16:43,97600.0,100.0,431000.0
1828,2021-09-30 11:16:43,97600.0,2000.0,430900.0
1829,2021-09-30 11:16:43,97600.0,100.0,428900.0
1830,2021-09-30 11:16:33,97600.0,400.0,428800.0
1831,2021-09-30 11:16:33,97600.0,500.0,428400.0
1832,2021-09-30 11:16:33,97600.0,100.0,427900.0
1833,2021-09-30 11:16:33,97600.0,300.0,427800.0
1834,2021-09-30 11:16:15,97600.0,700.0,427500.0
1835,2021-09-30 11:16:15,97600.0,800.0,426800.0
1836,2021-09-30 11:16:15,97600.0,100.0,426000.0
1837,2021-09-30 11:16:15,97600.0,100.0,425900.0
1838,2021-09-30 11:16:15,97600.0,100.0,425800.0
1839,2021-09-30 11:16:15,97600.0,200.0,425700.0
1840,2021-09-30 11:16:09,97600.0,800.0,425500.0
1841,2021-09-30 11:16:09,97600.0,500.0,424700.0
1842,2021-09-30 11:16:09,97600.0,3000.0,424200.0
1843,2021-09-30 11:16:09,97600.0,700.0,421200.0
1844,2021-09-30 11:16:08,97600.0,200.0,420500.0
1845,2021-09-30 11:16:08,97600.0,100.0,420300.0
1846,2021-09-30 11:16:04,97600.0,200.0,420200.0
1847,2021-09-30 11:16:03,97600.0,100.0,420000.0
1848,2021-09-30 11:15:43,97600.0,200.0,419900.0
1849,2021-09-30 11:15:43,97600.0,100.0,419700.0
1850,2021-09-30 11:15:23,97600.0,200.0,419600.0
1851,2021-09-30 11:15:22,97600.0,100.0,419400.0
1852,2021-09-30 11:15:20,97600.0,100.0,419300.0
1853,2021-09-30 11:15:20,97600.0,100.0,419200.0
1854,2021-09-30 11:15:20,97600.0,100.0,419100.0
1855,2021-09-30 11:13:17,97600.0,100.0,419000.0
1856,2021-09-30 11:13:17,97600.0,100.0,418900.0
1857,2021-09-30 11:13:16,97600.0,100.0,418800.0
1858,2021-09-30 11:12:14,97600.0,2000.0,418700.0
1859,2021-09-30 11:12:13,97700.0,200.0,416700.0
1860,2021-09-30 11:11:36,97700.0,200.0,416500.0
1861,2021-09-30 11:11:28,97700.0,100.0,416300.0
1862,2021-09-30 11:10:59,97700.0,200.0,416200.0
1863,2021-09-30 11:10:26,97700.0,100.0,416000.0
1864,2021-09-30 11:10:24,97700.0,200.0,415900.0
1865,2021-09-30 11:10:24,97700.0,100.0,415700.0
1866,2021-09-30 11:10:24,97700.0,1300.0,415600.0
1867,2021-09-30 11:10:24,97700.0,200.0,414300.0
1868,2021-09-30 11:10:24,97700.0,100.0,414100.0
1869,2021-09-30 11:10:24,97700.0,100.0,414000.0
1870,2021-09-30 11:10:24,97700.0,200.0,413900.0
1871,2021-09-30 11:10:24,97700.0,200.0,413700.0
1872,2021-09-30 11:09:56,97700.0,100.0,413500.0
1873,2021-09-30 11:09:56,97700.0,200.0,413400.0
1874,2021-09-30 11:09:56,97700.0,200.0,413200.0
1875,2021-09-30 11:09:56,97700.0,200.0,413000.0
1876,2021-09-30 11:09:56,97700.0,200.0,412800.0
1877,2021-09-30 11:09:56,97700.0,200.0,412600.0
1878,2021-09-30 11:09:56,97700.0,100.0,412400.0
1879,2021-09-30 11:09:56,97700.0,100.0,412300.0
1880,2021-09-30 11:09:56,97700.0,100.0,412200.0
1881,2021-09-30 11:09:56,97700.0,200.0,412100.0
1882,2021-09-30 11:09:56,97700.0,200.0,411900.0
1883,2021-09-30 11:09:56,97700.0,200.0,411700.0
1884,2021-09-30 11:09:56,97700.0,500.0,411500.0
1885,2021-09-30 11:09:56,97700.0,100.0,411000.0
1886,2021-09-30 11:09:56,97700.0,200.0,410900.0
1887,2021-09-30 11:09:56,97700.0,100.0,410700.0
1888,2021-09-30 11:09:56,97700.0,200.0,410600.0
1889,2021-09-30 11:09:56,97700.0,100.0,410400.0
1890,2021-09-30 11:09:56,97700.0,100.0,410300.0
1891,2021-09-30 11:09:56,97700.0,200.0,410200.0
1892,2021-09-30 11:09:56,97700.0,100.0,410000.0
1893,2021-09-30 11:09:56,97700.0,500.0,409900.0
1894,2021-09-30 11:09:56,97700.0,100.0,409400.0
1895,2021-09-30 11:09:56,97700.0,200.0,409300.0
1896,2021-09-30 11:09:56,97700.0,200.0,409100.0
1897,2021-09-30 11:09:56,97700.0,100.0,408900.0
1898,2021-09-30 11:09:56,97700.0,200.0,408800.0
1899,2021-09-30 11:09:56,97700.0,100.0,408600.0
1900,2021-09-30 11:09:50,97700.0,500.0,408500.0
1901,2021-09-30 11:09:50,97700.0,400.0,408000.0
1902,2021-09-30 11:09:49,97700.0,100.0,407600.0
1903,2021-09-30 11:09:49,97700.0,100.0,407500.0
1904,2021-09-30 11:09:45,97800.0,100.0,407400.0
1905,2021-09-30 11:09:41,97800.0,100.0,407300.0
1906,2021-09-30 11:09:38,97700.0,200.0,407200.0
1907,2021-09-30 11:09:38,97700.0,200.0,407000.0
1908,2021-09-30 11:09:38,97700.0,200.0,406800.0
1909,2021-09-30 11:09:38,97700.0,300.0,406600.0
1910,2021-09-30 11:09:38,97700.0,100.0,406300.0
1911,2021-09-30 11:09:38,97700.0,200.0,406200.0
1912,2021-09-30 11:09:38,97700.0,200.0,406000.0
1913,2021-09-30 11:09:38,97700.0,100.0,405800.0
1914,2021-09-30 11:09:32,97700.0,100.0,405700.0
1915,2021-09-30 11:09:32,97700.0,200.0,405600.0
1916,2021-09-30 11:09:32,97700.0,800.0,405400.0
1917,2021-09-30 11:09:32,97700.0,900.0,404600.0
1918,2021-09-30 11:09:30,97700.0,100.0,403700.0
1919,2021-09-30 11:09:30,97700.0,600.0,403600.0
1920,2021-09-30 11:09:30,97700.0,100.0,403000.0
1921,2021-09-30 11:09:30,97700.0,100.0,402900.0
1922,2021-09-30 11:09:30,97700.0,100.0,402800.0
1923,2021-09-30 11:09:30,97700.0,500.0,402700.0
1924,2021-09-30 11:09:30,97700.0,100.0,402200.0
1925,2021-09-30 11:09:30,97700.0,200.0,402100.0
1926,2021-09-30 11:09:30,97700.0,200.0,401900.0
1927,2021-09-30 11:09:30,97700.0,200.0,401700.0
1928,2021-09-30 11:09:30,97700.0,400.0,401500.0
1929,2021-09-30 11:09:30,97700.0,200.0,401100.0
1930,2021-09-30 11:09:30,97700.0,200.0,400900.0
1931,2021-09-30 11:09:30,97700.0,100.0,400700.0
1932,2021-09-30 11:09:30,97700.0,200.0,400600.0
1933,2021-09-30 11:09:30,97700.0,300.0,400400.0
1934,2021-09-30 11:09:30,97700.0,400.0,400100.0
1935,2021-09-30 11:09:28,97700.0,100.0,399700.0
1936,2021-09-30 11:09:26,97700.0,100.0,399600.0
1937,2021-09-30 11:09:26,97700.0,100.0,399500.0
1938,2021-09-30 11:09:26,97700.0,200.0,399400.0
1939,2021-09-30 11:09:26,97700.0,4600.0,399200.0
1940,2021-09-30 11:09:21,97700.0,2000.0,394600.0
1941,2021-09-30 11:09:15,97700.0,400.0,392600.0
1942,2021-09-30 11:09:15,97700.0,200.0,392200.0
1943,2021-09-30 11:09:02,97700.0,5000.0,392000.0
1944,2021-09-30 11:09:01,97700.0,400.0,387000.0
1945,2021-09-30 11:09:00,97700.0,200.0,386600.0
1946,2021-09-30 11:08:45,97700.0,100.0,386400.0
1947,2021-09-30 11:08:26,97700.0,5000.0,386300.0
1948,2021-09-30 11:07:11,97700.0,100.0,381300.0
1949,2021-09-30 11:06:59,97700.0,5000.0,381200.0
1950,2021-09-30 11:06:40,97800.0,200.0,376200.0
1951,2021-09-30 11:06:34,97800.0,200.0,376000.0
1952,2021-09-30 11:05:59,97700.0,400.0,375800.0
1953,2021-09-30 11:05:58,97700.0,200.0,375400.0
1954,2021-09-30 11:05:51,97700.0,2000.0,375200.0
1955,2021-09-30 11:05:44,97700.0,400.0,373200.0
1956,2021-09-30 11:05:43,97700.0,200.0,372800.0
1957,2021-09-30 11:05:04,97700.0,2000.0,372600.0
1958,2021-09-30 11:04:47,97700.0,2000.0,370600.0
1959,2021-09-30 11:04:11,97700.0,2000.0,368600.0
1960,2021-09-30 11:04:03,97700.0,700.0,366600.0
1961,2021-09-30 11:03:40,97700.0,2000.0,365900.0
1962,2021-09-30 11:03:03,97700.0,700.0,363900.0
1963,2021-09-30 11:02:50,97700.0,100.0,363200.0
1964,2021-09-30 11:02:35,97700.0,100.0,363100.0
1965,2021-09-30 11:02:22,97800.0,200.0,363000.0
1966,2021-09-30 11:02:22,97700.0,400.0,362800.0
1967,2021-09-30 11:01:56,97800.0,100.0,362400.0
1968,2021-09-30 11:01:54,97800.0,100.0,362300.0
1969,2021-09-30 11:01:54,97800.0,1900.0,362200.0
1970,2021-09-30 11:01:45,97800.0,200.0,360300.0
1971,2021-09-30 11:01:42,97800.0,100.0,360100.0
1972,2021-09-30 11:01:41,97800.0,800.0,360000.0
1973,2021-09-30 11:01:41,97800.0,2200.0,359200.0
1974,2021-09-30 11:01:33,97800.0,800.0,357000.0
1975,2021-09-30 11:01:33,97800.0,700.0,356200.0
1976,2021-09-30 11:01:21,97700.0,200.0,355500.0
1977,2021-09-30 11:01:11,97700.0,500.0,355300.0
1978,2021-09-30 11:00:56,97700.0,5000.0,354800.0
1979,2021-09-30 10:59:54,97700.0,200.0,349800.0
1980,2021-09-30 10:59:53,97700.0,100.0,349600.0
1981,2021-09-30 10:59:38,97700.0,3000.0,349500.0
1982,2021-09-30 10:59:17,97800.0,200.0,346500.0
1983,2021-09-30 10:59:13,97800.0,1000.0,346300.0
1984,2021-09-30 10:59:07,97800.0,100.0,345300.0
1985,2021-09-30 10:59:06,97800.0,400.0,345200.0
1986,2021-09-30 10:59:06,97800.0,200.0,344800.0
1987,2021-09-30 10:59:06,97800.0,200.0,344600.0
1988,2021-09-30 10:59:05,97700.0,2000.0,344400.0
1989,2021-09-30 10:58:49,97800.0,100.0,342400.0
1990,2021-09-30 10:58:46,97700.0,2800.0,342300.0
1991,2021-09-30 10:58:46,97700.0,200.0,339500.0
1992,2021-09-30 10:58:40,97800.0,200.0,339300.0
1993,2021-09-30 10:58:20,97800.0,500.0,339100.0
1994,2021-09-30 10:58:03,97800.0,200.0,338600.0
1995,2021-09-30 10:57:26,97800.0,200.0,338400.0
1996,2021-09-30 10:56:49,97800.0,100.0,338200.0
1997,2021-09-30 10:56:37,97800.0,500.0,338100.0
1998,2021-09-30 10:56:31,97800.0,100.0,337600.0
1999,2021-09-30 10:56:12,97800.0,200.0,337500.0
2000,2021-09-30 10:56:10,97800.0,100.0,337300.0
2001,2021-09-30 10:55:35,97800.0,200.0,337200.0
2002,2021-09-30 10:55:22,97800.0,400.0,337000.0
2003,2021-09-30 10:55:22,97800.0,100.0,336600.0
2004,2021-09-30 10:54:59,97800.0,200.0,336500.0
2005,2021-09-30 10:54:55,97800.0,100.0,336300.0
2006,2021-09-30 10:54:48,97800.0,200.0,336200.0
2007,2021-09-30 10:54:48,97800.0,100.0,336000.0
2008,2021-09-30 10:54:48,97800.0,300.0,335900.0
2009,2021-09-30 10:54:24,97800.0,1000.0,335600.0
2010,2021-09-30 10:54:12,97800.0,400.0,334600.0
2011,2021-09-30 10:54:12,97800.0,200.0,334200.0
2012,2021-09-30 10:54:12,97800.0,2000.0,334000.0
2013,2021-09-30 10:54:12,97800.0,100.0,332000.0
2014,2021-09-30 10:53:53,97800.0,100.0,331900.0
2015,2021-09-30 10:53:52,97800.0,1800.0,331800.0
2016,2021-09-30 10:53:51,97800.0,400.0,330000.0
2017,2021-09-30 10:53:50,97800.0,200.0,329600.0
2018,2021-09-30 10:53:46,97800.0,1000.0,329400.0
2019,2021-09-30 10:53:46,97800.0,400.0,328400.0
2020,2021-09-30 10:53:46,97800.0,200.0,328000.0
2021,2021-09-30 10:53:45,97800.0,200.0,327800.0
2022,2021-09-30 10:53:35,97800.0,100.0,327600.0
2023,2021-09-30 10:53:34,97800.0,1700.0,327500.0
2024,2021-09-30 10:53:34,97800.0,300.0,325800.0
2025,2021-09-30 10:53:28,97800.0,1000.0,325500.0
2026,2021-09-30 10:53:27,97800.0,700.0,324500.0
2027,2021-09-30 10:53:27,97800.0,300.0,323800.0
2028,2021-09-30 10:53:15,97800.0,100.0,323500.0
2029,2021-09-30 10:53:14,97800.0,3000.0,323400.0
2030,2021-09-30 10:53:08,97800.0,200.0,320400.0
2031,2021-09-30 10:53:04,97800.0,100.0,320200.0
2032,2021-09-30 10:52:41,97800.0,100.0,320100.0
2033,2021-09-30 10:52:41,97800.0,200.0,320000.0
2034,2021-09-30 10:52:00,97800.0,100.0,319800.0
2035,2021-09-30 10:51:58,97800.0,200.0,319700.0
2036,2021-09-30 10:51:58,97800.0,100.0,319500.0
2037,2021-09-30 10:51:58,97800.0,300.0,319400.0
2038,2021-09-30 10:51:58,97800.0,3300.0,319100.0
2039,2021-09-30 10:51:57,97800.0,200.0,315800.0
2040,2021-09-30 10:51:56,97800.0,100.0,315600.0
2041,2021-09-30 10:51:34,97800.0,1000.0,315500.0
2042,2021-09-30 10:51:34,97800.0,2000.0,314500.0
2043,2021-09-30 10:51:34,97800.0,200.0,312500.0
2044,2021-09-30 10:51:34,97800.0,100.0,312300.0
2045,2021-09-30 10:51:34,97800.0,200.0,312200.0
2046,2021-09-30 10:51:34,97800.0,100.0,312000.0
2047,2021-09-30 10:51:34,97800.0,2800.0,311900.0
2048,2021-09-30 10:51:17,97800.0,200.0,309100.0
2049,2021-09-30 10:51:04,97800.0,200.0,308900.0
2050,2021-09-30 10:51:04,97800.0,100.0,308700.0
2051,2021-09-30 10:50:56,97700.0,100.0,308600.0
2052,2021-09-30 10:50:56,97700.0,100.0,308500.0
2053,2021-09-30 10:50:55,97700.0,100.0,308400.0
2054,2021-09-30 10:50:21,97700.0,200.0,308300.0
2055,2021-09-30 10:50:21,97700.0,2900.0,308100.0
2056,2021-09-30 10:48:07,97700.0,200.0,305200.0
2057,2021-09-30 10:48:06,97700.0,100.0,305000.0
2058,2021-09-30 10:48:00,97700.0,1800.0,304900.0
2059,2021-09-30 10:48:00,97700.0,100.0,303100.0
2060,2021-09-30 10:48:00,97700.0,200.0,303000.0
2061,2021-09-30 10:48:00,97700.0,2000.0,302800.0
2062,2021-09-30 10:48:00,97700.0,1000.0,300800.0
2063,2021-09-30 10:48:00,97700.0,100.0,299800.0
2064,2021-09-30 10:48:00,97700.0,100.0,299700.0
2065,2021-09-30 10:48:00,97700.0,700.0,299600.0
2066,2021-09-30 10:47:58,97800.0,100.0,298900.0
2067,2021-09-30 10:47:57,97800.0,100.0,298800.0
2068,2021-09-30 10:47:57,97800.0,100.0,298700.0
2069,2021-09-30 10:47:57,97800.0,500.0,298600.0
2070,2021-09-30 10:47:57,97800.0,200.0,298100.0
2071,2021-09-30 10:47:57,97800.0,100.0,297900.0
2072,2021-09-30 10:47:57,97800.0,200.0,297800.0
2073,2021-09-30 10:47:57,97800.0,100.0,297600.0
2074,2021-09-30 10:47:57,97800.0,100.0,297500.0
2075,2021-09-30 10:47:57,97800.0,400.0,297400.0
2076,2021-09-30 10:47:57,97800.0,100.0,297000.0
2077,2021-09-30 10:47:57,97800.0,100.0,296900.0
2078,2021-09-30 10:47:56,97800.0,100.0,296800.0
2079,2021-09-30 10:47:54,97800.0,300.0,296700.0
2080,2021-09-30 10:47:54,97800.0,1000.0,296400.0
2081,2021-09-30 10:47:54,97800.0,200.0,295400.0
2082,2021-09-30 10:47:54,97800.0,100.0,295200.0
2083,2021-09-30 10:47:54,97800.0,100.0,295100.0
2084,2021-09-30 10:47:54,97800.0,300.0,295000.0
2085,2021-09-30 10:47:49,97800.0,700.0,294700.0
2086,2021-09-30 10:47:49,97800.0,100.0,294000.0
2087,2021-09-30 10:47:49,97800.0,100.0,293900.0
2088,2021-09-30 10:47:49,97800.0,2100.0,293800.0
2089,2021-09-30 10:47:39,97800.0,200.0,291700.0
2090,2021-09-30 10:47:38,97800.0,100.0,291500.0
2091,2021-09-30 10:47:35,97900.0,200.0,291400.0
2092,2021-09-30 10:47:34,97900.0,1000.0,291200.0
