,Time,Price,Volume_per_trade,Volume
0,2021-10-19 07:45:01,12100.0,200.0,651100.0
1,2021-10-19 07:45:01,12100.0,1500.0,650900.0
2,2021-10-19 07:45:01,12100.0,900.0,649400.0
3,2021-10-19 07:45:01,12100.0,500.0,648500.0
4,2021-10-19 07:45:01,12100.0,200.0,648000.0
5,2021-10-19 07:45:01,12100.0,11700.0,647800.0
6,2021-10-19 07:45:01,12100.0,1600.0,636100.0
7,2021-10-19 07:45:01,12100.0,2000.0,634500.0
8,2021-10-19 07:45:01,12100.0,1000.0,632500.0
9,2021-10-19 07:45:01,12100.0,100.0,631500.0
10,2021-10-19 07:28:16,12000.0,3000.0,631400.0
11,2021-10-19 07:28:14,11850.0,2000.0,628400.0
12,2021-10-19 07:27:08,11850.0,3400.0,626400.0
13,2021-10-19 07:26:01,11850.0,3400.0,623000.0
14,2021-10-19 07:26:01,11900.0,100.0,619600.0
15,2021-10-19 07:26:01,11900.0,5000.0,619500.0
16,2021-10-19 07:26:01,11900.0,200.0,614500.0
17,2021-10-19 07:26:01,11900.0,100.0,614300.0
18,2021-10-19 07:26:01,11900.0,200.0,614200.0
19,2021-10-19 07:26:01,11900.0,400.0,614000.0
20,2021-10-19 07:26:01,11900.0,100.0,613600.0
21,2021-10-19 07:26:01,11900.0,500.0,613500.0
22,2021-10-19 07:25:20,11950.0,100.0,613000.0
23,2021-10-19 07:25:20,11950.0,100.0,612900.0
24,2021-10-19 07:25:20,11950.0,1000.0,612800.0
25,2021-10-19 07:25:20,11950.0,800.0,611800.0
26,2021-10-19 07:22:25,11950.0,200.0,611000.0
27,2021-10-19 07:17:33,11950.0,3000.0,610800.0
28,2021-10-19 07:15:54,11950.0,3900.0,607800.0
29,2021-10-19 07:15:54,11950.0,100.0,603900.0
30,2021-10-19 07:06:09,12000.0,100.0,603800.0
31,2021-10-19 06:54:30,11900.0,100.0,603700.0
32,2021-10-19 06:53:32,11900.0,100.0,603600.0
33,2021-10-19 06:49:39,11900.0,300.0,603500.0
34,2021-10-19 06:49:39,11900.0,1000.0,603200.0
35,2021-10-19 06:49:39,11900.0,700.0,602200.0
36,2021-10-19 06:49:14,11900.0,300.0,601500.0
37,2021-10-19 06:49:14,11900.0,100.0,601200.0
38,2021-10-19 06:49:14,11900.0,3100.0,601100.0
39,2021-10-19 06:49:07,11900.0,1900.0,598000.0
40,2021-10-19 06:49:07,11900.0,900.0,596100.0
41,2021-10-19 06:49:07,11900.0,2000.0,595200.0
42,2021-10-19 06:43:06,11900.0,600.0,593200.0
43,2021-10-19 06:35:05,11900.0,1400.0,592600.0
44,2021-10-19 06:35:05,11900.0,2000.0,591200.0
45,2021-10-19 06:35:05,11900.0,1000.0,589200.0
46,2021-10-19 06:35:05,11900.0,200.0,588200.0
47,2021-10-19 06:35:05,11900.0,600.0,588000.0
48,2021-10-19 06:35:05,11900.0,100.0,587400.0
49,2021-10-19 06:35:05,11900.0,1000.0,587300.0
50,2021-10-19 06:35:05,11900.0,200.0,586300.0
51,2021-10-19 06:35:05,11900.0,500.0,586100.0
52,2021-10-19 06:35:05,11900.0,200.0,585600.0
53,2021-10-19 06:35:05,11900.0,200.0,585400.0
54,2021-10-19 06:35:05,11900.0,200.0,585200.0
55,2021-10-19 06:35:05,11900.0,200.0,585000.0
56,2021-10-19 06:35:05,11900.0,100.0,584800.0
57,2021-10-19 06:35:05,11900.0,2000.0,584700.0
58,2021-10-19 06:35:05,11900.0,100.0,582700.0
59,2021-10-19 06:33:59,11900.0,600.0,582600.0
60,2021-10-19 06:33:59,11900.0,100.0,582000.0
61,2021-10-19 06:33:59,11950.0,1300.0,581900.0
62,2021-10-19 06:33:37,11950.0,700.0,580600.0
63,2021-10-19 06:33:18,11950.0,200.0,579900.0
64,2021-10-19 06:33:18,11950.0,100.0,579700.0
65,2021-10-19 06:33:18,11950.0,2000.0,579600.0
66,2021-10-19 06:30:46,12000.0,100.0,577600.0
67,2021-10-19 06:30:43,12000.0,13000.0,577500.0
68,2021-10-19 06:30:36,12000.0,30000.0,564500.0
69,2021-10-19 06:30:29,12000.0,6800.0,534500.0
70,2021-10-19 06:30:19,12000.0,12600.0,527700.0
71,2021-10-19 06:30:13,12000.0,37400.0,515100.0
72,2021-10-19 06:30:06,12000.0,100.0,477700.0
73,2021-10-19 06:29:48,12050.0,3100.0,477600.0
74,2021-10-19 06:29:44,12050.0,40000.0,474500.0
75,2021-10-19 06:29:39,12050.0,16100.0,434500.0
76,2021-10-19 06:29:20,12050.0,28500.0,418400.0
77,2021-10-19 06:29:13,12000.0,900.0,389900.0
78,2021-10-19 06:29:13,12000.0,100.0,389000.0
79,2021-10-19 06:29:12,12050.0,12300.0,388900.0
80,2021-10-19 06:29:12,12050.0,100.0,376600.0
81,2021-10-19 06:23:30,12000.0,1900.0,376500.0
82,2021-10-19 06:23:30,12000.0,100.0,374600.0
83,2021-10-19 06:22:28,12000.0,500.0,374500.0
84,2021-10-19 06:19:37,12000.0,200.0,374000.0
85,2021-10-19 06:19:37,12000.0,300.0,373800.0
86,2021-10-19 06:19:37,12000.0,1000.0,373500.0
87,2021-10-19 06:19:37,12000.0,700.0,372500.0
88,2021-10-19 06:19:37,12000.0,300.0,371800.0
89,2021-10-19 06:14:26,12000.0,200.0,371500.0
90,2021-10-19 06:14:26,12000.0,200.0,371300.0
91,2021-10-19 06:11:31,12000.0,800.0,371100.0
92,2021-10-19 06:11:31,12000.0,100.0,370300.0
93,2021-10-19 06:11:31,12000.0,1200.0,370200.0
94,2021-10-19 06:04:02,12000.0,800.0,369000.0
95,2021-10-19 06:04:02,12000.0,1000.0,368200.0
96,2021-10-19 06:04:02,12000.0,1000.0,367200.0
97,2021-10-19 06:04:02,12050.0,800.0,366200.0
98,2021-10-19 06:02:31,12050.0,2200.0,365400.0
99,2021-10-19 06:02:31,12050.0,500.0,363200.0
100,2021-10-19 06:02:31,12050.0,100.0,362700.0
101,2021-10-19 06:02:31,12050.0,500.0,362600.0
102,2021-10-19 06:02:31,12050.0,100.0,362100.0
103,2021-10-19 06:02:31,12050.0,4700.0,362000.0
104,2021-10-19 06:02:31,12050.0,500.0,357300.0
105,2021-10-19 06:02:31,12050.0,6400.0,356800.0
106,2021-10-19 06:01:56,12100.0,2000.0,350400.0
107,2021-10-19 06:01:05,12100.0,1000.0,348400.0
108,2021-10-19 06:01:05,12100.0,400.0,347400.0
109,2021-10-19 06:01:05,12100.0,200.0,347000.0
110,2021-10-19 06:01:05,12100.0,1000.0,346800.0
111,2021-10-19 06:01:05,12100.0,300.0,345800.0
112,2021-10-19 06:00:00,12100.0,1000.0,345500.0
113,2021-10-19 04:16:13,12100.0,100.0,344500.0
114,2021-10-19 04:15:29,12100.0,100.0,344400.0
115,2021-10-19 04:15:10,12100.0,1000.0,344300.0
116,2021-10-19 04:14:31,12100.0,500.0,343300.0
117,2021-10-19 03:50:55,12050.0,500.0,342800.0
118,2021-10-19 03:50:33,12050.0,1000.0,342300.0
119,2021-10-19 03:50:14,12050.0,500.0,341300.0
120,2021-10-19 03:49:36,12100.0,4500.0,340800.0
121,2021-10-19 03:44:15,12050.0,500.0,336300.0
122,2021-10-19 03:41:13,12050.0,200.0,335800.0
123,2021-10-19 03:35:30,12100.0,2900.0,335600.0
124,2021-10-19 03:35:30,12100.0,10000.0,332700.0
125,2021-10-19 03:35:30,12100.0,5200.0,322700.0
126,2021-10-19 03:35:30,12100.0,3800.0,317500.0
127,2021-10-19 03:35:30,12100.0,800.0,313700.0
128,2021-10-19 03:35:30,12100.0,7000.0,312900.0
129,2021-10-19 03:35:30,12100.0,5800.0,305900.0
130,2021-10-19 03:34:37,12100.0,1000.0,300100.0
131,2021-10-19 03:27:04,12100.0,500.0,299100.0
132,2021-10-19 03:21:35,12150.0,900.0,298600.0
133,2021-10-19 03:21:35,12100.0,10100.0,297700.0
134,2021-10-19 03:21:25,12100.0,2500.0,287600.0
135,2021-10-19 03:21:16,12100.0,7400.0,285100.0
136,2021-10-19 03:21:12,12100.0,2600.0,277700.0
137,2021-10-19 03:21:06,12100.0,1200.0,275100.0
138,2021-10-19 03:21:01,12100.0,3000.0,273900.0
139,2021-10-19 03:20:56,12100.0,6900.0,270900.0
140,2021-10-19 03:20:40,12100.0,400.0,264000.0
141,2021-10-19 03:20:32,12100.0,1300.0,263600.0
142,2021-10-19 03:20:25,12100.0,4600.0,262300.0
143,2021-10-19 03:20:18,12150.0,300.0,257700.0
144,2021-10-19 03:20:16,12150.0,1000.0,257400.0
145,2021-10-19 03:20:13,12150.0,2700.0,256400.0
146,2021-10-19 03:20:04,12150.0,1500.0,253700.0
147,2021-10-19 03:19:59,12150.0,300.0,252200.0
148,2021-10-19 03:19:51,12150.0,10000.0,251900.0
149,2021-10-19 03:19:45,12150.0,3200.0,241900.0
150,2021-10-19 03:19:39,12150.0,800.0,238700.0
151,2021-10-19 03:19:37,12150.0,1000.0,237900.0
152,2021-10-19 03:19:33,12150.0,3200.0,236900.0
153,2021-10-19 03:19:28,12150.0,1600.0,233700.0
154,2021-10-19 03:19:20,12150.0,15000.0,232100.0
155,2021-10-19 03:19:14,12150.0,3900.0,217100.0
156,2021-10-19 03:19:08,12150.0,6300.0,213200.0
157,2021-10-19 03:18:58,12150.0,3700.0,206900.0
158,2021-10-19 03:18:47,12150.0,1200.0,203200.0
159,2021-10-19 03:18:40,12150.0,400.0,202000.0
160,2021-10-19 03:18:40,12150.0,1000.0,201600.0
161,2021-10-19 03:18:40,12150.0,600.0,200600.0
162,2021-10-19 03:18:34,12150.0,400.0,200000.0
163,2021-10-19 03:18:26,12100.0,5400.0,199600.0
164,2021-10-19 03:18:20,12100.0,600.0,194200.0
165,2021-10-19 03:18:13,12100.0,2300.0,193600.0
166,2021-10-19 03:18:09,12100.0,10000.0,191300.0
167,2021-10-19 03:18:03,12100.0,1700.0,181300.0
168,2021-10-19 03:17:57,12100.0,1900.0,179600.0
169,2021-10-19 03:17:50,12100.0,200.0,177700.0
170,2021-10-19 03:17:45,12100.0,5000.0,177500.0
171,2021-10-19 03:17:41,12100.0,500.0,172500.0
172,2021-10-19 03:17:40,12100.0,400.0,172000.0
173,2021-10-19 03:17:34,12100.0,1300.0,171600.0
174,2021-10-19 03:17:29,12100.0,2000.0,170300.0
175,2021-10-19 03:17:23,12100.0,3400.0,168300.0
176,2021-10-19 03:17:14,12100.0,1100.0,164900.0
177,2021-10-19 03:17:06,12100.0,7000.0,163800.0
178,2021-10-19 03:17:00,12100.0,2500.0,156800.0
179,2021-10-19 03:16:51,12050.0,2900.0,154300.0
180,2021-10-19 03:16:40,12050.0,3000.0,151400.0
181,2021-10-19 03:16:34,12050.0,6200.0,148400.0
182,2021-10-19 03:16:28,12050.0,1700.0,142200.0
183,2021-10-19 03:16:23,12050.0,6500.0,140500.0
184,2021-10-19 03:16:15,12050.0,4000.0,134000.0
185,2021-10-19 03:16:15,12050.0,2000.0,130000.0
186,2021-10-19 03:16:15,12050.0,3700.0,128000.0
187,2021-10-19 03:16:09,12100.0,2000.0,124300.0
188,2021-10-19 03:16:00,12100.0,10400.0,122300.0
189,2021-10-19 03:15:54,12100.0,1700.0,111900.0
190,2021-10-19 03:15:49,12100.0,2900.0,110200.0
191,2021-10-19 03:15:43,12100.0,1500.0,107300.0
192,2021-10-19 03:15:34,12100.0,2800.0,105800.0
193,2021-10-19 03:15:29,12100.0,20000.0,103000.0
194,2021-10-19 03:15:24,12100.0,1300.0,83000.0
195,2021-10-19 03:15:19,12100.0,1500.0,81700.0
196,2021-10-19 03:15:11,12100.0,2400.0,80200.0
197,2021-10-19 03:15:01,12100.0,4000.0,77800.0
198,2021-10-19 03:14:55,12100.0,1500.0,73800.0
199,2021-10-19 03:14:49,12100.0,200.0,72300.0
200,2021-10-19 03:14:43,12100.0,600.0,72100.0
201,2021-10-19 03:14:38,12100.0,3800.0,71500.0
202,2021-10-19 03:14:30,12100.0,6200.0,67700.0
203,2021-10-19 03:14:22,12100.0,2300.0,61500.0
204,2021-10-19 03:14:13,12050.0,1300.0,59200.0
205,2021-10-19 03:14:04,12050.0,1100.0,57900.0
206,2021-10-19 03:13:58,12050.0,2800.0,56800.0
207,2021-10-19 03:13:49,12050.0,14800.0,54000.0
208,2021-10-19 03:13:49,12050.0,200.0,39200.0
209,2021-10-19 03:13:48,12050.0,2000.0,39000.0
210,2021-10-19 03:13:35,12050.0,300.0,37000.0
211,2021-10-19 03:13:30,12050.0,5000.0,36700.0
212,2021-10-19 03:13:22,12050.0,600.0,31700.0
213,2021-10-19 03:13:15,12050.0,1900.0,31100.0
214,2021-10-19 03:13:10,12050.0,3100.0,29200.0
215,2021-10-19 03:13:02,12050.0,400.0,26100.0
216,2021-10-19 03:12:57,12050.0,2500.0,25700.0
217,2021-10-19 03:12:50,12050.0,1300.0,23200.0
218,2021-10-19 03:06:58,12000.0,300.0,21900.0
219,2021-10-19 03:05:35,12000.0,100.0,21600.0
220,2021-10-19 03:03:24,12000.0,200.0,21500.0
221,2021-10-19 02:55:42,12200.0,100.0,21300.0
222,2021-10-19 02:50:20,12200.0,1800.0,21200.0
223,2021-10-19 02:48:54,12200.0,100.0,19400.0
224,2021-10-19 02:47:26,12200.0,300.0,19300.0
225,2021-10-19 02:47:17,12200.0,2300.0,19000.0
226,2021-10-19 02:47:01,12200.0,200.0,16700.0
227,2021-10-19 02:46:47,12250.0,100.0,16500.0
228,2021-10-19 02:46:01,12200.0,100.0,16400.0
229,2021-10-19 02:46:01,12200.0,200.0,16300.0
230,2021-10-19 02:46:01,12200.0,500.0,16100.0
231,2021-10-19 02:46:01,12150.0,100.0,15600.0
232,2021-10-19 02:46:01,12150.0,100.0,15500.0
233,2021-10-19 02:46:01,12150.0,100.0,15400.0
234,2021-10-19 02:46:01,12100.0,200.0,15300.0
235,2021-10-19 02:42:13,12100.0,100.0,15100.0
236,2021-10-19 02:42:02,12000.0,100.0,15000.0
237,2021-10-19 02:39:46,12000.0,900.0,14900.0
238,2021-10-19 02:39:46,12000.0,200.0,14000.0
239,2021-10-19 02:39:46,12000.0,1100.0,13800.0
240,2021-10-19 02:39:46,12000.0,200.0,12700.0
241,2021-10-19 02:39:46,12000.0,600.0,12500.0
242,2021-10-19 02:38:27,11950.0,400.0,11900.0
243,2021-10-19 02:38:27,11950.0,100.0,11500.0
244,2021-10-19 02:36:28,11900.0,100.0,11400.0
245,2021-10-19 02:33:36,11900.0,1000.0,11300.0
246,2021-10-19 02:32:10,11900.0,3200.0,10300.0
247,2021-10-19 02:30:42,11950.0,100.0,7100.0
248,2021-10-19 02:15:53,11900.0,200.0,7000.0
249,2021-10-19 02:15:53,11900.0,100.0,6800.0
250,2021-10-19 02:15:53,11900.0,500.0,6700.0
251,2021-10-19 02:15:53,11900.0,100.0,6200.0
252,2021-10-19 02:15:02,11900.0,400.0,6100.0
253,2021-10-19 02:15:00,12000.0,200.0,5700.0
254,2021-10-19 02:15:00,12000.0,1000.0,5500.0
255,2021-10-19 02:15:00,12000.0,2000.0,4500.0
256,2021-10-19 02:15:00,12000.0,1500.0,2500.0
257,2021-10-19 02:15:00,12000.0,500.0,1000.0
258,2021-10-19 02:15:00,12000.0,500.0,500.0
