,Time,Price,Volume_per_trade,Volume
0,2021-10-22 07:45:01,75000.0,1900.0,1089200.0
1,2021-10-22 07:45:01,75000.0,2000.0,1087300.0
2,2021-10-22 07:45:01,75000.0,500.0,1085300.0
3,2021-10-22 07:45:01,75000.0,300.0,1084800.0
4,2021-10-22 07:45:01,75000.0,300.0,1084500.0
5,2021-10-22 07:45:01,75000.0,9700.0,1084200.0
6,2021-10-22 07:45:01,75000.0,300.0,1074500.0
7,2021-10-22 07:45:01,75000.0,200.0,1074200.0
8,2021-10-22 07:45:01,75000.0,500.0,1074000.0
9,2021-10-22 07:45:01,75000.0,500.0,1073500.0
10,2021-10-22 07:45:01,75000.0,1000.0,1073000.0
11,2021-10-22 07:45:01,75000.0,200.0,1072000.0
12,2021-10-22 07:45:01,75000.0,2800.0,1071800.0
13,2021-10-22 07:45:01,75000.0,5000.0,1069000.0
14,2021-10-22 07:45:01,75000.0,5000.0,1064000.0
15,2021-10-22 07:45:01,75000.0,1000.0,1059000.0
16,2021-10-22 07:45:01,75000.0,300.0,1058000.0
17,2021-10-22 07:45:01,75000.0,200.0,1057700.0
18,2021-10-22 07:45:01,75000.0,1000.0,1057500.0
19,2021-10-22 07:45:01,75000.0,1400.0,1056500.0
20,2021-10-22 07:45:01,75000.0,100.0,1055100.0
21,2021-10-22 07:45:01,75000.0,200.0,1055000.0
22,2021-10-22 07:45:01,75000.0,3000.0,1054800.0
23,2021-10-22 07:45:01,75000.0,400.0,1051800.0
24,2021-10-22 07:45:01,75000.0,300.0,1051400.0
25,2021-10-22 07:45:01,75000.0,100.0,1051100.0
26,2021-10-22 07:29:55,75000.0,800.0,1051000.0
27,2021-10-22 07:29:36,75200.0,800.0,1050200.0
28,2021-10-22 07:28:39,75200.0,100.0,1049400.0
29,2021-10-22 07:28:22,75000.0,13500.0,1049300.0
30,2021-10-22 07:28:22,75000.0,500.0,1035800.0
31,2021-10-22 07:27:53,75000.0,100.0,1035300.0
32,2021-10-22 07:27:31,75200.0,100.0,1035200.0
33,2021-10-22 07:27:31,75200.0,400.0,1035100.0
34,2021-10-22 07:27:31,75100.0,200.0,1034700.0
35,2021-10-22 07:27:15,75000.0,500.0,1034500.0
36,2021-10-22 07:27:15,75000.0,300.0,1034000.0
37,2021-10-22 07:27:15,75000.0,1000.0,1033700.0
38,2021-10-22 07:27:15,75000.0,200.0,1032700.0
39,2021-10-22 07:27:15,75000.0,500.0,1032500.0
40,2021-10-22 07:27:15,75000.0,2500.0,1032000.0
41,2021-10-22 07:27:15,75000.0,400.0,1029500.0
42,2021-10-22 07:27:15,75000.0,700.0,1029100.0
43,2021-10-22 07:27:15,75000.0,500.0,1028400.0
44,2021-10-22 07:27:15,75000.0,500.0,1027900.0
45,2021-10-22 07:27:15,75000.0,100.0,1027400.0
46,2021-10-22 07:27:15,75000.0,300.0,1027300.0
47,2021-10-22 07:27:15,75000.0,200.0,1027000.0
48,2021-10-22 07:27:15,75000.0,100.0,1026800.0
49,2021-10-22 07:27:15,75000.0,100.0,1026700.0
50,2021-10-22 07:27:15,75000.0,2500.0,1026600.0
51,2021-10-22 07:27:15,75000.0,100.0,1024100.0
52,2021-10-22 07:27:15,75000.0,100.0,1024000.0
53,2021-10-22 07:27:15,75000.0,200.0,1023900.0
54,2021-10-22 07:27:15,75000.0,10000.0,1023700.0
55,2021-10-22 07:27:15,75000.0,100.0,1013700.0
56,2021-10-22 07:27:15,75000.0,100.0,1013600.0
57,2021-10-22 07:27:15,75000.0,200.0,1013500.0
58,2021-10-22 07:27:15,75000.0,200.0,1013300.0
59,2021-10-22 07:27:15,75000.0,14000.0,1013100.0
60,2021-10-22 07:27:14,74800.0,200.0,999100.0
61,2021-10-22 07:27:14,74900.0,100.0,998900.0
62,2021-10-22 07:26:58,74900.0,300.0,998800.0
63,2021-10-22 07:26:58,74900.0,100.0,998500.0
64,2021-10-22 07:26:58,74900.0,1000.0,998400.0
65,2021-10-22 07:26:58,74900.0,500.0,997400.0
66,2021-10-22 07:26:58,74900.0,25000.0,996900.0
67,2021-10-22 07:26:42,74800.0,2000.0,971900.0
68,2021-10-22 07:26:42,74800.0,2000.0,969900.0
69,2021-10-22 07:26:42,74800.0,100.0,967900.0
70,2021-10-22 07:26:42,74800.0,500.0,967800.0
71,2021-10-22 07:26:42,74800.0,500.0,967300.0
72,2021-10-22 07:26:42,74800.0,1400.0,966800.0
73,2021-10-22 07:26:42,74800.0,100.0,965400.0
74,2021-10-22 07:26:42,74800.0,100.0,965300.0
75,2021-10-22 07:26:42,74700.0,1000.0,965200.0
76,2021-10-22 07:26:42,74700.0,2600.0,964200.0
77,2021-10-22 07:26:33,74700.0,100.0,961600.0
78,2021-10-22 07:26:33,74700.0,300.0,961500.0
79,2021-10-22 07:26:25,74700.0,2000.0,961200.0
80,2021-10-22 07:26:25,74700.0,1200.0,959200.0
81,2021-10-22 07:26:11,74700.0,100.0,958000.0
82,2021-10-22 07:26:03,74600.0,200.0,957900.0
83,2021-10-22 07:25:55,74600.0,100.0,957700.0
84,2021-10-22 07:25:42,74600.0,100.0,957600.0
85,2021-10-22 07:25:31,74700.0,200.0,957500.0
86,2021-10-22 07:25:02,74700.0,100.0,957300.0
87,2021-10-22 07:24:59,73500.0,2000.0,957200.0
88,2021-10-22 07:24:52,74600.0,200.0,955200.0
89,2021-10-22 07:24:42,74600.0,200.0,955000.0
90,2021-10-22 07:24:33,73400.0,10200.0,954800.0
91,2021-10-22 07:24:33,73400.0,2000.0,944600.0
92,2021-10-22 07:24:33,73400.0,200.0,942600.0
93,2021-10-22 07:24:33,73500.0,1000.0,942400.0
94,2021-10-22 07:24:33,73500.0,300.0,941400.0
95,2021-10-22 07:24:33,74000.0,800.0,941100.0
96,2021-10-22 07:24:33,74300.0,200.0,940300.0
97,2021-10-22 07:24:33,74300.0,300.0,940100.0
98,2021-10-22 07:24:30,74700.0,200.0,939800.0
99,2021-10-22 07:24:20,74700.0,200.0,939600.0
100,2021-10-22 07:24:05,74700.0,100.0,939400.0
101,2021-10-22 07:23:43,74300.0,700.0,939300.0
102,2021-10-22 07:23:35,74300.0,100.0,938600.0
103,2021-10-22 07:23:27,74300.0,200.0,938500.0
104,2021-10-22 07:23:19,74000.0,200.0,938300.0
105,2021-10-22 07:23:16,74000.0,500.0,938100.0
106,2021-10-22 07:23:04,74000.0,200.0,937600.0
107,2021-10-22 07:23:02,74000.0,100.0,937400.0
108,2021-10-22 07:22:52,74000.0,100.0,937300.0
109,2021-10-22 07:22:48,74000.0,300.0,937200.0
110,2021-10-22 07:22:44,74000.0,200.0,936900.0
111,2021-10-22 07:22:38,74000.0,300.0,936700.0
112,2021-10-22 07:22:27,74000.0,200.0,936400.0
113,2021-10-22 07:22:17,74000.0,300.0,936200.0
114,2021-10-22 07:22:10,73700.0,200.0,935900.0
115,2021-10-22 07:22:07,73500.0,200.0,935700.0
116,2021-10-22 07:21:59,73500.0,200.0,935500.0
117,2021-10-22 07:21:52,73500.0,200.0,935300.0
118,2021-10-22 07:21:31,73500.0,300.0,935100.0
119,2021-10-22 07:21:21,73500.0,300.0,934800.0
120,2021-10-22 07:21:12,73500.0,300.0,934500.0
121,2021-10-22 07:21:02,73500.0,200.0,934200.0
122,2021-10-22 07:20:51,73500.0,200.0,934000.0
123,2021-10-22 07:20:38,73500.0,300.0,933800.0
124,2021-10-22 07:20:28,73500.0,300.0,933500.0
125,2021-10-22 07:20:19,73500.0,200.0,933200.0
126,2021-10-22 07:20:09,73500.0,300.0,933000.0
127,2021-10-22 07:20:09,73500.0,2000.0,932700.0
128,2021-10-22 07:20:09,73500.0,300.0,930700.0
129,2021-10-22 07:20:09,73600.0,100.0,930400.0
130,2021-10-22 07:19:58,74000.0,1000.0,930300.0
131,2021-10-22 07:19:35,74000.0,200.0,929300.0
132,2021-10-22 07:19:07,74000.0,700.0,929100.0
133,2021-10-22 07:19:07,73900.0,300.0,928400.0
134,2021-10-22 07:18:49,73900.0,500.0,928100.0
135,2021-10-22 07:18:25,73900.0,200.0,927600.0
136,2021-10-22 07:18:15,73900.0,400.0,927400.0
137,2021-10-22 07:18:05,73900.0,300.0,927000.0
138,2021-10-22 07:17:53,73900.0,200.0,926700.0
139,2021-10-22 07:17:40,73900.0,300.0,926500.0
140,2021-10-22 07:17:15,73900.0,500.0,926200.0
141,2021-10-22 07:17:06,73900.0,400.0,925700.0
142,2021-10-22 07:16:56,73900.0,200.0,925300.0
143,2021-10-22 07:16:45,73900.0,300.0,925100.0
144,2021-10-22 07:16:34,73900.0,200.0,924800.0
145,2021-10-22 07:16:26,73900.0,300.0,924600.0
146,2021-10-22 07:16:02,73900.0,200.0,924300.0
147,2021-10-22 07:15:29,73400.0,200.0,924100.0
148,2021-10-22 07:14:37,73400.0,100.0,923900.0
149,2021-10-22 07:14:21,73000.0,100.0,923800.0
150,2021-10-22 07:14:21,73100.0,100.0,923700.0
151,2021-10-22 07:14:21,73100.0,100.0,923600.0
152,2021-10-22 07:14:21,73200.0,100.0,923500.0
153,2021-10-22 07:14:21,73200.0,100.0,923400.0
154,2021-10-22 07:14:21,73300.0,500.0,923300.0
155,2021-10-22 07:14:21,73300.0,500.0,922800.0
156,2021-10-22 07:14:21,73300.0,500.0,922300.0
157,2021-10-22 07:13:47,73400.0,1000.0,921800.0
158,2021-10-22 07:13:47,73400.0,100.0,920800.0
159,2021-10-22 07:13:47,73400.0,100.0,920700.0
160,2021-10-22 07:13:47,73400.0,200.0,920600.0
161,2021-10-22 07:13:47,73400.0,300.0,920400.0
162,2021-10-22 07:13:28,73500.0,100.0,920100.0
163,2021-10-22 07:13:28,73500.0,100.0,920000.0
164,2021-10-22 07:13:28,73500.0,400.0,919900.0
165,2021-10-22 07:13:28,73500.0,1500.0,919500.0
166,2021-10-22 07:13:28,73500.0,1400.0,918000.0
167,2021-10-22 07:12:42,73500.0,600.0,916600.0
168,2021-10-22 07:12:42,73500.0,100.0,916000.0
169,2021-10-22 07:12:42,73500.0,1000.0,915900.0
170,2021-10-22 07:12:42,73500.0,200.0,914900.0
171,2021-10-22 07:12:42,73500.0,2500.0,914700.0
172,2021-10-22 07:12:42,73500.0,100.0,912200.0
173,2021-10-22 07:12:42,73500.0,100.0,912100.0
174,2021-10-22 07:12:42,73500.0,100.0,912000.0
175,2021-10-22 07:12:42,73600.0,300.0,911900.0
176,2021-10-22 07:11:19,73600.0,100.0,911600.0
177,2021-10-22 07:11:19,73600.0,200.0,911500.0
178,2021-10-22 07:11:19,73600.0,600.0,911300.0
179,2021-10-22 07:11:19,73600.0,100.0,910700.0
180,2021-10-22 07:09:34,73600.0,1000.0,910600.0
181,2021-10-22 07:09:12,73700.0,300.0,909600.0
182,2021-10-22 07:08:35,73600.0,900.0,909300.0
183,2021-10-22 07:08:35,73600.0,100.0,908400.0
184,2021-10-22 07:08:19,73600.0,400.0,908300.0
185,2021-10-22 07:08:19,73600.0,1600.0,907900.0
186,2021-10-22 07:07:59,73600.0,400.0,906300.0
187,2021-10-22 07:07:59,73600.0,100.0,905900.0
188,2021-10-22 07:07:59,73600.0,500.0,905800.0
189,2021-10-22 07:07:30,73600.0,800.0,905300.0
190,2021-10-22 07:07:30,73700.0,2000.0,904500.0
191,2021-10-22 07:07:30,73700.0,200.0,902500.0
192,2021-10-22 07:06:35,73700.0,2000.0,902300.0
193,2021-10-22 07:06:22,73600.0,4200.0,900300.0
194,2021-10-22 07:06:22,73600.0,800.0,896100.0
195,2021-10-22 07:06:07,73600.0,1200.0,895300.0
196,2021-10-22 07:06:07,73600.0,100.0,894100.0
197,2021-10-22 07:06:07,73600.0,1000.0,894000.0
198,2021-10-22 07:06:07,73600.0,100.0,893000.0
199,2021-10-22 07:06:07,73600.0,400.0,892900.0
200,2021-10-22 07:06:07,73700.0,100.0,892500.0
201,2021-10-22 07:06:07,73700.0,100.0,892400.0
202,2021-10-22 07:05:15,73700.0,500.0,892300.0
203,2021-10-22 07:03:52,73600.0,1600.0,891800.0
204,2021-10-22 07:03:52,73600.0,100.0,890200.0
205,2021-10-22 07:03:52,73600.0,100.0,890100.0
206,2021-10-22 07:03:52,73600.0,200.0,890000.0
207,2021-10-22 07:03:52,73600.0,1000.0,889800.0
208,2021-10-22 07:03:51,73600.0,300.0,888800.0
209,2021-10-22 07:03:51,73600.0,1200.0,888500.0
210,2021-10-22 07:03:51,73700.0,1600.0,887300.0
211,2021-10-22 07:03:51,73700.0,400.0,885700.0
212,2021-10-22 07:03:51,73700.0,500.0,885300.0
213,2021-10-22 07:02:30,73600.0,1800.0,884800.0
214,2021-10-22 07:02:30,73600.0,500.0,883000.0
215,2021-10-22 07:02:30,73600.0,100.0,882500.0
216,2021-10-22 07:02:30,73600.0,100.0,882400.0
217,2021-10-22 07:02:30,73600.0,1000.0,882300.0
218,2021-10-22 07:02:30,73600.0,200.0,881300.0
219,2021-10-22 07:02:30,73600.0,200.0,881100.0
220,2021-10-22 07:02:30,73600.0,600.0,880900.0
221,2021-10-22 07:02:30,73700.0,100.0,880300.0
222,2021-10-22 07:02:30,73700.0,300.0,880200.0
223,2021-10-22 07:02:30,73800.0,100.0,879900.0
224,2021-10-22 06:59:59,74800.0,100.0,879800.0
225,2021-10-22 06:59:27,73600.0,1400.0,879700.0
226,2021-10-22 06:59:27,73600.0,500.0,878300.0
227,2021-10-22 06:59:27,73600.0,3000.0,877800.0
228,2021-10-22 06:59:27,73600.0,100.0,874800.0
229,2021-10-22 06:59:27,73600.0,100.0,874700.0
230,2021-10-22 06:59:27,73600.0,200.0,874600.0
231,2021-10-22 06:59:27,73600.0,100.0,874400.0
232,2021-10-22 06:59:27,73600.0,500.0,874300.0
233,2021-10-22 06:59:27,73600.0,700.0,873800.0
234,2021-10-22 06:59:27,73700.0,400.0,873100.0
235,2021-10-22 06:59:13,73700.0,400.0,872700.0
236,2021-10-22 06:59:13,73700.0,600.0,872300.0
237,2021-10-22 06:59:13,74000.0,500.0,871700.0
238,2021-10-22 06:59:13,74000.0,100.0,871200.0
239,2021-10-22 06:59:13,74200.0,400.0,871100.0
240,2021-10-22 06:55:31,75000.0,9800.0,870700.0
241,2021-10-22 06:55:31,74900.0,200.0,860900.0
242,2021-10-22 06:55:14,74900.0,800.0,860700.0
243,2021-10-22 06:55:14,74900.0,100.0,859900.0
244,2021-10-22 06:55:14,74900.0,1100.0,859800.0
245,2021-10-22 06:54:56,74900.0,12300.0,858700.0
246,2021-10-22 06:54:56,74800.0,2700.0,846400.0
247,2021-10-22 06:54:27,74900.0,6000.0,843700.0
248,2021-10-22 06:54:27,74800.0,4000.0,837700.0
249,2021-10-22 06:54:13,74900.0,600.0,833700.0
250,2021-10-22 06:54:13,74900.0,500.0,833100.0
251,2021-10-22 06:54:13,74900.0,3000.0,832600.0
252,2021-10-22 06:54:13,74800.0,100.0,829600.0
253,2021-10-22 06:54:13,74500.0,100.0,829500.0
254,2021-10-22 06:54:13,74400.0,400.0,829400.0
255,2021-10-22 06:54:13,74400.0,300.0,829000.0
256,2021-10-22 06:53:24,74200.0,100.0,828700.0
257,2021-10-22 06:53:24,74200.0,1000.0,828600.0
258,2021-10-22 06:52:04,74000.0,700.0,827600.0
259,2021-10-22 06:51:33,74000.0,800.0,826900.0
260,2021-10-22 06:51:33,74000.0,200.0,826100.0
261,2021-10-22 06:50:57,73700.0,1400.0,825900.0
262,2021-10-22 06:50:12,73600.0,300.0,824500.0
263,2021-10-22 06:50:12,73600.0,2000.0,824200.0
264,2021-10-22 06:50:12,73600.0,200.0,822200.0
265,2021-10-22 06:50:12,73600.0,500.0,822000.0
266,2021-10-22 06:49:38,73700.0,1600.0,821500.0
267,2021-10-22 06:49:32,73700.0,1500.0,819900.0
268,2021-10-22 06:49:32,73700.0,500.0,818400.0
269,2021-10-22 06:48:58,73700.0,1500.0,817900.0
270,2021-10-22 06:48:58,73700.0,500.0,816400.0
271,2021-10-22 06:48:58,73700.0,800.0,815900.0
272,2021-10-22 06:48:58,73800.0,200.0,815100.0
273,2021-10-22 06:48:33,74000.0,100.0,814900.0
274,2021-10-22 06:48:03,73700.0,2200.0,814800.0
275,2021-10-22 06:48:03,73700.0,500.0,812600.0
276,2021-10-22 06:48:03,73700.0,100.0,812100.0
277,2021-10-22 06:48:03,73800.0,100.0,812000.0
278,2021-10-22 06:48:03,73800.0,100.0,811900.0
279,2021-10-22 06:46:52,73800.0,200.0,811800.0
280,2021-10-22 06:46:52,73800.0,300.0,811600.0
281,2021-10-22 06:44:44,74000.0,2000.0,811300.0
282,2021-10-22 06:43:42,73700.0,400.0,809300.0
283,2021-10-22 06:43:32,73600.0,500.0,808900.0
284,2021-10-22 06:43:32,73600.0,200.0,808400.0
285,2021-10-22 06:43:32,73600.0,100.0,808200.0
286,2021-10-22 06:43:32,73600.0,1500.0,808100.0
287,2021-10-22 06:43:32,73600.0,500.0,806600.0
288,2021-10-22 06:43:32,73600.0,100.0,806100.0
289,2021-10-22 06:43:32,73600.0,100.0,806000.0
290,2021-10-22 06:43:32,73600.0,500.0,805900.0
291,2021-10-22 06:43:32,73600.0,300.0,805400.0
292,2021-10-22 06:43:32,73600.0,200.0,805100.0
293,2021-10-22 06:42:53,73700.0,1000.0,804900.0
294,2021-10-22 06:42:53,73700.0,600.0,803900.0
295,2021-10-22 06:42:43,73700.0,1000.0,803300.0
296,2021-10-22 06:42:28,73700.0,200.0,802300.0
297,2021-10-22 06:42:28,73700.0,100.0,802100.0
298,2021-10-22 06:42:28,73700.0,300.0,802000.0
299,2021-10-22 06:42:28,73700.0,100.0,801700.0
300,2021-10-22 06:42:28,73700.0,300.0,801600.0
301,2021-10-22 06:41:34,73700.0,700.0,801300.0
302,2021-10-22 06:41:34,73700.0,100.0,800600.0
303,2021-10-22 06:41:34,73700.0,2000.0,800500.0
304,2021-10-22 06:41:34,73700.0,1000.0,798500.0
305,2021-10-22 06:41:34,73700.0,200.0,797500.0
306,2021-10-22 06:41:21,73700.0,100.0,797300.0
307,2021-10-22 06:41:21,73700.0,2000.0,797200.0
308,2021-10-22 06:41:21,73700.0,600.0,795200.0
309,2021-10-22 06:41:21,73800.0,100.0,794600.0
310,2021-10-22 06:41:21,73800.0,1700.0,794500.0
311,2021-10-22 06:41:21,73900.0,500.0,792800.0
312,2021-10-22 06:40:16,74000.0,200.0,792300.0
313,2021-10-22 06:39:43,74000.0,100.0,792100.0
314,2021-10-22 06:39:16,73800.0,300.0,792000.0
315,2021-10-22 06:39:16,73800.0,500.0,791700.0
316,2021-10-22 06:39:16,73800.0,200.0,791200.0
317,2021-10-22 06:39:16,73800.0,500.0,791000.0
318,2021-10-22 06:39:16,73900.0,500.0,790500.0
319,2021-10-22 06:39:16,73900.0,500.0,790000.0
320,2021-10-22 06:39:16,74000.0,500.0,789500.0
321,2021-10-22 06:37:52,74000.0,300.0,789000.0
322,2021-10-22 06:37:01,74000.0,1200.0,788700.0
323,2021-10-22 06:37:01,74000.0,600.0,787500.0
324,2021-10-22 06:37:01,74100.0,200.0,786900.0
325,2021-10-22 06:36:29,75000.0,8100.0,786700.0
326,2021-10-22 06:36:29,74900.0,300.0,778600.0
327,2021-10-22 06:36:29,74900.0,500.0,778300.0
328,2021-10-22 06:36:29,74500.0,100.0,777800.0
329,2021-10-22 06:36:29,74500.0,1000.0,777700.0
330,2021-10-22 06:36:16,74100.0,1000.0,776700.0
331,2021-10-22 06:36:16,74100.0,2400.0,775700.0
332,2021-10-22 06:36:16,74100.0,400.0,773300.0
333,2021-10-22 06:34:04,73600.0,1500.0,772900.0
334,2021-10-22 06:34:04,73700.0,500.0,771400.0
335,2021-10-22 06:32:52,73600.0,1400.0,770900.0
336,2021-10-22 06:32:52,73600.0,200.0,769500.0
337,2021-10-22 06:32:52,73600.0,500.0,769300.0
338,2021-10-22 06:32:52,73600.0,1000.0,768800.0
339,2021-10-22 06:32:52,73600.0,500.0,767800.0
340,2021-10-22 06:32:52,73600.0,200.0,767300.0
341,2021-10-22 06:32:52,73600.0,1000.0,767100.0
342,2021-10-22 06:32:52,73600.0,200.0,766100.0
343,2021-10-22 06:30:21,73600.0,200.0,765900.0
344,2021-10-22 06:30:21,73600.0,800.0,765700.0
345,2021-10-22 06:30:20,73600.0,200.0,764900.0
346,2021-10-22 06:30:20,73600.0,100.0,764700.0
347,2021-10-22 06:30:20,73600.0,500.0,764600.0
348,2021-10-22 06:30:20,73600.0,200.0,764100.0
349,2021-10-22 06:29:25,73600.0,300.0,763900.0
350,2021-10-22 06:29:04,73600.0,100.0,763600.0
351,2021-10-22 06:29:04,73600.0,500.0,763500.0
352,2021-10-22 06:29:04,73600.0,200.0,763000.0
353,2021-10-22 06:29:04,73600.0,100.0,762800.0
354,2021-10-22 06:29:04,73600.0,400.0,762700.0
355,2021-10-22 06:29:04,73600.0,200.0,762300.0
356,2021-10-22 06:29:04,73600.0,300.0,762100.0
357,2021-10-22 06:29:04,73600.0,200.0,761800.0
358,2021-10-22 06:28:36,73600.0,2000.0,761600.0
359,2021-10-22 06:28:35,73600.0,5000.0,759600.0
360,2021-10-22 06:28:07,73600.0,92800.0,754600.0
361,2021-10-22 06:28:07,73600.0,20000.0,661800.0
362,2021-10-22 06:28:07,73600.0,500.0,641800.0
363,2021-10-22 06:28:07,73700.0,100.0,641300.0
364,2021-10-22 06:28:07,73700.0,100.0,641200.0
365,2021-10-22 06:28:07,73700.0,800.0,641100.0
366,2021-10-22 06:28:07,73700.0,1000.0,640300.0
367,2021-10-22 06:28:07,73700.0,100.0,639300.0
368,2021-10-22 06:28:07,73700.0,800.0,639200.0
369,2021-10-22 06:28:07,73800.0,100.0,638400.0
370,2021-10-22 06:28:07,73800.0,2000.0,638300.0
371,2021-10-22 06:28:07,73800.0,100.0,636300.0
372,2021-10-22 06:28:07,73800.0,200.0,636200.0
373,2021-10-22 06:28:07,73800.0,1000.0,636000.0
374,2021-10-22 06:28:07,73800.0,200.0,635000.0
375,2021-10-22 06:28:07,74500.0,200.0,634800.0
376,2021-10-22 06:26:57,74500.0,400.0,634600.0
377,2021-10-22 06:26:57,74800.0,100.0,634200.0
378,2021-10-22 06:26:47,75000.0,1000.0,634100.0
379,2021-10-22 06:26:15,75000.0,10000.0,633100.0
380,2021-10-22 06:25:59,75000.0,6000.0,623100.0
381,2021-10-22 06:25:49,75000.0,1100.0,617100.0
382,2021-10-22 06:25:49,75000.0,400.0,616000.0
383,2021-10-22 06:25:49,75000.0,400.0,615600.0
384,2021-10-22 06:25:49,75000.0,100.0,615200.0
385,2021-10-22 06:25:49,75000.0,200.0,615100.0
386,2021-10-22 06:25:49,75000.0,100.0,614900.0
387,2021-10-22 06:25:49,75000.0,300.0,614800.0
388,2021-10-22 06:25:49,75000.0,100.0,614500.0
389,2021-10-22 06:25:49,75000.0,500.0,614400.0
390,2021-10-22 06:25:49,75000.0,1800.0,613900.0
391,2021-10-22 06:25:39,74800.0,1900.0,612100.0
392,2021-10-22 06:25:22,74800.0,100.0,610200.0
393,2021-10-22 06:25:22,74500.0,2000.0,610100.0
394,2021-10-22 06:25:22,74500.0,400.0,608100.0
395,2021-10-22 06:24:47,74500.0,100.0,607700.0
396,2021-10-22 06:24:46,73800.0,300.0,607600.0
397,2021-10-22 06:24:43,73700.0,100.0,607300.0
398,2021-10-22 06:24:43,73700.0,200.0,607200.0
399,2021-10-22 06:24:43,73700.0,1000.0,607000.0
400,2021-10-22 06:24:43,73700.0,200.0,606000.0
401,2021-10-22 06:24:43,73700.0,600.0,605800.0
402,2021-10-22 06:24:43,73700.0,400.0,605200.0
403,2021-10-22 06:24:43,73700.0,100.0,604800.0
404,2021-10-22 06:24:43,73700.0,500.0,604700.0
405,2021-10-22 06:24:43,73700.0,200.0,604200.0
406,2021-10-22 06:24:43,73700.0,300.0,604000.0
407,2021-10-22 06:24:43,73700.0,100.0,603700.0
408,2021-10-22 06:24:43,73700.0,500.0,603600.0
409,2021-10-22 06:24:43,73700.0,100.0,603100.0
410,2021-10-22 06:24:33,73800.0,500.0,603000.0
411,2021-10-22 06:24:33,73800.0,1000.0,602500.0
412,2021-10-22 06:24:33,73800.0,200.0,601500.0
413,2021-10-22 06:24:33,73800.0,800.0,601300.0
414,2021-10-22 06:24:33,73800.0,100.0,600500.0
415,2021-10-22 06:24:33,73800.0,100.0,600400.0
416,2021-10-22 06:24:16,73800.0,900.0,600300.0
417,2021-10-22 06:24:16,73800.0,1000.0,599400.0
418,2021-10-22 06:24:16,73800.0,100.0,598400.0
419,2021-10-22 06:23:04,73800.0,1100.0,598300.0
420,2021-10-22 06:22:36,73800.0,500.0,597200.0
421,2021-10-22 06:22:36,73800.0,1300.0,596700.0
422,2021-10-22 06:22:23,73800.0,1700.0,595400.0
423,2021-10-22 06:22:23,73800.0,100.0,593700.0
424,2021-10-22 06:22:23,73800.0,200.0,593600.0
425,2021-10-22 06:20:22,73800.0,200.0,593400.0
426,2021-10-22 06:20:17,73800.0,400.0,593200.0
427,2021-10-22 06:20:17,73800.0,500.0,592800.0
428,2021-10-22 06:20:17,73800.0,700.0,592300.0
429,2021-10-22 06:20:17,73900.0,300.0,591600.0
430,2021-10-22 06:20:17,73900.0,100.0,591300.0
431,2021-10-22 06:17:01,73800.0,1000.0,591200.0
432,2021-10-22 06:16:55,73800.0,300.0,590200.0
433,2021-10-22 06:16:53,73800.0,100.0,589900.0
434,2021-10-22 06:16:53,73800.0,1300.0,589800.0
435,2021-10-22 06:16:53,73900.0,300.0,588500.0
436,2021-10-22 06:16:42,73800.0,700.0,588200.0
437,2021-10-22 06:16:42,73900.0,100.0,587500.0
438,2021-10-22 06:16:29,73800.0,1000.0,587400.0
439,2021-10-22 06:16:17,73800.0,2000.0,586400.0
440,2021-10-22 06:16:17,73800.0,900.0,584400.0
441,2021-10-22 06:16:17,73900.0,100.0,583500.0
442,2021-10-22 06:16:02,73900.0,200.0,583400.0
443,2021-10-22 06:14:46,73800.0,100.0,583200.0
444,2021-10-22 06:14:46,73800.0,1400.0,583100.0
445,2021-10-22 06:14:35,73900.0,100.0,581700.0
446,2021-10-22 06:14:35,73900.0,100.0,581600.0
447,2021-10-22 06:11:54,73900.0,100.0,581500.0
448,2021-10-22 06:11:27,73900.0,300.0,581400.0
449,2021-10-22 06:11:20,73800.0,600.0,581100.0
450,2021-10-22 06:11:20,73800.0,500.0,580500.0
451,2021-10-22 06:11:20,73800.0,200.0,580000.0
452,2021-10-22 06:11:20,73800.0,200.0,579800.0
453,2021-10-22 06:11:20,73800.0,1000.0,579600.0
454,2021-10-22 06:11:20,73800.0,300.0,578600.0
455,2021-10-22 06:11:20,73800.0,200.0,578300.0
456,2021-10-22 06:10:50,73900.0,500.0,578100.0
457,2021-10-22 06:10:34,73900.0,600.0,577600.0
458,2021-10-22 06:10:24,73900.0,100.0,577000.0
459,2021-10-22 06:10:15,73900.0,500.0,576900.0
460,2021-10-22 06:10:12,73900.0,1500.0,576400.0
461,2021-10-22 06:08:00,73800.0,800.0,574900.0
462,2021-10-22 06:08:00,73800.0,100.0,574100.0
463,2021-10-22 06:08:00,73800.0,500.0,574000.0
464,2021-10-22 06:08:00,73800.0,1000.0,573500.0
465,2021-10-22 06:08:00,73800.0,200.0,572500.0
466,2021-10-22 06:08:00,73800.0,200.0,572300.0
467,2021-10-22 06:08:00,73800.0,200.0,572100.0
468,2021-10-22 06:05:41,74000.0,700.0,571900.0
469,2021-10-22 06:04:44,74000.0,100.0,571200.0
470,2021-10-22 06:04:02,74000.0,100.0,571100.0
471,2021-10-22 06:03:44,74000.0,100.0,571000.0
472,2021-10-22 06:03:41,74000.0,900.0,570900.0
473,2021-10-22 06:03:41,74000.0,100.0,570000.0
474,2021-10-22 06:03:00,74000.0,900.0,569900.0
475,2021-10-22 06:03:00,74000.0,1000.0,569000.0
476,2021-10-22 06:03:00,74100.0,100.0,568000.0
477,2021-10-22 06:02:12,74500.0,100.0,567900.0
478,2021-10-22 06:01:29,74000.0,1000.0,567800.0
479,2021-10-22 06:01:29,74000.0,300.0,566800.0
480,2021-10-22 06:00:19,74900.0,100.0,566500.0
481,2021-10-22 06:00:02,75000.0,100.0,566400.0
482,2021-10-22 04:29:40,74900.0,500.0,566300.0
483,2021-10-22 04:29:05,75000.0,100.0,565800.0
484,2021-10-22 04:29:02,74900.0,500.0,565700.0
485,2021-10-22 04:28:51,74900.0,1000.0,565200.0
486,2021-10-22 04:28:42,74000.0,400.0,564200.0
487,2021-10-22 04:28:42,74000.0,100.0,563800.0
488,2021-10-22 04:28:33,74900.0,1000.0,563700.0
489,2021-10-22 04:28:15,74000.0,900.0,562700.0
490,2021-10-22 04:28:13,74000.0,2000.0,561800.0
491,2021-10-22 04:28:01,74000.0,300.0,559800.0
492,2021-10-22 04:27:51,74000.0,300.0,559500.0
493,2021-10-22 04:27:34,74000.0,100.0,559200.0
494,2021-10-22 04:27:34,74400.0,500.0,559100.0
495,2021-10-22 04:27:34,74500.0,100.0,558600.0
496,2021-10-22 04:27:34,74500.0,100.0,558500.0
497,2021-10-22 04:27:34,74800.0,700.0,558400.0
498,2021-10-22 04:27:10,74800.0,300.0,557700.0
499,2021-10-22 04:26:58,74500.0,900.0,557400.0
500,2021-10-22 04:26:58,74500.0,4100.0,556500.0
501,2021-10-22 04:26:32,74500.0,45900.0,552400.0
502,2021-10-22 04:26:32,74500.0,1000.0,506500.0
503,2021-10-22 04:26:32,74500.0,2000.0,505500.0
504,2021-10-22 04:26:32,74500.0,1100.0,503500.0
505,2021-10-22 04:26:03,74500.0,900.0,502400.0
506,2021-10-22 04:26:03,74500.0,400.0,501500.0
507,2021-10-22 04:26:03,74600.0,200.0,501100.0
508,2021-10-22 04:26:03,74600.0,2000.0,500900.0
509,2021-10-22 04:26:03,74600.0,100.0,498900.0
510,2021-10-22 04:26:03,74700.0,1000.0,498800.0
511,2021-10-22 04:26:03,74800.0,400.0,497800.0
512,2021-10-22 04:25:19,74800.0,100.0,497400.0
513,2021-10-22 04:25:17,75000.0,100.0,497300.0
514,2021-10-22 04:24:24,75200.0,4600.0,497200.0
515,2021-10-22 04:24:24,75100.0,400.0,492600.0
516,2021-10-22 04:24:23,75100.0,100.0,492200.0
517,2021-10-22 04:23:46,75100.0,200.0,492100.0
518,2021-10-22 04:23:10,75100.0,300.0,491900.0
519,2021-10-22 04:22:44,75200.0,100.0,491600.0
520,2021-10-22 04:22:31,75200.0,1000.0,491500.0
521,2021-10-22 04:22:16,75200.0,3900.0,490500.0
522,2021-10-22 04:22:16,75200.0,100.0,486600.0
523,2021-10-22 04:21:54,75200.0,5000.0,486500.0
524,2021-10-22 04:21:43,75200.0,4900.0,481500.0
525,2021-10-22 04:21:43,75200.0,100.0,476600.0
526,2021-10-22 04:21:27,75100.0,1000.0,476500.0
527,2021-10-22 04:21:27,75100.0,100.0,475500.0
528,2021-10-22 04:21:27,75100.0,2000.0,475400.0
529,2021-10-22 04:21:27,75100.0,6300.0,473400.0
530,2021-10-22 04:21:02,75100.0,1000.0,467100.0
531,2021-10-22 04:20:49,75100.0,1000.0,466100.0
532,2021-10-22 04:19:32,75100.0,100.0,465100.0
533,2021-10-22 04:19:19,75100.0,500.0,465000.0
534,2021-10-22 04:19:13,75100.0,1000.0,464500.0
535,2021-10-22 04:17:47,75100.0,5000.0,463500.0
536,2021-10-22 04:16:41,75000.0,100.0,458500.0
537,2021-10-22 04:16:23,75100.0,200.0,458400.0
538,2021-10-22 04:16:08,75100.0,1000.0,458200.0
539,2021-10-22 04:15:59,75100.0,200.0,457200.0
540,2021-10-22 04:15:36,75100.0,3700.0,457000.0
541,2021-10-22 04:15:36,75100.0,100.0,453300.0
542,2021-10-22 04:15:36,75100.0,100.0,453200.0
543,2021-10-22 04:15:36,75000.0,900.0,453100.0
544,2021-10-22 04:15:36,75000.0,100.0,452200.0
545,2021-10-22 04:15:36,75000.0,100.0,452100.0
546,2021-10-22 04:14:55,75000.0,100.0,452000.0
547,2021-10-22 04:14:55,75000.0,100.0,451900.0
548,2021-10-22 04:14:30,75000.0,200.0,451800.0
549,2021-10-22 04:14:10,75000.0,100.0,451600.0
550,2021-10-22 04:14:10,75000.0,100.0,451500.0
551,2021-10-22 04:13:54,75000.0,300.0,451400.0
552,2021-10-22 04:13:46,75000.0,100.0,451100.0
553,2021-10-22 04:13:36,75000.0,200.0,451000.0
554,2021-10-22 04:13:27,75000.0,300.0,450800.0
555,2021-10-22 04:13:16,75000.0,200.0,450500.0
556,2021-10-22 04:13:07,75000.0,200.0,450300.0
557,2021-10-22 04:12:55,75000.0,100.0,450100.0
558,2021-10-22 04:12:47,75000.0,200.0,450000.0
559,2021-10-22 04:12:33,75000.0,200.0,449800.0
560,2021-10-22 04:12:19,75000.0,300.0,449600.0
561,2021-10-22 04:12:09,75000.0,200.0,449300.0
562,2021-10-22 04:11:54,75000.0,200.0,449100.0
563,2021-10-22 04:11:42,75000.0,100.0,448900.0
564,2021-10-22 04:11:31,75000.0,200.0,448800.0
565,2021-10-22 04:11:23,75000.0,100.0,448600.0
566,2021-10-22 04:11:01,75000.0,500.0,448500.0
567,2021-10-22 04:10:57,74800.0,500.0,448000.0
568,2021-10-22 04:10:57,74800.0,500.0,447500.0
569,2021-10-22 04:10:31,75000.0,1200.0,447000.0
570,2021-10-22 04:10:31,75000.0,200.0,445800.0
571,2021-10-22 04:09:51,75000.0,1000.0,445600.0
572,2021-10-22 04:09:51,75000.0,100.0,444600.0
573,2021-10-22 04:09:51,75000.0,2000.0,444500.0
574,2021-10-22 04:09:51,75000.0,100.0,442500.0
575,2021-10-22 04:09:51,75000.0,100.0,442400.0
576,2021-10-22 04:09:51,75000.0,100.0,442300.0
577,2021-10-22 04:09:51,75000.0,100.0,442200.0
578,2021-10-22 04:09:51,75000.0,100.0,442100.0
579,2021-10-22 04:08:33,75000.0,200.0,442000.0
580,2021-10-22 04:08:09,75000.0,100.0,441800.0
581,2021-10-22 04:07:11,74800.0,2000.0,441700.0
582,2021-10-22 04:06:50,74700.0,1100.0,439700.0
583,2021-10-22 04:06:34,74600.0,1000.0,438600.0
584,2021-10-22 04:06:34,74600.0,1000.0,437600.0
585,2021-10-22 04:06:34,74600.0,400.0,436600.0
586,2021-10-22 04:06:14,74500.0,2600.0,436200.0
587,2021-10-22 04:05:58,74400.0,2500.0,433600.0
588,2021-10-22 04:05:29,74500.0,1000.0,431100.0
589,2021-10-22 04:05:29,74500.0,1600.0,430100.0
590,2021-10-22 04:05:29,74500.0,7400.0,428500.0
591,2021-10-22 04:05:11,73700.0,900.0,421100.0
592,2021-10-22 04:05:11,73700.0,100.0,420200.0
593,2021-10-22 04:05:11,73700.0,200.0,420100.0
594,2021-10-22 04:05:11,73700.0,1000.0,419900.0
595,2021-10-22 04:05:11,73700.0,500.0,418900.0
596,2021-10-22 04:05:11,73700.0,500.0,418400.0
597,2021-10-22 04:05:11,73700.0,3700.0,417900.0
598,2021-10-22 04:05:11,73800.0,100.0,414200.0
599,2021-10-22 04:05:11,73800.0,2200.0,414100.0
600,2021-10-22 04:05:11,73800.0,100.0,411900.0
601,2021-10-22 04:05:11,73800.0,700.0,411800.0
602,2021-10-22 04:03:52,74500.0,1000.0,411100.0
603,2021-10-22 04:03:37,74500.0,1200.0,410100.0
604,2021-10-22 04:03:37,73900.0,800.0,408900.0
605,2021-10-22 04:02:47,73900.0,200.0,408100.0
606,2021-10-22 04:02:11,73900.0,500.0,407900.0
607,2021-10-22 04:02:08,73900.0,2000.0,407400.0
608,2021-10-22 04:01:36,73800.0,1000.0,405400.0
609,2021-10-22 04:01:29,73800.0,300.0,404400.0
610,2021-10-22 04:01:29,73800.0,1700.0,404100.0
611,2021-10-22 04:00:40,73800.0,1000.0,402400.0
612,2021-10-22 03:59:59,73800.0,3000.0,401400.0
613,2021-10-22 03:59:59,73900.0,1000.0,398400.0
614,2021-10-22 03:59:44,73800.0,300.0,397400.0
615,2021-10-22 03:59:44,73800.0,3000.0,397100.0
616,2021-10-22 03:59:44,73800.0,5000.0,394100.0
617,2021-10-22 03:59:44,73800.0,100.0,389100.0
618,2021-10-22 03:59:44,73800.0,100.0,389000.0
619,2021-10-22 03:59:44,73900.0,100.0,388900.0
620,2021-10-22 03:59:44,73900.0,200.0,388800.0
621,2021-10-22 03:59:44,74100.0,1000.0,388600.0
622,2021-10-22 03:59:44,74100.0,200.0,387600.0
623,2021-10-22 03:59:35,74100.0,500.0,387400.0
624,2021-10-22 03:59:25,74100.0,800.0,386900.0
625,2021-10-22 03:59:02,74100.0,1000.0,386100.0
626,2021-10-22 03:58:20,74100.0,500.0,385100.0
627,2021-10-22 03:58:08,74100.0,500.0,384600.0
628,2021-10-22 03:58:08,74100.0,500.0,384100.0
629,2021-10-22 03:55:54,74500.0,400.0,383600.0
630,2021-10-22 03:55:40,74600.0,500.0,383200.0
631,2021-10-22 03:54:39,74600.0,100.0,382700.0
632,2021-10-22 03:53:42,74500.0,500.0,382600.0
633,2021-10-22 03:53:42,74500.0,1000.0,382100.0
634,2021-10-22 03:53:42,74500.0,100.0,381100.0
635,2021-10-22 03:53:21,74500.0,900.0,381000.0
636,2021-10-22 03:53:21,74500.0,100.0,380100.0
637,2021-10-22 03:53:21,74500.0,100.0,380000.0
638,2021-10-22 03:53:21,74500.0,900.0,379900.0
639,2021-10-22 03:52:45,74500.0,100.0,379000.0
640,2021-10-22 03:52:11,74500.0,1000.0,378900.0
641,2021-10-22 03:51:30,74500.0,1000.0,377900.0
642,2021-10-22 03:51:19,74500.0,2000.0,376900.0
643,2021-10-22 03:49:34,73700.0,1000.0,374900.0
644,2021-10-22 03:49:34,73800.0,1000.0,373900.0
645,2021-10-22 03:49:34,73800.0,800.0,372900.0
646,2021-10-22 03:49:34,73800.0,2000.0,372100.0
647,2021-10-22 03:49:34,73800.0,2000.0,370100.0
648,2021-10-22 03:49:34,73800.0,500.0,368100.0
649,2021-10-22 03:49:34,73800.0,400.0,367600.0
650,2021-10-22 03:49:34,73900.0,100.0,367200.0
651,2021-10-22 03:49:34,74000.0,400.0,367100.0
652,2021-10-22 03:49:26,74000.0,3100.0,366700.0
653,2021-10-22 03:48:24,73900.0,100.0,363600.0
654,2021-10-22 03:48:23,73900.0,100.0,363500.0
655,2021-10-22 03:48:18,73900.0,2000.0,363400.0
656,2021-10-22 03:48:09,73900.0,200.0,361400.0
657,2021-10-22 03:47:01,74000.0,200.0,361200.0
658,2021-10-22 03:46:13,74000.0,500.0,361000.0
659,2021-10-22 03:46:05,73800.0,1000.0,360500.0
660,2021-10-22 03:45:31,74000.0,400.0,359500.0
661,2021-10-22 03:44:41,73800.0,600.0,359100.0
662,2021-10-22 03:44:41,73800.0,1000.0,358500.0
663,2021-10-22 03:44:41,73800.0,2000.0,357500.0
664,2021-10-22 03:44:41,73800.0,1000.0,355500.0
665,2021-10-22 03:44:41,73800.0,100.0,354500.0
666,2021-10-22 03:44:41,73900.0,100.0,354400.0
667,2021-10-22 03:44:41,73900.0,500.0,354300.0
668,2021-10-22 03:44:41,73900.0,700.0,353800.0
669,2021-10-22 03:44:19,74000.0,2000.0,353100.0
670,2021-10-22 03:44:19,74000.0,200.0,351100.0
671,2021-10-22 03:44:19,74000.0,1600.0,350900.0
672,2021-10-22 03:44:19,74000.0,700.0,349300.0
673,2021-10-22 03:44:19,74100.0,300.0,348600.0
674,2021-10-22 03:43:35,74500.0,4900.0,348300.0
675,2021-10-22 03:43:35,74400.0,100.0,343400.0
676,2021-10-22 03:42:46,74000.0,1300.0,343300.0
677,2021-10-22 03:42:46,74000.0,100.0,342000.0
678,2021-10-22 03:42:46,74000.0,100.0,341900.0
679,2021-10-22 03:42:46,74000.0,1000.0,341800.0
680,2021-10-22 03:42:46,74000.0,100.0,340800.0
681,2021-10-22 03:42:46,74000.0,400.0,340700.0
682,2021-10-22 03:41:30,74000.0,400.0,340300.0
683,2021-10-22 03:41:30,74000.0,600.0,339900.0
684,2021-10-22 03:38:51,74000.0,400.0,339300.0
685,2021-10-22 03:38:51,74000.0,1000.0,338900.0
686,2021-10-22 03:38:51,74000.0,500.0,337900.0
687,2021-10-22 03:38:45,74000.0,1000.0,337400.0
688,2021-10-22 03:38:26,74000.0,500.0,336400.0
689,2021-10-22 03:38:26,74000.0,500.0,335900.0
690,2021-10-22 03:37:41,74500.0,500.0,335400.0
691,2021-10-22 03:36:54,74500.0,10000.0,334900.0
692,2021-10-22 03:36:52,74000.0,700.0,324900.0
693,2021-10-22 03:36:52,74000.0,100.0,324200.0
694,2021-10-22 03:36:52,74000.0,200.0,324100.0
695,2021-10-22 03:36:12,74500.0,5000.0,323900.0
696,2021-10-22 03:35:49,74500.0,2000.0,318900.0
697,2021-10-22 03:35:04,74500.0,100.0,316900.0
698,2021-10-22 03:34:58,74500.0,2000.0,316800.0
699,2021-10-22 03:34:36,74500.0,1000.0,314800.0
700,2021-10-22 03:34:11,74500.0,300.0,313800.0
701,2021-10-22 03:34:01,74500.0,10000.0,313500.0
702,2021-10-22 03:33:49,74500.0,6000.0,303500.0
703,2021-10-22 03:33:38,74500.0,3200.0,297500.0
704,2021-10-22 03:33:38,74500.0,1800.0,294300.0
705,2021-10-22 03:33:38,74500.0,300.0,292500.0
706,2021-10-22 03:33:17,74500.0,300.0,292200.0
707,2021-10-22 03:33:14,74400.0,200.0,291900.0
708,2021-10-22 03:33:14,74400.0,100.0,291700.0
709,2021-10-22 03:33:10,74400.0,300.0,291600.0
710,2021-10-22 03:33:05,74400.0,100.0,291300.0
711,2021-10-22 03:33:05,74400.0,200.0,291200.0
712,2021-10-22 03:33:02,74400.0,300.0,291000.0
713,2021-10-22 03:32:48,74300.0,100.0,290700.0
714,2021-10-22 03:32:48,74200.0,100.0,290600.0
715,2021-10-22 03:32:48,74100.0,100.0,290500.0
716,2021-10-22 03:32:34,74000.0,300.0,290400.0
717,2021-10-22 03:32:30,74000.0,300.0,290100.0
718,2021-10-22 03:32:26,74000.0,300.0,289800.0
719,2021-10-22 03:32:02,73800.0,200.0,289500.0
720,2021-10-22 03:30:50,73700.0,300.0,289300.0
721,2021-10-22 03:30:50,73700.0,2000.0,289000.0
722,2021-10-22 03:30:50,73700.0,1000.0,287000.0
723,2021-10-22 03:30:50,73700.0,500.0,286000.0
724,2021-10-22 03:30:50,73700.0,2000.0,285500.0
725,2021-10-22 03:30:50,73700.0,500.0,283500.0
726,2021-10-22 03:30:50,73800.0,1000.0,283000.0
727,2021-10-22 03:30:50,73800.0,500.0,282000.0
728,2021-10-22 03:30:50,73800.0,2000.0,281500.0
729,2021-10-22 03:30:50,73800.0,100.0,279500.0
730,2021-10-22 03:30:50,73800.0,100.0,279400.0
731,2021-10-22 03:30:06,73800.0,100.0,279300.0
732,2021-10-22 03:30:06,73800.0,2000.0,279200.0
733,2021-10-22 03:30:06,73800.0,100.0,277200.0
734,2021-10-22 03:30:06,73800.0,500.0,277100.0
735,2021-10-22 03:30:06,73800.0,200.0,276600.0
736,2021-10-22 03:30:06,73800.0,1600.0,276400.0
737,2021-10-22 03:30:06,73800.0,100.0,274800.0
738,2021-10-22 03:30:06,74000.0,1400.0,274700.0
739,2021-10-22 03:29:57,73900.0,400.0,273300.0
740,2021-10-22 03:29:41,73900.0,600.0,272900.0
741,2021-10-22 03:29:29,73900.0,2400.0,272300.0
742,2021-10-22 03:29:29,73900.0,500.0,269900.0
743,2021-10-22 03:29:29,73900.0,100.0,269400.0
744,2021-10-22 03:29:29,73900.0,900.0,269300.0
745,2021-10-22 03:29:29,74000.0,100.0,268400.0
746,2021-10-22 03:29:06,74000.0,100.0,268300.0
747,2021-10-22 03:28:46,74000.0,400.0,268200.0
748,2021-10-22 03:28:10,74000.0,1600.0,267800.0
749,2021-10-22 03:27:54,74000.0,200.0,266200.0
750,2021-10-22 03:27:43,74000.0,800.0,266000.0
751,2021-10-22 03:27:43,74000.0,200.0,265200.0
752,2021-10-22 03:27:09,74000.0,300.0,265000.0
753,2021-10-22 03:26:56,73900.0,500.0,264700.0
754,2021-10-22 03:26:36,73900.0,100.0,264200.0
755,2021-10-22 03:25:15,73900.0,500.0,264100.0
756,2021-10-22 03:24:32,73900.0,1000.0,263600.0
757,2021-10-22 03:22:53,73900.0,100.0,262600.0
758,2021-10-22 03:22:53,73900.0,1900.0,262500.0
759,2021-10-22 03:22:07,73900.0,7100.0,260600.0
760,2021-10-22 03:22:07,74000.0,100.0,253500.0
761,2021-10-22 03:22:07,74000.0,100.0,253400.0
762,2021-10-22 03:22:07,74000.0,1700.0,253300.0
763,2021-10-22 03:21:26,74000.0,300.0,251600.0
764,2021-10-22 03:21:00,74000.0,1000.0,251300.0
765,2021-10-22 03:20:09,74000.0,100.0,250300.0
766,2021-10-22 03:19:45,74000.0,1000.0,250200.0
767,2021-10-22 03:19:44,74000.0,300.0,249200.0
768,2021-10-22 03:19:43,73800.0,100.0,248900.0
769,2021-10-22 03:19:31,74000.0,300.0,248800.0
770,2021-10-22 03:19:31,74000.0,200.0,248500.0
771,2021-10-22 03:19:31,74000.0,500.0,248300.0
772,2021-10-22 03:18:53,74000.0,600.0,247800.0
773,2021-10-22 03:18:53,74000.0,400.0,247200.0
774,2021-10-22 03:18:50,74000.0,200.0,246800.0
775,2021-10-22 03:18:38,74000.0,200.0,246600.0
776,2021-10-22 03:17:55,73800.0,800.0,246400.0
777,2021-10-22 03:17:55,73800.0,100.0,245600.0
778,2021-10-22 03:17:19,74000.0,100.0,245500.0
779,2021-10-22 03:17:19,74000.0,500.0,245400.0
780,2021-10-22 03:17:19,74000.0,100.0,244900.0
781,2021-10-22 03:17:19,74000.0,100.0,244800.0
782,2021-10-22 03:17:19,74000.0,1000.0,244700.0
783,2021-10-22 03:17:19,74000.0,800.0,243700.0
784,2021-10-22 03:17:19,74000.0,100.0,242900.0
785,2021-10-22 03:17:19,74000.0,1000.0,242800.0
786,2021-10-22 03:17:19,74000.0,200.0,241800.0
787,2021-10-22 03:17:19,74000.0,300.0,241600.0
788,2021-10-22 03:17:16,74000.0,700.0,241300.0
789,2021-10-22 03:17:16,74000.0,300.0,240600.0
790,2021-10-22 03:16:59,74100.0,1500.0,240300.0
791,2021-10-22 03:16:59,74100.0,100.0,238800.0
792,2021-10-22 03:16:07,74100.0,1900.0,238700.0
793,2021-10-22 03:16:07,74100.0,200.0,236800.0
794,2021-10-22 03:16:07,74100.0,400.0,236600.0
795,2021-10-22 03:16:07,74100.0,500.0,236200.0
796,2021-10-22 03:14:13,74200.0,100.0,235700.0
797,2021-10-22 03:14:10,74400.0,200.0,235600.0
798,2021-10-22 03:13:39,74200.0,100.0,235400.0
799,2021-10-22 03:13:21,74200.0,100.0,235300.0
800,2021-10-22 03:13:21,74200.0,100.0,235200.0
801,2021-10-22 03:13:21,74200.0,200.0,235100.0
802,2021-10-22 03:13:04,74200.0,100.0,234900.0
803,2021-10-22 03:12:54,74200.0,1700.0,234800.0
804,2021-10-22 03:12:54,74300.0,100.0,233100.0
805,2021-10-22 03:12:54,74300.0,200.0,233000.0
806,2021-10-22 03:12:26,74300.0,1000.0,232800.0
807,2021-10-22 03:11:25,74300.0,800.0,231800.0
808,2021-10-22 03:11:25,74300.0,200.0,231000.0
809,2021-10-22 03:10:56,74300.0,100.0,230800.0
810,2021-10-22 03:10:47,74300.0,100.0,230700.0
811,2021-10-22 03:10:47,74300.0,400.0,230600.0
812,2021-10-22 03:10:13,74300.0,600.0,230200.0
813,2021-10-22 03:10:13,74300.0,100.0,229600.0
814,2021-10-22 03:10:13,74300.0,300.0,229500.0
815,2021-10-22 03:08:54,74500.0,700.0,229200.0
816,2021-10-22 03:08:54,74500.0,1000.0,228500.0
817,2021-10-22 03:08:54,74500.0,100.0,227500.0
818,2021-10-22 03:08:54,74500.0,100.0,227400.0
819,2021-10-22 03:08:54,74500.0,200.0,227300.0
820,2021-10-22 03:08:37,74300.0,1700.0,227100.0
821,2021-10-22 03:08:37,74300.0,300.0,225400.0
822,2021-10-22 03:08:37,74400.0,1000.0,225100.0
823,2021-10-22 03:08:06,74400.0,300.0,224100.0
824,2021-10-22 03:07:36,74400.0,1000.0,223800.0
825,2021-10-22 03:07:21,74400.0,700.0,222800.0
826,2021-10-22 03:07:21,74400.0,300.0,222100.0
827,2021-10-22 03:06:12,74400.0,100.0,221800.0
828,2021-10-22 03:06:12,74400.0,100.0,221700.0
829,2021-10-22 03:06:12,74400.0,100.0,221600.0
830,2021-10-22 03:06:12,74400.0,500.0,221500.0
831,2021-10-22 03:06:12,74400.0,200.0,221000.0
832,2021-10-22 03:05:39,74500.0,100.0,220800.0
833,2021-10-22 03:05:38,74500.0,1000.0,220700.0
834,2021-10-22 03:05:34,74500.0,100.0,219700.0
835,2021-10-22 03:05:34,74500.0,100.0,219600.0
836,2021-10-22 03:05:34,74500.0,200.0,219500.0
837,2021-10-22 03:04:22,74500.0,300.0,219300.0
838,2021-10-22 03:04:22,74500.0,100.0,219000.0
839,2021-10-22 03:04:22,74500.0,600.0,218900.0
840,2021-10-22 03:04:21,74700.0,1000.0,218300.0
841,2021-10-22 03:04:14,74500.0,100.0,217300.0
842,2021-10-22 03:03:55,74500.0,2000.0,217200.0
843,2021-10-22 03:03:47,74700.0,500.0,215200.0
844,2021-10-22 03:03:25,74700.0,400.0,214700.0
845,2021-10-22 03:02:59,74700.0,100.0,214300.0
846,2021-10-22 03:02:58,74500.0,300.0,214200.0
847,2021-10-22 03:02:55,74500.0,200.0,213900.0
848,2021-10-22 03:02:31,74500.0,100.0,213700.0
849,2021-10-22 03:02:27,74500.0,100.0,213600.0
850,2021-10-22 03:02:22,74500.0,100.0,213500.0
851,2021-10-22 03:02:03,74500.0,100.0,213400.0
852,2021-10-22 03:01:47,74500.0,500.0,213300.0
853,2021-10-22 03:01:35,74500.0,700.0,212800.0
854,2021-10-22 03:01:07,74500.0,200.0,212100.0
855,2021-10-22 03:00:29,74500.0,1100.0,211900.0
856,2021-10-22 03:00:29,74500.0,900.0,210800.0
857,2021-10-22 02:59:15,74400.0,100.0,209900.0
858,2021-10-22 02:59:15,74400.0,100.0,209800.0
859,2021-10-22 02:58:57,74400.0,800.0,209700.0
860,2021-10-22 02:58:51,74400.0,200.0,208900.0
861,2021-10-22 02:56:48,74400.0,700.0,208700.0
862,2021-10-22 02:56:48,74400.0,300.0,208000.0
863,2021-10-22 02:56:29,74400.0,200.0,207700.0
864,2021-10-22 02:56:29,74400.0,400.0,207500.0
865,2021-10-22 02:56:29,74400.0,300.0,207100.0
866,2021-10-22 02:56:29,74400.0,100.0,206800.0
867,2021-10-22 02:55:25,74400.0,200.0,206700.0
868,2021-10-22 02:55:25,74400.0,200.0,206500.0
869,2021-10-22 02:55:25,74400.0,100.0,206300.0
870,2021-10-22 02:55:22,74400.0,3000.0,206200.0
871,2021-10-22 02:55:18,74400.0,1000.0,203200.0
872,2021-10-22 02:55:06,74400.0,6400.0,202200.0
873,2021-10-22 02:55:06,74500.0,3600.0,195800.0
874,2021-10-22 02:55:03,74500.0,100.0,192200.0
875,2021-10-22 02:55:03,74500.0,400.0,192100.0
876,2021-10-22 02:55:03,74500.0,1900.0,191700.0
877,2021-10-22 02:54:59,74500.0,3700.0,189800.0
878,2021-10-22 02:54:49,74400.0,9500.0,186100.0
879,2021-10-22 02:54:49,74400.0,500.0,176600.0
880,2021-10-22 02:54:48,74500.0,1000.0,176100.0
881,2021-10-22 02:54:28,74400.0,500.0,175100.0
882,2021-10-22 02:54:05,74500.0,1000.0,174600.0
883,2021-10-22 02:53:55,74500.0,100.0,173600.0
884,2021-10-22 02:53:33,74500.0,400.0,173500.0
885,2021-10-22 02:53:33,74500.0,1500.0,173100.0
886,2021-10-22 02:53:33,74500.0,4000.0,171600.0
887,2021-10-22 02:53:33,74500.0,2500.0,167600.0
888,2021-10-22 02:53:33,74500.0,1000.0,165100.0
889,2021-10-22 02:53:33,74500.0,1000.0,164100.0
890,2021-10-22 02:53:33,74500.0,300.0,163100.0
891,2021-10-22 02:53:33,74500.0,100.0,162800.0
892,2021-10-22 02:53:33,74500.0,1000.0,162700.0
893,2021-10-22 02:53:33,74500.0,500.0,161700.0
894,2021-10-22 02:53:27,74600.0,100.0,161200.0
895,2021-10-22 02:53:23,74600.0,100.0,161100.0
896,2021-10-22 02:53:23,74600.0,100.0,161000.0
897,2021-10-22 02:53:23,74600.0,100.0,160900.0
898,2021-10-22 02:53:23,74600.0,14900.0,160800.0
899,2021-10-22 02:53:18,74700.0,100.0,145900.0
900,2021-10-22 02:52:57,74700.0,100.0,145800.0
901,2021-10-22 02:52:48,74600.0,4700.0,145700.0
902,2021-10-22 02:52:24,74600.0,1500.0,141000.0
903,2021-10-22 02:52:24,74700.0,500.0,139500.0
904,2021-10-22 02:52:19,74700.0,100.0,139000.0
905,2021-10-22 02:52:09,74700.0,400.0,138900.0
906,2021-10-22 02:51:53,74600.0,1000.0,138500.0
907,2021-10-22 02:51:52,74700.0,100.0,137500.0
908,2021-10-22 02:51:38,74600.0,300.0,137400.0
909,2021-10-22 02:51:32,74700.0,500.0,137100.0
910,2021-10-22 02:51:32,74700.0,1500.0,136600.0
911,2021-10-22 02:51:12,74700.0,1000.0,135100.0
912,2021-10-22 02:51:09,74700.0,500.0,134100.0
913,2021-10-22 02:51:09,74700.0,200.0,133600.0
914,2021-10-22 02:51:09,74700.0,100.0,133400.0
915,2021-10-22 02:50:34,75000.0,100.0,133300.0
916,2021-10-22 02:49:14,74600.0,1600.0,133200.0
917,2021-10-22 02:49:14,74600.0,400.0,131600.0
918,2021-10-22 02:48:58,74600.0,100.0,131200.0
919,2021-10-22 02:48:58,74600.0,200.0,131100.0
920,2021-10-22 02:48:43,74700.0,1000.0,130900.0
921,2021-10-22 02:48:35,75000.0,100.0,129900.0
922,2021-10-22 02:48:34,74700.0,200.0,129800.0
923,2021-10-22 02:48:32,74700.0,1000.0,129600.0
924,2021-10-22 02:48:17,74700.0,800.0,128600.0
925,2021-10-22 02:48:17,74700.0,1000.0,127800.0
926,2021-10-22 02:48:17,74700.0,400.0,126800.0
927,2021-10-22 02:48:17,74700.0,1000.0,126400.0
928,2021-10-22 02:48:17,74700.0,700.0,125400.0
929,2021-10-22 02:48:17,74900.0,100.0,124700.0
930,2021-10-22 02:48:15,74800.0,200.0,124600.0
931,2021-10-22 02:48:00,74800.0,1500.0,124400.0
932,2021-10-22 02:48:00,74900.0,300.0,122900.0
933,2021-10-22 02:48:00,74900.0,700.0,122600.0
934,2021-10-22 02:47:48,74800.0,500.0,121900.0
935,2021-10-22 02:47:48,74800.0,500.0,121400.0
936,2021-10-22 02:47:48,74800.0,1000.0,120900.0
937,2021-10-22 02:47:17,74900.0,300.0,119900.0
938,2021-10-22 02:47:07,74900.0,700.0,119600.0
939,2021-10-22 02:47:07,74900.0,300.0,118900.0
940,2021-10-22 02:47:03,75000.0,200.0,118600.0
941,2021-10-22 02:47:02,74900.0,700.0,118400.0
942,2021-10-22 02:46:12,75000.0,700.0,117700.0
943,2021-10-22 02:45:45,75000.0,100.0,117000.0
944,2021-10-22 02:44:50,75000.0,100.0,116900.0
945,2021-10-22 02:44:50,75000.0,800.0,116800.0
946,2021-10-22 02:44:37,75000.0,1200.0,116000.0
947,2021-10-22 02:44:37,75000.0,200.0,114800.0
948,2021-10-22 02:44:37,75000.0,100.0,114600.0
949,2021-10-22 02:44:37,75000.0,200.0,114500.0
950,2021-10-22 02:44:37,75000.0,200.0,114300.0
951,2021-10-22 02:44:37,75000.0,100.0,114100.0
952,2021-10-22 02:43:21,75100.0,2000.0,114000.0
953,2021-10-22 02:41:39,75000.0,100.0,112000.0
954,2021-10-22 02:41:39,75000.0,300.0,111900.0
955,2021-10-22 02:39:48,75000.0,100.0,111600.0
956,2021-10-22 02:38:31,75000.0,400.0,111500.0
957,2021-10-22 02:38:31,75000.0,100.0,111100.0
958,2021-10-22 02:37:43,75000.0,100.0,111000.0
959,2021-10-22 02:37:43,75000.0,100.0,110900.0
960,2021-10-22 02:37:42,74900.0,200.0,110800.0
961,2021-10-22 02:36:59,74900.0,100.0,110600.0
962,2021-10-22 02:36:25,74800.0,100.0,110500.0
963,2021-10-22 02:35:53,74800.0,800.0,110400.0
964,2021-10-22 02:35:53,74800.0,300.0,109600.0
965,2021-10-22 02:35:37,74800.0,100.0,109300.0
966,2021-10-22 02:35:37,74900.0,100.0,109200.0
967,2021-10-22 02:35:36,74900.0,600.0,109100.0
968,2021-10-22 02:34:49,74900.0,200.0,108500.0
969,2021-10-22 02:34:49,74900.0,500.0,108300.0
970,2021-10-22 02:34:43,74900.0,100.0,107800.0
971,2021-10-22 02:34:26,74900.0,100.0,107700.0
972,2021-10-22 02:34:15,74900.0,200.0,107600.0
973,2021-10-22 02:34:15,74900.0,100.0,107400.0
974,2021-10-22 02:34:02,74900.0,500.0,107300.0
975,2021-10-22 02:33:38,74900.0,200.0,106800.0
976,2021-10-22 02:33:03,74800.0,500.0,106600.0
977,2021-10-22 02:32:56,74900.0,1000.0,106100.0
978,2021-10-22 02:32:44,74800.0,100.0,105100.0
979,2021-10-22 02:32:23,74900.0,200.0,105000.0
980,2021-10-22 02:32:02,74900.0,100.0,104800.0
981,2021-10-22 02:31:58,74900.0,1400.0,104700.0
982,2021-10-22 02:31:46,74900.0,100.0,103300.0
983,2021-10-22 02:31:42,74900.0,500.0,103200.0
984,2021-10-22 02:31:18,74900.0,400.0,102700.0
985,2021-10-22 02:30:52,74900.0,100.0,102300.0
986,2021-10-22 02:30:36,74900.0,100.0,102200.0
987,2021-10-22 02:30:36,74900.0,300.0,102100.0
988,2021-10-22 02:30:36,74900.0,1000.0,101800.0
989,2021-10-22 02:30:31,74900.0,200.0,100800.0
990,2021-10-22 02:30:19,74900.0,700.0,100600.0
991,2021-10-22 02:29:45,74900.0,100.0,99900.0
992,2021-10-22 02:27:14,75500.0,100.0,99800.0
993,2021-10-22 02:25:51,74700.0,400.0,99700.0
994,2021-10-22 02:25:51,74700.0,600.0,99300.0
995,2021-10-22 02:25:15,74700.0,100.0,98700.0
996,2021-10-22 02:24:44,74700.0,700.0,98600.0
997,2021-10-22 02:24:44,75000.0,500.0,97900.0
998,2021-10-22 02:24:44,75000.0,200.0,97400.0
999,2021-10-22 02:24:04,75600.0,100.0,97200.0
1000,2021-10-22 02:23:57,75600.0,200.0,97100.0
1001,2021-10-22 02:23:52,75600.0,300.0,96900.0
1002,2021-10-22 02:23:52,75600.0,100.0,96600.0
1003,2021-10-22 02:23:52,75600.0,300.0,96500.0
1004,2021-10-22 02:23:48,75800.0,100.0,96200.0
1005,2021-10-22 02:23:47,75600.0,200.0,96100.0
1006,2021-10-22 02:23:47,75700.0,300.0,95900.0
1007,2021-10-22 02:23:29,75800.0,5000.0,95600.0
1008,2021-10-22 02:23:19,75700.0,200.0,90600.0
1009,2021-10-22 02:23:16,75600.0,1000.0,90400.0
1010,2021-10-22 02:23:16,75600.0,100.0,89400.0
1011,2021-10-22 02:23:14,75600.0,1000.0,89300.0
1012,2021-10-22 02:23:08,75600.0,900.0,88300.0
1013,2021-10-22 02:22:58,75600.0,100.0,87400.0
1014,2021-10-22 02:22:58,75600.0,900.0,87300.0
1015,2021-10-22 02:22:49,75800.0,1000.0,86400.0
1016,2021-10-22 02:22:48,75600.0,100.0,85400.0
1017,2021-10-22 02:22:37,75600.0,1000.0,85300.0
1018,2021-10-22 02:22:21,75600.0,900.0,84300.0
1019,2021-10-22 02:22:19,75600.0,500.0,83400.0
1020,2021-10-22 02:22:19,75700.0,500.0,82900.0
1021,2021-10-22 02:22:14,75800.0,500.0,82400.0
1022,2021-10-22 02:22:07,75600.0,1000.0,81900.0
1023,2021-10-22 02:22:01,75600.0,600.0,80900.0
1024,2021-10-22 02:22:01,75600.0,200.0,80300.0
1025,2021-10-22 02:22:01,75600.0,100.0,80100.0
1026,2021-10-22 02:22:01,75600.0,100.0,80000.0
1027,2021-10-22 02:21:59,75600.0,200.0,79900.0
1028,2021-10-22 02:21:59,75600.0,800.0,79700.0
1029,2021-10-22 02:21:05,75800.0,3900.0,78900.0
1030,2021-10-22 02:21:01,75800.0,1000.0,75000.0
1031,2021-10-22 02:20:43,75600.0,200.0,74000.0
1032,2021-10-22 02:20:43,75700.0,300.0,73800.0
1033,2021-10-22 02:20:41,75800.0,3900.0,73500.0
1034,2021-10-22 02:20:35,75800.0,800.0,69600.0
1035,2021-10-22 02:20:35,75800.0,200.0,68800.0
1036,2021-10-22 02:20:20,75700.0,100.0,68600.0
1037,2021-10-22 02:20:20,75700.0,300.0,68500.0
1038,2021-10-22 02:20:20,75700.0,200.0,68200.0
1039,2021-10-22 02:20:20,75700.0,500.0,68000.0
1040,2021-10-22 02:20:20,75700.0,500.0,67500.0
1041,2021-10-22 02:20:20,75700.0,600.0,67000.0
1042,2021-10-22 02:20:05,75700.0,1000.0,66400.0
1043,2021-10-22 02:20:00,75700.0,5000.0,65400.0
1044,2021-10-22 02:19:37,75700.0,1800.0,60400.0
1045,2021-10-22 02:19:35,75700.0,1000.0,58600.0
1046,2021-10-22 02:19:32,75700.0,5000.0,57600.0
1047,2021-10-22 02:19:14,75700.0,5000.0,52600.0
1048,2021-10-22 02:19:00,75700.0,10000.0,47600.0
1049,2021-10-22 02:18:39,75700.0,5000.0,37600.0
1050,2021-10-22 02:18:31,75700.0,500.0,32600.0
1051,2021-10-22 02:18:26,75700.0,200.0,32100.0
1052,2021-10-22 02:18:22,75700.0,2000.0,31900.0
1053,2021-10-22 02:18:13,75700.0,800.0,29900.0
1054,2021-10-22 02:18:07,75700.0,400.0,29100.0
1055,2021-10-22 02:18:05,75600.0,300.0,28700.0
1056,2021-10-22 02:18:05,75600.0,100.0,28400.0
1057,2021-10-22 02:18:05,75600.0,400.0,28300.0
1058,2021-10-22 02:18:05,75600.0,200.0,27900.0
1059,2021-10-22 02:18:01,75700.0,100.0,27700.0
1060,2021-10-22 02:18:01,75700.0,100.0,27600.0
1061,2021-10-22 02:17:51,75700.0,2000.0,27500.0
1062,2021-10-22 02:17:45,75700.0,400.0,25500.0
1063,2021-10-22 02:17:37,75700.0,5000.0,25100.0
1064,2021-10-22 02:17:27,75700.0,1500.0,20100.0
1065,2021-10-22 02:17:18,75700.0,2000.0,18600.0
1066,2021-10-22 02:17:03,75700.0,600.0,16600.0
1067,2021-10-22 02:17:03,75700.0,400.0,16000.0
1068,2021-10-22 02:16:55,75700.0,300.0,15600.0
1069,2021-10-22 02:16:55,75700.0,100.0,15300.0
1070,2021-10-22 02:16:50,75600.0,800.0,15200.0
1071,2021-10-22 02:16:50,75600.0,200.0,14400.0
1072,2021-10-22 02:16:50,75600.0,300.0,14200.0
1073,2021-10-22 02:16:50,75000.0,500.0,13900.0
1074,2021-10-22 02:16:41,75000.0,2000.0,13400.0
1075,2021-10-22 02:16:26,75000.0,1000.0,11400.0
1076,2021-10-22 02:16:21,75000.0,200.0,10400.0
1077,2021-10-22 02:16:15,75000.0,300.0,10200.0
1078,2021-10-22 02:15:57,75000.0,2000.0,9900.0
1079,2021-10-22 02:15:30,75000.0,200.0,7900.0
1080,2021-10-22 02:15:00,75000.0,100.0,7700.0
1081,2021-10-22 02:15:00,75000.0,400.0,7600.0
1082,2021-10-22 02:15:00,75000.0,800.0,7200.0
1083,2021-10-22 02:15:00,75000.0,100.0,6400.0
1084,2021-10-22 02:15:00,75000.0,200.0,6300.0
1085,2021-10-22 02:15:00,75000.0,300.0,6100.0
1086,2021-10-22 02:15:00,75000.0,200.0,5800.0
1087,2021-10-22 02:15:00,75000.0,1500.0,5600.0
1088,2021-10-22 02:15:00,75000.0,1000.0,4100.0
1089,2021-10-22 02:15:00,75000.0,1500.0,3100.0
1090,2021-10-22 02:15:00,75000.0,500.0,1600.0
1091,2021-10-22 02:15:00,75000.0,1000.0,1100.0
1092,2021-10-22 02:15:00,75000.0,100.0,100.0
