,Time,Price,Volume_per_trade,Volume
0,2021-10-20 07:45:01,71000.0,600.0,887700.0
1,2021-10-20 07:45:01,71000.0,200.0,887100.0
2,2021-10-20 07:45:01,71000.0,100.0,886900.0
3,2021-10-20 07:45:01,71000.0,1000.0,886800.0
4,2021-10-20 07:45:01,71000.0,2100.0,885800.0
5,2021-10-20 07:45:01,71000.0,1000.0,883700.0
6,2021-10-20 07:45:01,71000.0,2000.0,882700.0
7,2021-10-20 07:45:01,71000.0,3000.0,880700.0
8,2021-10-20 07:45:01,71000.0,2000.0,877700.0
9,2021-10-20 07:45:01,71000.0,100.0,875700.0
10,2021-10-20 07:45:01,71000.0,200.0,875600.0
11,2021-10-20 07:45:01,71000.0,800.0,875400.0
12,2021-10-20 07:45:01,71000.0,200.0,874600.0
13,2021-10-20 07:45:01,71000.0,100.0,874400.0
14,2021-10-20 07:45:01,71000.0,3200.0,874300.0
15,2021-10-20 07:45:01,71000.0,500.0,871100.0
16,2021-10-20 07:45:01,71000.0,2900.0,870600.0
17,2021-10-20 07:45:01,71000.0,1000.0,867700.0
18,2021-10-20 07:45:01,71000.0,500.0,866700.0
19,2021-10-20 07:45:01,71000.0,300.0,866200.0
20,2021-10-20 07:45:01,71000.0,500.0,865900.0
21,2021-10-20 07:45:01,71000.0,1500.0,865400.0
22,2021-10-20 07:45:01,71000.0,600.0,863900.0
23,2021-10-20 07:45:01,71000.0,100.0,863300.0
24,2021-10-20 07:45:01,71000.0,200.0,863200.0
25,2021-10-20 07:45:01,71000.0,200.0,863000.0
26,2021-10-20 07:45:01,71000.0,600.0,862800.0
27,2021-10-20 07:45:01,71000.0,1000.0,862200.0
28,2021-10-20 07:45:01,71000.0,300.0,861200.0
29,2021-10-20 07:45:01,71000.0,700.0,860900.0
30,2021-10-20 07:45:01,71000.0,300.0,860200.0
31,2021-10-20 07:45:01,71000.0,200.0,859900.0
32,2021-10-20 07:45:01,71000.0,200.0,859700.0
33,2021-10-20 07:45:01,71000.0,600.0,859500.0
34,2021-10-20 07:45:01,71000.0,900.0,858900.0
35,2021-10-20 07:45:01,71000.0,100.0,858000.0
36,2021-10-20 07:29:34,70700.0,1000.0,857900.0
37,2021-10-20 07:29:09,70700.0,800.0,856900.0
38,2021-10-20 07:29:09,70700.0,200.0,856100.0
39,2021-10-20 07:28:34,70700.0,500.0,855900.0
40,2021-10-20 07:27:48,70700.0,100.0,855400.0
41,2021-10-20 07:26:36,70700.0,200.0,855300.0
42,2021-10-20 07:26:06,70700.0,500.0,855100.0
43,2021-10-20 07:25:01,70800.0,300.0,854600.0
44,2021-10-20 07:25:01,70700.0,100.0,854300.0
45,2021-10-20 07:25:01,70700.0,600.0,854200.0
46,2021-10-20 07:24:58,70600.0,1000.0,853600.0
47,2021-10-20 07:24:52,70700.0,400.0,852600.0
48,2021-10-20 07:24:52,70700.0,600.0,852200.0
49,2021-10-20 07:24:44,70600.0,200.0,851600.0
50,2021-10-20 07:24:38,70600.0,2000.0,851400.0
51,2021-10-20 07:24:38,70600.0,200.0,849400.0
52,2021-10-20 07:24:38,70600.0,200.0,849200.0
53,2021-10-20 07:24:36,70600.0,1000.0,849000.0
54,2021-10-20 07:24:29,70600.0,1500.0,848000.0
55,2021-10-20 07:24:29,70300.0,1000.0,846500.0
56,2021-10-20 07:24:23,70600.0,600.0,845500.0
57,2021-10-20 07:24:23,70600.0,400.0,844900.0
58,2021-10-20 07:24:14,70600.0,600.0,844500.0
59,2021-10-20 07:24:14,70600.0,100.0,843900.0
60,2021-10-20 07:24:14,70600.0,400.0,843800.0
61,2021-10-20 07:24:14,70600.0,500.0,843400.0
62,2021-10-20 07:24:14,70600.0,400.0,842900.0
63,2021-10-20 07:24:07,70600.0,100.0,842500.0
64,2021-10-20 07:24:07,70600.0,300.0,842400.0
65,2021-10-20 07:23:51,70600.0,400.0,842100.0
66,2021-10-20 07:23:50,70600.0,300.0,841700.0
67,2021-10-20 07:23:42,70600.0,1000.0,841400.0
68,2021-10-20 07:23:25,70600.0,300.0,840400.0
69,2021-10-20 07:23:22,70600.0,200.0,840100.0
70,2021-10-20 07:23:22,70600.0,100.0,839900.0
71,2021-10-20 07:23:22,70300.0,200.0,839800.0
72,2021-10-20 07:23:00,70300.0,200.0,839600.0
73,2021-10-20 07:22:34,70600.0,100.0,839400.0
74,2021-10-20 07:22:21,70000.0,400.0,839300.0
75,2021-10-20 07:22:21,70100.0,100.0,838900.0
76,2021-10-20 07:22:21,70100.0,200.0,838800.0
77,2021-10-20 07:22:21,70100.0,200.0,838600.0
78,2021-10-20 07:22:21,70100.0,500.0,838400.0
79,2021-10-20 07:22:21,70100.0,1000.0,837900.0
80,2021-10-20 07:22:21,70200.0,3200.0,836900.0
81,2021-10-20 07:22:21,70300.0,400.0,833700.0
82,2021-10-20 07:22:20,70600.0,300.0,833300.0
83,2021-10-20 07:22:11,70600.0,500.0,833000.0
84,2021-10-20 07:22:05,70300.0,100.0,832500.0
85,2021-10-20 07:22:01,70600.0,200.0,832400.0
86,2021-10-20 07:21:42,70600.0,200.0,832200.0
87,2021-10-20 07:21:40,70200.0,6800.0,832000.0
88,2021-10-20 07:21:40,70200.0,100.0,825200.0
89,2021-10-20 07:21:40,70200.0,100.0,825100.0
90,2021-10-20 07:21:40,70200.0,1000.0,825000.0
91,2021-10-20 07:21:40,70200.0,700.0,824000.0
92,2021-10-20 07:21:40,70200.0,1100.0,823300.0
93,2021-10-20 07:21:40,70300.0,200.0,822200.0
94,2021-10-20 07:21:29,70600.0,500.0,822000.0
95,2021-10-20 07:21:19,70600.0,300.0,821500.0
96,2021-10-20 07:21:18,70300.0,100.0,821200.0
97,2021-10-20 07:21:08,70600.0,200.0,821100.0
98,2021-10-20 07:21:04,70300.0,200.0,820900.0
99,2021-10-20 07:20:43,70200.0,300.0,820700.0
100,2021-10-20 07:20:26,70200.0,38600.0,820400.0
101,2021-10-20 07:20:26,70200.0,500.0,781800.0
102,2021-10-20 07:20:26,70200.0,10000.0,781300.0
103,2021-10-20 07:20:26,70200.0,1000.0,771300.0
104,2021-10-20 07:20:26,70200.0,5000.0,770300.0
105,2021-10-20 07:20:26,70200.0,200.0,765300.0
106,2021-10-20 07:20:26,70300.0,800.0,765100.0
107,2021-10-20 07:20:26,70300.0,500.0,764300.0
108,2021-10-20 07:20:26,70300.0,100.0,763800.0
109,2021-10-20 07:20:26,70300.0,1200.0,763700.0
110,2021-10-20 07:20:26,70300.0,100.0,762500.0
111,2021-10-20 07:20:07,70600.0,200.0,762400.0
112,2021-10-20 07:19:53,70600.0,300.0,762200.0
113,2021-10-20 07:19:46,70400.0,500.0,761900.0
114,2021-10-20 07:19:46,70400.0,100.0,761400.0
115,2021-10-20 07:19:46,70400.0,400.0,761300.0
116,2021-10-20 07:19:44,70300.0,100.0,760900.0
117,2021-10-20 07:19:44,70300.0,100.0,760800.0
118,2021-10-20 07:19:44,70300.0,100.0,760700.0
119,2021-10-20 07:19:42,70400.0,300.0,760600.0
120,2021-10-20 07:19:29,70400.0,200.0,760300.0
121,2021-10-20 07:19:23,70300.0,100.0,760100.0
122,2021-10-20 07:19:12,70600.0,200.0,760000.0
123,2021-10-20 07:19:04,70300.0,100.0,759800.0
124,2021-10-20 07:19:04,70300.0,100.0,759700.0
125,2021-10-20 07:19:04,70300.0,600.0,759600.0
126,2021-10-20 07:19:04,70300.0,500.0,759000.0
127,2021-10-20 07:19:04,70300.0,1000.0,758500.0
128,2021-10-20 07:19:04,70300.0,100.0,757500.0
129,2021-10-20 07:19:04,70300.0,200.0,757400.0
130,2021-10-20 07:19:04,70300.0,300.0,757200.0
131,2021-10-20 07:19:04,70300.0,600.0,756900.0
132,2021-10-20 07:19:04,70300.0,400.0,756300.0
133,2021-10-20 07:19:04,70300.0,3700.0,755900.0
134,2021-10-20 07:19:04,70400.0,100.0,752200.0
135,2021-10-20 07:19:02,70400.0,200.0,752100.0
136,2021-10-20 07:18:55,70300.0,16300.0,751900.0
137,2021-10-20 07:18:55,70300.0,100.0,735600.0
138,2021-10-20 07:18:55,70300.0,100.0,735500.0
139,2021-10-20 07:18:55,70300.0,200.0,735400.0
140,2021-10-20 07:18:55,70300.0,3300.0,735200.0
141,2021-10-20 07:18:48,70400.0,300.0,731900.0
142,2021-10-20 07:18:43,70400.0,500.0,731600.0
143,2021-10-20 07:18:41,70300.0,500.0,731100.0
144,2021-10-20 07:18:39,70400.0,200.0,730600.0
145,2021-10-20 07:18:34,70300.0,1200.0,730400.0
146,2021-10-20 07:18:34,70300.0,100.0,729200.0
147,2021-10-20 07:18:34,70300.0,500.0,729100.0
148,2021-10-20 07:18:34,70300.0,100.0,728600.0
149,2021-10-20 07:18:34,70300.0,100.0,728500.0
150,2021-10-20 07:18:34,70300.0,100.0,728400.0
151,2021-10-20 07:18:34,70300.0,300.0,728300.0
152,2021-10-20 07:18:34,70300.0,100.0,728000.0
153,2021-10-20 07:18:34,70300.0,400.0,727900.0
154,2021-10-20 07:18:23,70400.0,200.0,727500.0
155,2021-10-20 07:18:23,70400.0,300.0,727300.0
156,2021-10-20 07:18:23,70400.0,300.0,727000.0
157,2021-10-20 07:18:09,70600.0,200.0,726700.0
158,2021-10-20 07:18:02,70600.0,100.0,726500.0
159,2021-10-20 07:17:48,70600.0,200.0,726400.0
160,2021-10-20 07:17:39,70600.0,100.0,726200.0
161,2021-10-20 07:17:30,70600.0,100.0,726100.0
162,2021-10-20 07:17:20,70600.0,200.0,726000.0
163,2021-10-20 07:17:04,70600.0,200.0,725800.0
164,2021-10-20 07:16:53,70600.0,200.0,725600.0
165,2021-10-20 07:16:49,70600.0,100.0,725400.0
166,2021-10-20 07:16:32,70400.0,400.0,725300.0
167,2021-10-20 07:16:31,70400.0,200.0,724900.0
168,2021-10-20 07:16:15,70400.0,200.0,724700.0
169,2021-10-20 07:16:08,70400.0,900.0,724500.0
170,2021-10-20 07:16:08,70400.0,200.0,723600.0
171,2021-10-20 07:16:08,70400.0,100.0,723400.0
172,2021-10-20 07:15:49,70600.0,100.0,723300.0
173,2021-10-20 07:15:41,70600.0,2000.0,723200.0
174,2021-10-20 07:15:40,70600.0,3000.0,721200.0
175,2021-10-20 07:15:36,70600.0,100.0,718200.0
176,2021-10-20 07:15:22,70600.0,100.0,718100.0
177,2021-10-20 07:15:14,70600.0,100.0,718000.0
178,2021-10-20 07:15:14,70600.0,4100.0,717900.0
179,2021-10-20 07:15:14,70500.0,500.0,713800.0
180,2021-10-20 07:14:28,70600.0,200.0,713300.0
181,2021-10-20 07:14:19,70600.0,100.0,713100.0
182,2021-10-20 07:13:49,70600.0,100.0,713000.0
183,2021-10-20 07:13:26,70600.0,200.0,712900.0
184,2021-10-20 07:13:14,70600.0,100.0,712700.0
185,2021-10-20 07:13:02,70400.0,100.0,712600.0
186,2021-10-20 07:12:58,70600.0,100.0,712500.0
187,2021-10-20 07:12:36,70600.0,100.0,712400.0
188,2021-10-20 07:11:53,70700.0,100.0,712300.0
189,2021-10-20 07:11:48,70400.0,700.0,712200.0
190,2021-10-20 07:11:48,70400.0,500.0,711500.0
191,2021-10-20 07:11:48,70400.0,1700.0,711000.0
192,2021-10-20 07:11:48,70400.0,100.0,709300.0
193,2021-10-20 07:11:42,70700.0,5100.0,709200.0
194,2021-10-20 07:11:08,70700.0,500.0,704100.0
195,2021-10-20 07:11:06,70700.0,100.0,703600.0
196,2021-10-20 07:10:35,70700.0,100.0,703500.0
197,2021-10-20 07:08:46,70700.0,300.0,703400.0
198,2021-10-20 07:08:32,70400.0,4900.0,703100.0
199,2021-10-20 07:08:32,70400.0,100.0,698200.0
200,2021-10-20 07:07:37,70400.0,1400.0,698100.0
201,2021-10-20 07:07:34,70400.0,100.0,696700.0
202,2021-10-20 07:07:21,70400.0,500.0,696600.0
203,2021-10-20 07:07:17,70400.0,100.0,696100.0
204,2021-10-20 07:06:48,70400.0,500.0,696000.0
205,2021-10-20 07:06:44,70400.0,100.0,695500.0
206,2021-10-20 07:06:44,70400.0,100.0,695400.0
207,2021-10-20 07:06:44,70400.0,2200.0,695300.0
208,2021-10-20 07:06:44,70400.0,2800.0,693100.0
209,2021-10-20 07:06:44,70400.0,200.0,690300.0
210,2021-10-20 07:06:38,70400.0,100.0,690100.0
211,2021-10-20 07:06:38,70400.0,1900.0,690000.0
212,2021-10-20 07:06:29,70400.0,8100.0,688100.0
213,2021-10-20 07:06:29,70400.0,500.0,680000.0
214,2021-10-20 07:06:29,70400.0,1000.0,679500.0
215,2021-10-20 07:06:29,70400.0,3100.0,678500.0
216,2021-10-20 07:06:29,70500.0,100.0,675400.0
217,2021-10-20 07:06:29,70500.0,1000.0,675300.0
218,2021-10-20 07:06:29,70500.0,1000.0,674300.0
219,2021-10-20 07:06:29,70500.0,200.0,673300.0
220,2021-10-20 07:06:20,70500.0,4300.0,673100.0
221,2021-10-20 07:06:20,70600.0,400.0,668800.0
222,2021-10-20 07:06:20,70600.0,100.0,668400.0
223,2021-10-20 07:06:20,70600.0,200.0,668300.0
224,2021-10-20 07:05:31,70600.0,500.0,668100.0
225,2021-10-20 07:02:36,70500.0,200.0,667600.0
226,2021-10-20 07:02:36,70500.0,500.0,667400.0
227,2021-10-20 07:02:36,70500.0,500.0,666900.0
228,2021-10-20 07:02:36,70600.0,100.0,666400.0
229,2021-10-20 07:02:36,70600.0,100.0,666300.0
230,2021-10-20 07:02:36,70600.0,600.0,666200.0
231,2021-10-20 07:02:33,70700.0,200.0,665600.0
232,2021-10-20 07:02:11,70700.0,100.0,665400.0
233,2021-10-20 07:02:11,70700.0,200.0,665300.0
234,2021-10-20 07:01:12,70700.0,400.0,665100.0
235,2021-10-20 07:00:48,70700.0,400.0,664700.0
236,2021-10-20 07:00:48,70600.0,1400.0,664300.0
237,2021-10-20 07:00:48,70600.0,100.0,662900.0
238,2021-10-20 07:00:42,70700.0,100.0,662800.0
239,2021-10-20 07:00:20,70700.0,100.0,662700.0
240,2021-10-20 07:00:10,70700.0,900.0,662600.0
241,2021-10-20 07:00:10,70700.0,2000.0,661700.0
242,2021-10-20 07:00:00,70800.0,100.0,659700.0
243,2021-10-20 06:59:48,70700.0,2000.0,659600.0
244,2021-10-20 06:59:08,70900.0,200.0,657600.0
245,2021-10-20 06:58:55,70900.0,200.0,657400.0
246,2021-10-20 06:57:34,70600.0,100.0,657200.0
247,2021-10-20 06:53:44,71000.0,300.0,657100.0
248,2021-10-20 06:53:34,71000.0,100.0,656800.0
249,2021-10-20 06:53:16,71000.0,200.0,656700.0
250,2021-10-20 06:53:02,71000.0,100.0,656500.0
251,2021-10-20 06:52:12,70500.0,500.0,656400.0
252,2021-10-20 06:52:12,70500.0,2000.0,655900.0
253,2021-10-20 06:52:12,70500.0,500.0,653900.0
254,2021-10-20 06:52:00,70500.0,700.0,653400.0
255,2021-10-20 06:52:00,70500.0,2000.0,652700.0
256,2021-10-20 06:52:00,70500.0,500.0,650700.0
257,2021-10-20 06:52:00,70500.0,300.0,650200.0
258,2021-10-20 06:52:00,70600.0,400.0,649900.0
259,2021-10-20 06:52:00,70600.0,1100.0,649500.0
260,2021-10-20 06:51:43,70600.0,400.0,648400.0
261,2021-10-20 06:51:43,70600.0,100.0,648000.0
262,2021-10-20 06:51:43,70600.0,2000.0,647900.0
263,2021-10-20 06:51:43,70600.0,200.0,645900.0
264,2021-10-20 06:51:43,70700.0,200.0,645700.0
265,2021-10-20 06:51:43,70700.0,100.0,645500.0
266,2021-10-20 06:51:43,70700.0,500.0,645400.0
267,2021-10-20 06:51:43,70800.0,500.0,644900.0
268,2021-10-20 06:48:37,71000.0,200.0,644400.0
269,2021-10-20 06:48:16,71200.0,200.0,644200.0
270,2021-10-20 06:48:04,71200.0,100.0,644000.0
271,2021-10-20 06:46:28,70700.0,1000.0,643900.0
272,2021-10-20 06:46:28,70700.0,100.0,642900.0
273,2021-10-20 06:46:28,70700.0,1900.0,642800.0
274,2021-10-20 06:45:05,71200.0,100.0,640900.0
275,2021-10-20 06:44:38,70700.0,2400.0,640800.0
276,2021-10-20 06:44:38,70700.0,200.0,638400.0
277,2021-10-20 06:44:38,70700.0,400.0,638200.0
278,2021-10-20 06:43:21,70700.0,1000.0,637800.0
279,2021-10-20 06:42:03,71200.0,100.0,636800.0
280,2021-10-20 06:42:03,71200.0,100.0,636700.0
281,2021-10-20 06:41:49,71200.0,100.0,636600.0
282,2021-10-20 06:41:36,71200.0,100.0,636500.0
283,2021-10-20 06:41:22,71200.0,200.0,636400.0
284,2021-10-20 06:41:17,70700.0,1600.0,636200.0
285,2021-10-20 06:41:17,70800.0,500.0,634600.0
286,2021-10-20 06:41:17,70800.0,800.0,634100.0
287,2021-10-20 06:41:17,71000.0,100.0,633300.0
288,2021-10-20 06:41:09,71200.0,100.0,633200.0
289,2021-10-20 06:41:01,71200.0,100.0,633100.0
290,2021-10-20 06:40:50,71000.0,100.0,633000.0
291,2021-10-20 06:40:41,71000.0,100.0,632900.0
292,2021-10-20 06:40:15,71000.0,200.0,632800.0
293,2021-10-20 06:40:07,71000.0,100.0,632600.0
294,2021-10-20 06:40:03,71200.0,100.0,632500.0
295,2021-10-20 06:39:51,71000.0,300.0,632400.0
296,2021-10-20 06:39:38,71000.0,200.0,632100.0
297,2021-10-20 06:39:25,71000.0,300.0,631900.0
298,2021-10-20 06:39:19,71000.0,200.0,631600.0
299,2021-10-20 06:39:07,71200.0,100.0,631400.0
300,2021-10-20 06:38:57,71200.0,200.0,631300.0
301,2021-10-20 06:38:47,71200.0,100.0,631100.0
302,2021-10-20 06:38:35,70800.0,2200.0,631000.0
303,2021-10-20 06:38:35,70900.0,300.0,628800.0
304,2021-10-20 06:38:34,71200.0,200.0,628500.0
305,2021-10-20 06:38:28,71200.0,100.0,628300.0
306,2021-10-20 06:37:49,70900.0,100.0,628200.0
307,2021-10-20 06:36:54,70900.0,100.0,628100.0
308,2021-10-20 06:35:55,70900.0,500.0,628000.0
309,2021-10-20 06:35:43,70900.0,1000.0,627500.0
310,2021-10-20 06:35:17,70900.0,4000.0,626500.0
311,2021-10-20 06:34:59,70900.0,100.0,622500.0
312,2021-10-20 06:34:50,70900.0,200.0,622400.0
313,2021-10-20 06:30:43,70900.0,100.0,622200.0
314,2021-10-20 06:30:25,70900.0,500.0,622100.0
315,2021-10-20 06:29:51,70900.0,1000.0,621600.0
316,2021-10-20 06:29:51,70900.0,1000.0,620600.0
317,2021-10-20 06:28:55,71000.0,100.0,619600.0
318,2021-10-20 06:28:55,71000.0,100.0,619500.0
319,2021-10-20 06:27:57,71000.0,100.0,619400.0
320,2021-10-20 06:27:57,71000.0,100.0,619300.0
321,2021-10-20 06:25:02,71000.0,900.0,619200.0
322,2021-10-20 06:24:19,71000.0,100.0,618300.0
323,2021-10-20 06:24:16,71000.0,400.0,618200.0
324,2021-10-20 06:24:16,71000.0,600.0,617800.0
325,2021-10-20 06:24:12,71300.0,100.0,617200.0
326,2021-10-20 06:23:33,71000.0,400.0,617100.0
327,2021-10-20 06:23:33,71000.0,1200.0,616700.0
328,2021-10-20 06:23:33,71000.0,400.0,615500.0
329,2021-10-20 06:22:33,71000.0,500.0,615100.0
330,2021-10-20 06:22:08,71000.0,100.0,614600.0
331,2021-10-20 06:21:46,71000.0,900.0,614500.0
332,2021-10-20 06:21:40,71000.0,1000.0,613600.0
333,2021-10-20 06:21:06,71000.0,3100.0,612600.0
334,2021-10-20 06:21:06,71000.0,1000.0,609500.0
335,2021-10-20 06:21:06,71000.0,700.0,608500.0
336,2021-10-20 06:21:06,71300.0,200.0,607800.0
337,2021-10-20 06:19:34,71300.0,100.0,607600.0
338,2021-10-20 06:19:34,71300.0,200.0,607500.0
339,2021-10-20 06:19:04,71000.0,300.0,607300.0
340,2021-10-20 06:19:04,71000.0,1000.0,607000.0
341,2021-10-20 06:19:04,71000.0,100.0,606000.0
342,2021-10-20 06:19:04,71000.0,100.0,605900.0
343,2021-10-20 06:18:58,71300.0,300.0,605800.0
344,2021-10-20 06:18:58,71300.0,700.0,605500.0
345,2021-10-20 06:18:58,71300.0,100.0,604800.0
346,2021-10-20 06:18:58,71300.0,100.0,604700.0
347,2021-10-20 06:18:58,71300.0,200.0,604600.0
348,2021-10-20 06:18:58,71300.0,100.0,604400.0
349,2021-10-20 06:18:58,71300.0,500.0,604300.0
350,2021-10-20 06:18:58,71300.0,200.0,603800.0
351,2021-10-20 06:18:58,71300.0,300.0,603600.0
352,2021-10-20 06:18:58,71300.0,300.0,603300.0
353,2021-10-20 06:18:58,71300.0,100.0,603000.0
354,2021-10-20 06:18:58,71300.0,200.0,602900.0
355,2021-10-20 06:18:58,71300.0,100.0,602700.0
356,2021-10-20 06:18:58,71300.0,100.0,602600.0
357,2021-10-20 06:18:58,71300.0,100.0,602500.0
358,2021-10-20 06:18:58,71300.0,100.0,602400.0
359,2021-10-20 06:18:58,71300.0,3000.0,602300.0
360,2021-10-20 06:18:58,71300.0,500.0,599300.0
361,2021-10-20 06:18:42,71300.0,100.0,598800.0
362,2021-10-20 06:18:15,71300.0,100.0,598700.0
363,2021-10-20 06:18:15,71300.0,100.0,598600.0
364,2021-10-20 06:18:05,71300.0,100.0,598500.0
365,2021-10-20 06:17:37,71000.0,400.0,598400.0
366,2021-10-20 06:17:37,71000.0,500.0,598000.0
367,2021-10-20 06:17:27,71000.0,200.0,597500.0
368,2021-10-20 06:17:20,71000.0,200.0,597300.0
369,2021-10-20 06:16:46,71000.0,200.0,597100.0
370,2021-10-20 06:16:42,71000.0,100.0,596900.0
371,2021-10-20 06:16:36,71000.0,100.0,596800.0
372,2021-10-20 06:14:00,71000.0,700.0,596700.0
373,2021-10-20 06:14:00,71000.0,1300.0,596000.0
374,2021-10-20 06:14:00,71000.0,500.0,594700.0
375,2021-10-20 06:13:59,71300.0,200.0,594200.0
376,2021-10-20 06:13:23,71300.0,100.0,594000.0
377,2021-10-20 06:13:09,71200.0,100.0,593900.0
378,2021-10-20 06:13:09,71200.0,200.0,593800.0
379,2021-10-20 06:12:50,71200.0,200.0,593600.0
380,2021-10-20 06:12:38,71200.0,200.0,593400.0
381,2021-10-20 06:12:28,71200.0,100.0,593200.0
382,2021-10-20 06:12:28,71200.0,100.0,593100.0
383,2021-10-20 06:12:19,71200.0,200.0,593000.0
384,2021-10-20 06:12:00,71200.0,100.0,592800.0
385,2021-10-20 06:11:49,71200.0,200.0,592700.0
386,2021-10-20 06:10:04,71200.0,200.0,592500.0
387,2021-10-20 06:09:49,71200.0,200.0,592300.0
388,2021-10-20 06:09:38,71200.0,100.0,592100.0
389,2021-10-20 06:08:35,71300.0,300.0,592000.0
390,2021-10-20 06:08:20,71300.0,100.0,591700.0
391,2021-10-20 06:08:20,71000.0,100.0,591600.0
392,2021-10-20 06:07:58,71000.0,100.0,591500.0
393,2021-10-20 06:07:58,71000.0,100.0,591400.0
394,2021-10-20 06:07:57,71300.0,600.0,591300.0
395,2021-10-20 06:07:45,71300.0,300.0,590700.0
396,2021-10-20 06:07:28,71300.0,300.0,590400.0
397,2021-10-20 06:07:19,71300.0,100.0,590100.0
398,2021-10-20 06:07:19,71300.0,100.0,590000.0
399,2021-10-20 06:07:11,71300.0,200.0,589900.0
400,2021-10-20 06:06:46,71300.0,200.0,589700.0
401,2021-10-20 06:06:46,71300.0,100.0,589500.0
402,2021-10-20 06:06:42,70900.0,1000.0,589400.0
403,2021-10-20 06:06:42,70900.0,1000.0,588400.0
404,2021-10-20 06:06:17,71300.0,500.0,587400.0
405,2021-10-20 06:06:08,71300.0,100.0,586900.0
406,2021-10-20 06:05:57,71300.0,100.0,586800.0
407,2021-10-20 06:05:57,71300.0,100.0,586700.0
408,2021-10-20 06:05:46,71300.0,300.0,586600.0
409,2021-10-20 06:05:28,71300.0,200.0,586300.0
410,2021-10-20 06:05:15,71300.0,200.0,586100.0
411,2021-10-20 06:05:05,71300.0,200.0,585900.0
412,2021-10-20 06:05:05,71300.0,300.0,585700.0
413,2021-10-20 06:05:00,70900.0,4000.0,585400.0
414,2021-10-20 06:04:55,71300.0,100.0,581400.0
415,2021-10-20 06:04:46,71300.0,200.0,581300.0
416,2021-10-20 06:04:35,71300.0,300.0,581100.0
417,2021-10-20 06:04:14,71300.0,300.0,580800.0
418,2021-10-20 06:04:02,71300.0,100.0,580500.0
419,2021-10-20 06:03:50,71300.0,200.0,580400.0
420,2021-10-20 06:03:46,70500.0,2000.0,580200.0
421,2021-10-20 06:03:46,70500.0,2000.0,578200.0
422,2021-10-20 06:03:44,71300.0,100.0,576200.0
423,2021-10-20 06:03:34,70500.0,5000.0,576100.0
424,2021-10-20 06:03:29,70500.0,500.0,571100.0
425,2021-10-20 06:03:29,70500.0,700.0,570600.0
426,2021-10-20 06:03:29,70500.0,100.0,569900.0
427,2021-10-20 06:03:29,70500.0,500.0,569800.0
428,2021-10-20 06:03:29,70600.0,100.0,569300.0
429,2021-10-20 06:03:29,70600.0,100.0,569200.0
430,2021-10-20 06:03:02,70700.0,200.0,569100.0
431,2021-10-20 06:02:51,70700.0,200.0,568900.0
432,2021-10-20 06:02:51,70700.0,200.0,568700.0
433,2021-10-20 06:02:51,70700.0,200.0,568500.0
434,2021-10-20 06:02:51,70700.0,100.0,568300.0
435,2021-10-20 06:02:11,70700.0,200.0,568200.0
436,2021-10-20 06:02:11,71200.0,500.0,568000.0
437,2021-10-20 06:02:11,71200.0,300.0,567500.0
438,2021-10-20 06:00:00,71200.0,200.0,567200.0
439,2021-10-20 04:29:32,71300.0,100.0,567000.0
440,2021-10-20 04:29:23,71300.0,100.0,566900.0
441,2021-10-20 04:29:09,71200.0,300.0,566800.0
442,2021-10-20 04:28:58,71200.0,200.0,566500.0
443,2021-10-20 04:27:36,71300.0,300.0,566300.0
444,2021-10-20 04:27:30,70600.0,900.0,566000.0
445,2021-10-20 04:27:30,70600.0,600.0,565100.0
446,2021-10-20 04:27:30,70600.0,300.0,564500.0
447,2021-10-20 04:27:30,71000.0,200.0,564200.0
448,2021-10-20 04:27:21,71300.0,600.0,564000.0
449,2021-10-20 04:26:59,71300.0,100.0,563400.0
450,2021-10-20 04:26:58,71300.0,200.0,563300.0
451,2021-10-20 04:26:48,71300.0,100.0,563100.0
452,2021-10-20 04:26:48,71300.0,100.0,563000.0
453,2021-10-20 04:25:10,71300.0,200.0,562900.0
454,2021-10-20 04:25:00,71300.0,100.0,562700.0
455,2021-10-20 04:24:23,70500.0,1500.0,562600.0
456,2021-10-20 04:24:16,71300.0,100.0,561100.0
457,2021-10-20 04:24:04,71300.0,200.0,561000.0
458,2021-10-20 04:24:00,70400.0,1900.0,560800.0
459,2021-10-20 04:24:00,70400.0,700.0,558900.0
460,2021-10-20 04:24:00,70400.0,1000.0,558200.0
461,2021-10-20 04:24:00,70400.0,1000.0,557200.0
462,2021-10-20 04:24:00,70400.0,100.0,556200.0
463,2021-10-20 04:24:00,70400.0,200.0,556100.0
464,2021-10-20 04:24:00,70400.0,1000.0,555900.0
465,2021-10-20 04:24:00,70400.0,400.0,554900.0
466,2021-10-20 04:24:00,70400.0,2800.0,554500.0
467,2021-10-20 04:24:00,70500.0,300.0,551700.0
468,2021-10-20 04:24:00,70500.0,600.0,551400.0
469,2021-10-20 04:23:48,70500.0,1000.0,550800.0
470,2021-10-20 04:23:41,71300.0,300.0,549800.0
471,2021-10-20 04:23:41,71300.0,200.0,549500.0
472,2021-10-20 04:21:30,71300.0,200.0,549300.0
473,2021-10-20 04:21:16,71300.0,100.0,549100.0
474,2021-10-20 04:20:24,70500.0,2900.0,549000.0
475,2021-10-20 04:20:24,70500.0,1000.0,546100.0
476,2021-10-20 04:20:24,70500.0,600.0,545100.0
477,2021-10-20 04:20:24,70600.0,500.0,544500.0
478,2021-10-20 04:20:16,70500.0,9400.0,544000.0
479,2021-10-20 04:20:16,70500.0,600.0,534600.0
480,2021-10-20 04:20:15,70500.0,500.0,534000.0
481,2021-10-20 04:19:59,71300.0,100.0,533500.0
482,2021-10-20 04:19:59,71200.0,100.0,533400.0
483,2021-10-20 04:19:58,70500.0,500.0,533300.0
484,2021-10-20 04:19:46,71200.0,100.0,532800.0
485,2021-10-20 04:19:46,71200.0,200.0,532700.0
486,2021-10-20 04:19:46,71200.0,100.0,532500.0
487,2021-10-20 04:19:32,71200.0,100.0,532400.0
488,2021-10-20 04:19:23,70500.0,5000.0,532300.0
489,2021-10-20 04:19:15,71200.0,100.0,527300.0
490,2021-10-20 04:18:47,70500.0,3400.0,527200.0
491,2021-10-20 04:18:47,70500.0,5000.0,523800.0
492,2021-10-20 04:18:47,70500.0,100.0,518800.0
493,2021-10-20 04:18:47,70500.0,1500.0,518700.0
494,2021-10-20 04:18:19,71200.0,200.0,517200.0
495,2021-10-20 04:18:09,71200.0,200.0,517000.0
496,2021-10-20 04:17:58,70500.0,2000.0,516800.0
497,2021-10-20 04:17:58,71200.0,200.0,514800.0
498,2021-10-20 04:17:47,70500.0,1000.0,514600.0
499,2021-10-20 04:17:47,70500.0,1000.0,513600.0
500,2021-10-20 04:17:27,71200.0,100.0,512600.0
501,2021-10-20 04:16:56,71200.0,100.0,512500.0
502,2021-10-20 04:16:44,71200.0,200.0,512400.0
503,2021-10-20 04:16:40,70500.0,9000.0,512200.0
504,2021-10-20 04:16:32,71200.0,200.0,503200.0
505,2021-10-20 04:14:39,70400.0,200.0,503000.0
506,2021-10-20 04:14:39,70400.0,200.0,502800.0
507,2021-10-20 04:14:39,70400.0,1000.0,502600.0
508,2021-10-20 04:14:39,70400.0,200.0,501600.0
509,2021-10-20 04:14:39,70400.0,3000.0,501400.0
510,2021-10-20 04:14:39,70400.0,2500.0,498400.0
511,2021-10-20 04:14:39,70400.0,2500.0,495900.0
512,2021-10-20 04:14:39,70500.0,400.0,493400.0
513,2021-10-20 04:14:15,70500.0,2000.0,493000.0
514,2021-10-20 04:11:00,70400.0,7500.0,491000.0
515,2021-10-20 04:11:00,70400.0,10000.0,483500.0
516,2021-10-20 04:11:00,70400.0,100.0,473500.0
517,2021-10-20 04:11:00,70400.0,400.0,473400.0
518,2021-10-20 04:11:00,70400.0,1100.0,473000.0
519,2021-10-20 04:11:00,70400.0,1000.0,471900.0
520,2021-10-20 04:11:00,70400.0,2000.0,470900.0
521,2021-10-20 04:11:00,70400.0,300.0,468900.0
522,2021-10-20 04:11:00,70400.0,100.0,468600.0
523,2021-10-20 04:11:00,70400.0,1000.0,468500.0
524,2021-10-20 04:11:00,70400.0,500.0,467500.0
525,2021-10-20 04:11:00,70400.0,500.0,467000.0
526,2021-10-20 04:11:00,70400.0,2000.0,466500.0
527,2021-10-20 04:11:00,70400.0,2000.0,464500.0
528,2021-10-20 04:11:00,70400.0,100.0,462500.0
529,2021-10-20 04:11:00,70400.0,2400.0,462400.0
530,2021-10-20 04:11:00,70500.0,1000.0,460000.0
531,2021-10-20 04:11:00,70500.0,1000.0,459000.0
532,2021-10-20 04:11:00,70500.0,100.0,458000.0
533,2021-10-20 04:11:00,70500.0,1700.0,457900.0
534,2021-10-20 04:11:00,70600.0,200.0,456200.0
535,2021-10-20 04:09:50,71400.0,300.0,456000.0
536,2021-10-20 04:09:26,71400.0,200.0,455700.0
537,2021-10-20 04:08:38,71400.0,100.0,455500.0
538,2021-10-20 04:08:30,71400.0,300.0,455400.0
539,2021-10-20 04:08:12,71300.0,200.0,455100.0
540,2021-10-20 04:07:43,71400.0,100.0,454900.0
541,2021-10-20 04:07:39,71400.0,200.0,454800.0
542,2021-10-20 04:07:37,70500.0,300.0,454600.0
543,2021-10-20 04:07:37,70500.0,1000.0,454300.0
544,2021-10-20 04:07:37,70500.0,100.0,453300.0
545,2021-10-20 04:07:37,70500.0,2900.0,453200.0
546,2021-10-20 04:07:37,70600.0,400.0,450300.0
547,2021-10-20 04:07:37,70600.0,200.0,449900.0
548,2021-10-20 04:07:37,70600.0,100.0,449700.0
549,2021-10-20 04:07:33,71400.0,100.0,449600.0
550,2021-10-20 04:06:15,71400.0,200.0,449500.0
551,2021-10-20 04:05:55,70600.0,3700.0,449300.0
552,2021-10-20 04:05:55,70600.0,300.0,445600.0
553,2021-10-20 04:05:27,71400.0,200.0,445300.0
554,2021-10-20 04:05:23,70500.0,2100.0,445100.0
555,2021-10-20 04:05:23,70500.0,2300.0,443000.0
556,2021-10-20 04:05:23,70600.0,100.0,440700.0
557,2021-10-20 04:05:23,70600.0,500.0,440600.0
558,2021-10-20 04:05:18,71400.0,500.0,440100.0
559,2021-10-20 04:05:06,71400.0,300.0,439600.0
560,2021-10-20 04:04:56,71400.0,200.0,439300.0
561,2021-10-20 04:04:49,71400.0,100.0,439100.0
562,2021-10-20 04:04:18,71400.0,200.0,439000.0
563,2021-10-20 04:04:12,71400.0,100.0,438800.0
564,2021-10-20 04:04:04,70600.0,500.0,438700.0
565,2021-10-20 04:04:04,70600.0,400.0,438200.0
566,2021-10-20 04:04:04,70600.0,100.0,437800.0
567,2021-10-20 04:03:48,71400.0,300.0,437700.0
568,2021-10-20 04:03:34,71400.0,200.0,437400.0
569,2021-10-20 04:03:22,71400.0,500.0,437200.0
570,2021-10-20 04:03:11,71400.0,300.0,436700.0
571,2021-10-20 04:03:10,70500.0,3500.0,436400.0
572,2021-10-20 04:03:10,70500.0,400.0,432900.0
573,2021-10-20 04:03:10,70500.0,200.0,432500.0
574,2021-10-20 04:03:10,70500.0,900.0,432300.0
575,2021-10-20 04:02:59,71400.0,800.0,431400.0
576,2021-10-20 04:02:59,71400.0,200.0,430600.0
577,2021-10-20 04:02:58,70500.0,2100.0,430400.0
578,2021-10-20 04:02:58,70500.0,100.0,428300.0
579,2021-10-20 04:02:58,70500.0,100.0,428200.0
580,2021-10-20 04:02:58,70500.0,2500.0,428100.0
581,2021-10-20 04:02:58,70700.0,200.0,425600.0
582,2021-10-20 04:02:39,71400.0,200.0,425400.0
583,2021-10-20 04:02:32,71400.0,200.0,425200.0
584,2021-10-20 04:01:27,70500.0,2500.0,425000.0
585,2021-10-20 04:01:27,70500.0,100.0,422500.0
586,2021-10-20 04:01:27,70600.0,200.0,422400.0
587,2021-10-20 04:01:27,70600.0,200.0,422200.0
588,2021-10-20 04:01:26,71400.0,100.0,422000.0
589,2021-10-20 04:01:14,71300.0,100.0,421900.0
590,2021-10-20 04:01:14,71300.0,100.0,421800.0
591,2021-10-20 04:01:04,71300.0,200.0,421700.0
592,2021-10-20 04:00:54,71300.0,300.0,421500.0
593,2021-10-20 04:00:44,71300.0,200.0,421200.0
594,2021-10-20 04:00:42,70500.0,400.0,421000.0
595,2021-10-20 04:00:42,70500.0,100.0,420600.0
596,2021-10-20 04:00:42,70500.0,200.0,420500.0
597,2021-10-20 04:00:42,70500.0,100.0,420300.0
598,2021-10-20 04:00:42,70500.0,3000.0,420200.0
599,2021-10-20 04:00:42,70500.0,700.0,417200.0
600,2021-10-20 04:00:42,70500.0,300.0,416500.0
601,2021-10-20 04:00:42,70800.0,200.0,416200.0
602,2021-10-20 04:00:35,71300.0,200.0,416000.0
603,2021-10-20 04:00:13,71300.0,200.0,415800.0
604,2021-10-20 04:00:13,71300.0,100.0,415600.0
605,2021-10-20 04:00:07,71300.0,100.0,415500.0
606,2021-10-20 04:00:04,70500.0,200.0,415400.0
607,2021-10-20 04:00:04,70500.0,1000.0,415200.0
608,2021-10-20 04:00:04,70500.0,100.0,414200.0
609,2021-10-20 04:00:04,70500.0,100.0,414100.0
610,2021-10-20 04:00:04,70500.0,2900.0,414000.0
611,2021-10-20 04:00:04,70600.0,200.0,411100.0
612,2021-10-20 04:00:04,70600.0,500.0,410900.0
613,2021-10-20 04:00:02,71300.0,200.0,410400.0
614,2021-10-20 03:59:49,71300.0,100.0,410200.0
615,2021-10-20 03:59:42,71200.0,100.0,410100.0
616,2021-10-20 03:59:42,71200.0,100.0,410000.0
617,2021-10-20 03:59:26,70600.0,800.0,409900.0
618,2021-10-20 03:59:26,70800.0,200.0,409100.0
619,2021-10-20 03:59:24,71200.0,200.0,408900.0
620,2021-10-20 03:59:15,71200.0,100.0,408700.0
621,2021-10-20 03:58:21,71300.0,200.0,408600.0
622,2021-10-20 03:58:09,71300.0,200.0,408400.0
623,2021-10-20 03:57:03,71300.0,200.0,408200.0
624,2021-10-20 03:56:55,70600.0,3000.0,408000.0
625,2021-10-20 03:56:50,71300.0,100.0,405000.0
626,2021-10-20 03:56:44,71300.0,100.0,404900.0
627,2021-10-20 03:56:28,70500.0,2100.0,404800.0
628,2021-10-20 03:56:28,70500.0,200.0,402700.0
629,2021-10-20 03:56:28,70500.0,1100.0,402500.0
630,2021-10-20 03:56:28,71000.0,1000.0,401400.0
631,2021-10-20 03:56:28,71000.0,500.0,400400.0
632,2021-10-20 03:56:28,71200.0,100.0,399900.0
633,2021-10-20 03:56:09,71400.0,100.0,399800.0
634,2021-10-20 03:55:47,71400.0,300.0,399700.0
635,2021-10-20 03:55:37,71400.0,200.0,399400.0
636,2021-10-20 03:55:30,71400.0,100.0,399200.0
637,2021-10-20 03:55:27,71000.0,100.0,399100.0
638,2021-10-20 03:55:18,71000.0,200.0,399000.0
639,2021-10-20 03:55:02,71000.0,200.0,398800.0
640,2021-10-20 03:54:54,71400.0,400.0,398600.0
641,2021-10-20 03:54:45,71400.0,1000.0,398200.0
642,2021-10-20 03:54:45,71400.0,1000.0,397200.0
643,2021-10-20 03:54:45,71400.0,100.0,396200.0
644,2021-10-20 03:54:45,71400.0,1000.0,396100.0
645,2021-10-20 03:54:45,71400.0,100.0,395100.0
646,2021-10-20 03:54:45,71400.0,500.0,395000.0
647,2021-10-20 03:54:45,71400.0,900.0,394500.0
648,2021-10-20 03:54:10,70500.0,3900.0,393600.0
649,2021-10-20 03:54:10,70500.0,500.0,389700.0
650,2021-10-20 03:54:10,70500.0,1000.0,389200.0
651,2021-10-20 03:54:10,70500.0,4300.0,388200.0
652,2021-10-20 03:54:10,70500.0,200.0,383900.0
653,2021-10-20 03:54:10,70500.0,1100.0,383700.0
654,2021-10-20 03:54:10,70500.0,100.0,382600.0
655,2021-10-20 03:54:10,70600.0,2000.0,382500.0
656,2021-10-20 03:54:10,71000.0,500.0,380500.0
657,2021-10-20 03:54:10,71000.0,500.0,380000.0
658,2021-10-20 03:54:10,71000.0,900.0,379500.0
659,2021-10-20 03:54:00,71400.0,100.0,378600.0
660,2021-10-20 03:54:00,71400.0,100.0,378500.0
661,2021-10-20 03:53:42,71100.0,1200.0,378400.0
662,2021-10-20 03:53:42,71100.0,800.0,377200.0
663,2021-10-20 03:53:28,71400.0,1900.0,376400.0
664,2021-10-20 03:53:28,71400.0,100.0,374500.0
665,2021-10-20 03:52:49,71400.0,100.0,374400.0
666,2021-10-20 03:52:48,71400.0,500.0,374300.0
667,2021-10-20 03:52:16,71400.0,1000.0,373800.0
668,2021-10-20 03:52:08,71400.0,1000.0,372800.0
669,2021-10-20 03:51:59,71400.0,400.0,371800.0
670,2021-10-20 03:51:59,71400.0,900.0,371400.0
671,2021-10-20 03:51:58,71400.0,500.0,370500.0
672,2021-10-20 03:51:58,71000.0,1000.0,370000.0
673,2021-10-20 03:51:54,71400.0,1600.0,369000.0
674,2021-10-20 03:51:54,71400.0,400.0,367400.0
675,2021-10-20 03:51:50,71400.0,600.0,367000.0
676,2021-10-20 03:51:50,71400.0,9400.0,366400.0
677,2021-10-20 03:51:32,71400.0,500.0,357000.0
678,2021-10-20 03:51:31,71400.0,2000.0,356500.0
679,2021-10-20 03:51:28,71400.0,7000.0,354500.0
680,2021-10-20 03:51:23,71400.0,3000.0,347500.0
681,2021-10-20 03:51:17,71400.0,5000.0,344500.0
682,2021-10-20 03:50:48,71400.0,500.0,339500.0
683,2021-10-20 03:50:27,71400.0,10000.0,339000.0
684,2021-10-20 03:50:08,71400.0,10000.0,329000.0
685,2021-10-20 03:49:54,71400.0,9300.0,319000.0
686,2021-10-20 03:49:54,71300.0,100.0,309700.0
687,2021-10-20 03:49:54,71300.0,100.0,309600.0
688,2021-10-20 03:49:54,71300.0,500.0,309500.0
689,2021-10-20 03:49:40,71000.0,1500.0,309000.0
690,2021-10-20 03:49:40,71000.0,500.0,307500.0
691,2021-10-20 03:49:18,71300.0,500.0,307000.0
692,2021-10-20 03:49:07,71400.0,2000.0,306500.0
693,2021-10-20 03:48:47,71000.0,500.0,304500.0
694,2021-10-20 03:48:38,71000.0,400.0,304000.0
695,2021-10-20 03:48:38,71400.0,4200.0,303600.0
696,2021-10-20 03:48:38,71100.0,800.0,299400.0
697,2021-10-20 03:48:19,71100.0,200.0,298600.0
698,2021-10-20 03:48:18,71100.0,2000.0,298400.0
699,2021-10-20 03:47:59,71400.0,500.0,296400.0
700,2021-10-20 03:47:49,71400.0,2000.0,295900.0
701,2021-10-20 03:47:30,71400.0,1000.0,293900.0
702,2021-10-20 03:47:29,71000.0,1000.0,292900.0
703,2021-10-20 03:47:05,71400.0,2000.0,291900.0
704,2021-10-20 03:46:51,71000.0,1000.0,289900.0
705,2021-10-20 03:46:40,71000.0,1000.0,288900.0
706,2021-10-20 03:46:34,71400.0,4900.0,287900.0
707,2021-10-20 03:46:34,71300.0,100.0,283000.0
708,2021-10-20 03:46:33,71000.0,600.0,282900.0
709,2021-10-20 03:46:33,71000.0,300.0,282300.0
710,2021-10-20 03:46:33,71100.0,100.0,282000.0
711,2021-10-20 03:46:03,71400.0,4000.0,281900.0
712,2021-10-20 03:46:03,71300.0,1000.0,277900.0
713,2021-10-20 03:45:53,71400.0,2000.0,276900.0
714,2021-10-20 03:45:45,71400.0,700.0,274900.0
715,2021-10-20 03:45:45,71400.0,2800.0,274200.0
716,2021-10-20 03:45:45,71400.0,1000.0,271400.0
717,2021-10-20 03:45:45,71400.0,500.0,270400.0
718,2021-10-20 03:45:38,71100.0,1800.0,269900.0
719,2021-10-20 03:45:32,71400.0,500.0,268100.0
720,2021-10-20 03:45:32,71300.0,300.0,267600.0
721,2021-10-20 03:45:32,71300.0,1000.0,267300.0
722,2021-10-20 03:45:32,71300.0,1000.0,266300.0
723,2021-10-20 03:45:32,71300.0,300.0,265300.0
724,2021-10-20 03:45:32,71300.0,1000.0,265000.0
725,2021-10-20 03:45:32,71300.0,100.0,264000.0
726,2021-10-20 03:45:32,71200.0,800.0,263900.0
727,2021-10-20 03:45:32,71200.0,1000.0,263100.0
728,2021-10-20 03:45:32,71200.0,200.0,262100.0
729,2021-10-20 03:45:32,71200.0,500.0,261900.0
730,2021-10-20 03:45:32,71200.0,500.0,261400.0
731,2021-10-20 03:45:32,71200.0,200.0,260900.0
732,2021-10-20 03:45:32,71200.0,1000.0,260700.0
733,2021-10-20 03:45:32,71200.0,100.0,259700.0
734,2021-10-20 03:45:32,71200.0,1000.0,259600.0
735,2021-10-20 03:45:32,71200.0,100.0,258600.0
736,2021-10-20 03:45:32,71200.0,400.0,258500.0
737,2021-10-20 03:45:21,71100.0,100.0,258100.0
738,2021-10-20 03:44:28,71200.0,500.0,258000.0
739,2021-10-20 03:44:23,71000.0,1000.0,257500.0
740,2021-10-20 03:44:12,71100.0,500.0,256500.0
741,2021-10-20 03:44:10,71100.0,500.0,256000.0
742,2021-10-20 03:43:57,71100.0,1000.0,255500.0
743,2021-10-20 03:43:53,71000.0,1000.0,254500.0
744,2021-10-20 03:43:41,71000.0,6600.0,253500.0
745,2021-10-20 03:43:41,71000.0,200.0,246900.0
746,2021-10-20 03:43:41,71000.0,900.0,246700.0
747,2021-10-20 03:43:09,71000.0,100.0,245800.0
748,2021-10-20 03:43:09,71000.0,100.0,245700.0
749,2021-10-20 03:43:09,71000.0,100.0,245600.0
750,2021-10-20 03:43:09,71000.0,100.0,245500.0
751,2021-10-20 03:43:09,71000.0,1000.0,245400.0
752,2021-10-20 03:43:09,71000.0,500.0,244400.0
753,2021-10-20 03:43:09,71000.0,100.0,243900.0
754,2021-10-20 03:42:53,70500.0,200.0,243800.0
755,2021-10-20 03:42:53,70500.0,500.0,243600.0
756,2021-10-20 03:42:53,70500.0,1300.0,243100.0
757,2021-10-20 03:42:33,70500.0,700.0,241800.0
758,2021-10-20 03:42:33,70500.0,2000.0,241100.0
759,2021-10-20 03:42:33,70500.0,200.0,239100.0
760,2021-10-20 03:42:33,70500.0,800.0,238900.0
761,2021-10-20 03:42:33,70500.0,700.0,238100.0
762,2021-10-20 03:42:33,70600.0,600.0,237400.0
763,2021-10-20 03:42:16,71000.0,900.0,236800.0
764,2021-10-20 03:42:16,71000.0,100.0,235900.0
765,2021-10-20 03:42:16,71000.0,100.0,235800.0
766,2021-10-20 03:42:16,71000.0,400.0,235700.0
767,2021-10-20 03:42:16,70900.0,500.0,235300.0
768,2021-10-20 03:42:05,71000.0,2000.0,234800.0
769,2021-10-20 03:41:48,71000.0,1000.0,232800.0
770,2021-10-20 03:41:36,71000.0,800.0,231800.0
771,2021-10-20 03:41:27,71000.0,100.0,231000.0
772,2021-10-20 03:41:27,71000.0,100.0,230900.0
773,2021-10-20 03:41:27,71000.0,400.0,230800.0
774,2021-10-20 03:41:16,71000.0,500.0,230400.0
775,2021-10-20 03:41:08,71000.0,100.0,229900.0
776,2021-10-20 03:40:38,71000.0,500.0,229800.0
777,2021-10-20 03:40:23,71000.0,500.0,229300.0
778,2021-10-20 03:40:23,70900.0,1500.0,228800.0
779,2021-10-20 03:40:22,70900.0,500.0,227300.0
780,2021-10-20 03:40:11,71000.0,500.0,226800.0
781,2021-10-20 03:40:00,71000.0,600.0,226300.0
782,2021-10-20 03:40:00,71000.0,4400.0,225700.0
783,2021-10-20 03:39:50,70900.0,500.0,221300.0
784,2021-10-20 03:39:29,71000.0,2600.0,220800.0
785,2021-10-20 03:39:29,70900.0,500.0,218200.0
786,2021-10-20 03:39:29,70900.0,1400.0,217700.0
787,2021-10-20 03:39:29,70900.0,500.0,216300.0
788,2021-10-20 03:39:18,70900.0,500.0,215800.0
789,2021-10-20 03:39:06,70900.0,1000.0,215300.0
790,2021-10-20 03:37:51,70900.0,500.0,214300.0
791,2021-10-20 03:37:31,70600.0,100.0,213800.0
792,2021-10-20 03:37:31,70600.0,300.0,213700.0
793,2021-10-20 03:37:12,70500.0,300.0,213400.0
794,2021-10-20 03:37:00,70500.0,300.0,213100.0
795,2021-10-20 03:36:51,70500.0,200.0,212800.0
796,2021-10-20 03:36:14,70500.0,1000.0,212600.0
797,2021-10-20 03:35:38,70500.0,700.0,211600.0
798,2021-10-20 03:35:38,70500.0,300.0,210900.0
799,2021-10-20 03:35:28,70400.0,4600.0,210600.0
800,2021-10-20 03:35:28,70400.0,200.0,206000.0
801,2021-10-20 03:35:28,70400.0,200.0,205800.0
802,2021-10-20 03:35:23,70500.0,100.0,205600.0
803,2021-10-20 03:34:30,70500.0,900.0,205500.0
804,2021-10-20 03:34:27,70500.0,100.0,204600.0
805,2021-10-20 03:34:27,70500.0,3600.0,204500.0
806,2021-10-20 03:33:51,70500.0,400.0,200900.0
807,2021-10-20 03:33:14,70500.0,500.0,200500.0
808,2021-10-20 03:32:50,70500.0,500.0,200000.0
809,2021-10-20 03:30:58,70500.0,300.0,199500.0
810,2021-10-20 03:30:58,70500.0,100.0,199200.0
811,2021-10-20 03:30:58,70500.0,300.0,199100.0
812,2021-10-20 03:27:18,70600.0,100.0,198800.0
813,2021-10-20 03:27:18,70600.0,800.0,198700.0
814,2021-10-20 03:26:11,70600.0,200.0,197900.0
815,2021-10-20 03:26:01,70900.0,1000.0,197700.0
816,2021-10-20 03:25:19,71000.0,500.0,196700.0
817,2021-10-20 03:24:57,71000.0,200.0,196200.0
818,2021-10-20 03:24:57,71000.0,100.0,196000.0
819,2021-10-20 03:24:57,71000.0,100.0,195900.0
820,2021-10-20 03:24:57,71000.0,100.0,195800.0
821,2021-10-20 03:24:40,71000.0,400.0,195700.0
822,2021-10-20 03:24:40,71000.0,300.0,195300.0
823,2021-10-20 03:24:40,71000.0,300.0,195000.0
824,2021-10-20 03:24:35,71000.0,700.0,194700.0
825,2021-10-20 03:24:35,71000.0,900.0,194000.0
826,2021-10-20 03:24:35,70900.0,500.0,193100.0
827,2021-10-20 03:24:20,70900.0,100.0,192600.0
828,2021-10-20 03:24:20,70900.0,900.0,192500.0
829,2021-10-20 03:23:51,70900.0,100.0,191600.0
830,2021-10-20 03:23:51,70900.0,500.0,191500.0
831,2021-10-20 03:23:38,70900.0,100.0,191000.0
832,2021-10-20 03:23:26,70900.0,400.0,190900.0
833,2021-10-20 03:23:26,70900.0,600.0,190500.0
834,2021-10-20 03:23:14,70400.0,100.0,189900.0
835,2021-10-20 03:23:11,70400.0,900.0,189800.0
836,2021-10-20 03:23:11,70400.0,100.0,188900.0
837,2021-10-20 03:23:07,70900.0,1200.0,188800.0
838,2021-10-20 03:22:57,70900.0,1000.0,187600.0
839,2021-10-20 03:22:38,70400.0,400.0,186600.0
840,2021-10-20 03:22:36,70400.0,2000.0,186200.0
841,2021-10-20 03:22:10,70400.0,4000.0,184200.0
842,2021-10-20 03:22:03,70400.0,3500.0,180200.0
843,2021-10-20 03:22:03,70400.0,300.0,176700.0
844,2021-10-20 03:22:03,70400.0,800.0,176400.0
845,2021-10-20 03:22:03,70400.0,400.0,175600.0
846,2021-10-20 03:21:40,70900.0,500.0,175200.0
847,2021-10-20 03:21:11,70400.0,1700.0,174700.0
848,2021-10-20 03:21:11,70400.0,100.0,173000.0
849,2021-10-20 03:21:11,70400.0,200.0,172900.0
850,2021-10-20 03:21:11,70400.0,100.0,172700.0
851,2021-10-20 03:21:11,70400.0,500.0,172600.0
852,2021-10-20 03:21:11,70400.0,1400.0,172100.0
853,2021-10-20 03:20:12,70400.0,3600.0,170700.0
854,2021-10-20 03:20:12,70400.0,1000.0,167100.0
855,2021-10-20 03:20:12,70400.0,300.0,166100.0
856,2021-10-20 03:20:12,70500.0,100.0,165800.0
857,2021-10-20 03:19:53,70400.0,200.0,165700.0
858,2021-10-20 03:19:53,70400.0,1200.0,165500.0
859,2021-10-20 03:19:53,70500.0,100.0,164300.0
860,2021-10-20 03:19:52,70900.0,600.0,164200.0
861,2021-10-20 03:19:37,70900.0,1000.0,163600.0
862,2021-10-20 03:19:31,70800.0,300.0,162600.0
863,2021-10-20 03:19:26,70900.0,100.0,162300.0
864,2021-10-20 03:19:26,70900.0,400.0,162200.0
865,2021-10-20 03:19:18,70900.0,1400.0,161800.0
866,2021-10-20 03:19:18,70900.0,200.0,160400.0
867,2021-10-20 03:19:18,70900.0,100.0,160200.0
868,2021-10-20 03:19:18,70900.0,300.0,160100.0
869,2021-10-20 03:19:11,70900.0,1000.0,159800.0
870,2021-10-20 03:18:31,70800.0,700.0,158800.0
871,2021-10-20 03:18:05,70800.0,1000.0,158100.0
872,2021-10-20 03:17:23,70800.0,500.0,157100.0
873,2021-10-20 03:17:02,70800.0,500.0,156600.0
874,2021-10-20 03:16:48,70500.0,900.0,156100.0
875,2021-10-20 03:16:48,70500.0,200.0,155200.0
876,2021-10-20 03:16:48,70600.0,100.0,155000.0
877,2021-10-20 03:16:12,70800.0,1000.0,154900.0
878,2021-10-20 03:15:59,70800.0,700.0,153900.0
879,2021-10-20 03:15:49,70800.0,600.0,153200.0
880,2021-10-20 03:15:40,70800.0,500.0,152600.0
881,2021-10-20 03:14:51,70800.0,200.0,152100.0
882,2021-10-20 03:14:38,70700.0,400.0,151900.0
883,2021-10-20 03:14:31,70800.0,300.0,151500.0
884,2021-10-20 03:14:11,70800.0,200.0,151200.0
885,2021-10-20 03:14:11,70800.0,200.0,151000.0
886,2021-10-20 03:13:54,70800.0,300.0,150800.0
887,2021-10-20 03:13:43,70800.0,500.0,150500.0
888,2021-10-20 03:12:49,70800.0,200.0,150000.0
889,2021-10-20 03:12:36,70800.0,400.0,149800.0
890,2021-10-20 03:12:24,70800.0,400.0,149400.0
891,2021-10-20 03:12:03,70800.0,500.0,149000.0
892,2021-10-20 03:11:50,70700.0,100.0,148500.0
893,2021-10-20 03:11:38,70600.0,100.0,148400.0
894,2021-10-20 03:11:36,70600.0,300.0,148300.0
895,2021-10-20 03:11:33,70400.0,1800.0,148000.0
896,2021-10-20 03:11:33,70400.0,500.0,146200.0
897,2021-10-20 03:11:33,70500.0,200.0,145700.0
898,2021-10-20 03:11:26,70500.0,300.0,145500.0
899,2021-10-20 03:11:01,70400.0,600.0,145200.0
900,2021-10-20 03:11:01,70400.0,3400.0,144600.0
901,2021-10-20 03:10:13,70400.0,1600.0,141200.0
902,2021-10-20 03:10:13,70400.0,200.0,139600.0
903,2021-10-20 03:10:13,70400.0,1100.0,139400.0
904,2021-10-20 03:10:13,70500.0,100.0,138300.0
905,2021-10-20 03:09:48,70600.0,200.0,138200.0
906,2021-10-20 03:09:48,70600.0,800.0,138000.0
907,2021-10-20 03:09:44,70400.0,700.0,137200.0
908,2021-10-20 03:09:44,70500.0,100.0,136500.0
909,2021-10-20 03:09:44,70500.0,800.0,136400.0
910,2021-10-20 03:08:51,70500.0,200.0,135600.0
911,2021-10-20 03:08:17,70500.0,100.0,135400.0
912,2021-10-20 03:08:17,70500.0,100.0,135300.0
913,2021-10-20 03:08:17,70500.0,400.0,135200.0
914,2021-10-20 03:07:31,70600.0,100.0,134800.0
915,2021-10-20 03:07:14,70600.0,100.0,134700.0
916,2021-10-20 03:05:55,70500.0,600.0,134600.0
917,2021-10-20 03:05:55,70500.0,200.0,134000.0
918,2021-10-20 03:05:55,70500.0,100.0,133800.0
919,2021-10-20 03:05:55,70500.0,100.0,133700.0
920,2021-10-20 03:05:28,70500.0,300.0,133600.0
921,2021-10-20 03:05:28,70500.0,600.0,133300.0
922,2021-10-20 03:05:27,70500.0,1400.0,132700.0
923,2021-10-20 03:05:27,70500.0,100.0,131300.0
924,2021-10-20 03:04:30,70500.0,1100.0,131200.0
925,2021-10-20 03:04:30,70500.0,100.0,130100.0
926,2021-10-20 03:04:30,70500.0,800.0,130000.0
927,2021-10-20 03:03:40,70500.0,700.0,129200.0
928,2021-10-20 03:03:40,70500.0,300.0,128500.0
929,2021-10-20 03:03:37,70500.0,100.0,128200.0
930,2021-10-20 03:03:21,70500.0,600.0,128100.0
931,2021-10-20 03:03:21,70500.0,400.0,127500.0
932,2021-10-20 03:02:40,70500.0,600.0,127100.0
933,2021-10-20 03:02:40,70500.0,3000.0,126500.0
934,2021-10-20 03:02:40,70500.0,300.0,123500.0
935,2021-10-20 03:02:40,70500.0,100.0,123200.0
936,2021-10-20 03:02:40,70500.0,100.0,123100.0
937,2021-10-20 03:02:40,70500.0,100.0,123000.0
938,2021-10-20 03:02:40,70500.0,100.0,122900.0
939,2021-10-20 03:02:40,70500.0,700.0,122800.0
940,2021-10-20 03:01:09,70500.0,1300.0,122100.0
941,2021-10-20 03:01:09,70500.0,700.0,120800.0
942,2021-10-20 03:00:09,70700.0,200.0,120100.0
943,2021-10-20 03:00:05,70500.0,1000.0,119900.0
944,2021-10-20 02:59:50,70500.0,800.0,118900.0
945,2021-10-20 02:59:29,70500.0,500.0,118100.0
946,2021-10-20 02:59:29,70500.0,500.0,117600.0
947,2021-10-20 02:59:29,70500.0,1500.0,117100.0
948,2021-10-20 02:59:29,70500.0,100.0,115600.0
949,2021-10-20 02:59:29,70500.0,3000.0,115500.0
950,2021-10-20 02:59:29,70500.0,100.0,112500.0
951,2021-10-20 02:59:29,70500.0,300.0,112400.0
952,2021-10-20 02:59:19,70500.0,700.0,112100.0
953,2021-10-20 02:59:19,70500.0,100.0,111400.0
954,2021-10-20 02:59:19,70500.0,200.0,111300.0
955,2021-10-20 02:58:40,70500.0,200.0,111100.0
956,2021-10-20 02:58:40,70600.0,200.0,110900.0
957,2021-10-20 02:58:40,70600.0,100.0,110700.0
958,2021-10-20 02:56:50,70900.0,200.0,110600.0
959,2021-10-20 02:56:39,70900.0,100.0,110400.0
960,2021-10-20 02:56:02,70600.0,100.0,110300.0
961,2021-10-20 02:55:58,70500.0,1000.0,110200.0
962,2021-10-20 02:55:53,70500.0,1600.0,109200.0
963,2021-10-20 02:55:53,70500.0,1000.0,107600.0
964,2021-10-20 02:55:53,70500.0,1000.0,106600.0
965,2021-10-20 02:55:53,70500.0,1400.0,105600.0
966,2021-10-20 02:55:53,70600.0,100.0,104200.0
967,2021-10-20 02:55:37,70600.0,100.0,104100.0
968,2021-10-20 02:55:34,70500.0,300.0,104000.0
969,2021-10-20 02:55:34,70500.0,100.0,103700.0
970,2021-10-20 02:55:34,70500.0,100.0,103600.0
971,2021-10-20 02:55:34,70500.0,100.0,103500.0
972,2021-10-20 02:55:34,70500.0,5000.0,103400.0
973,2021-10-20 02:55:34,70500.0,100.0,98400.0
974,2021-10-20 02:55:34,70500.0,300.0,98300.0
975,2021-10-20 02:55:33,70600.0,100.0,98000.0
976,2021-10-20 02:55:16,70500.0,1000.0,97900.0
977,2021-10-20 02:55:13,70500.0,1200.0,96900.0
978,2021-10-20 02:55:04,70500.0,100.0,95700.0
979,2021-10-20 02:54:54,70600.0,200.0,95600.0
980,2021-10-20 02:54:38,70500.0,400.0,95400.0
981,2021-10-20 02:54:38,70500.0,100.0,95000.0
982,2021-10-20 02:54:38,70500.0,700.0,94900.0
983,2021-10-20 02:54:38,70500.0,1100.0,94200.0
984,2021-10-20 02:54:38,70600.0,200.0,93100.0
985,2021-10-20 02:54:20,70500.0,2100.0,92900.0
986,2021-10-20 02:53:29,70600.0,100.0,90800.0
987,2021-10-20 02:53:29,70600.0,100.0,90700.0
988,2021-10-20 02:53:27,70600.0,1400.0,90600.0
989,2021-10-20 02:53:27,70600.0,100.0,89200.0
990,2021-10-20 02:53:27,70600.0,500.0,89100.0
991,2021-10-20 02:52:35,70600.0,400.0,88600.0
992,2021-10-20 02:52:35,70600.0,100.0,88200.0
993,2021-10-20 02:51:27,70900.0,200.0,88100.0
994,2021-10-20 02:51:14,70900.0,200.0,87900.0
995,2021-10-20 02:51:08,70900.0,200.0,87700.0
996,2021-10-20 02:50:55,70900.0,300.0,87500.0
997,2021-10-20 02:50:28,70900.0,200.0,87200.0
998,2021-10-20 02:49:18,70900.0,200.0,87000.0
999,2021-10-20 02:48:57,70900.0,100.0,86800.0
1000,2021-10-20 02:48:35,70600.0,100.0,86700.0
1001,2021-10-20 02:48:20,70600.0,400.0,86600.0
1002,2021-10-20 02:48:20,70600.0,100.0,86200.0
1003,2021-10-20 02:48:20,70600.0,500.0,86100.0
1004,2021-10-20 02:47:33,70600.0,100.0,85600.0
1005,2021-10-20 02:47:13,70600.0,100.0,85500.0
1006,2021-10-20 02:46:59,70600.0,500.0,85400.0
1007,2021-10-20 02:46:51,70500.0,200.0,84900.0
1008,2021-10-20 02:46:06,70500.0,100.0,84700.0
1009,2021-10-20 02:45:53,70500.0,500.0,84600.0
1010,2021-10-20 02:45:45,70600.0,300.0,84100.0
1011,2021-10-20 02:45:33,70600.0,100.0,83800.0
1012,2021-10-20 02:45:20,70600.0,200.0,83700.0
1013,2021-10-20 02:45:05,70600.0,100.0,83500.0
1014,2021-10-20 02:44:59,70600.0,500.0,83400.0
1015,2021-10-20 02:44:59,70600.0,600.0,82900.0
1016,2021-10-20 02:44:53,70600.0,1000.0,82300.0
1017,2021-10-20 02:44:48,70600.0,400.0,81300.0
1018,2021-10-20 02:44:48,70600.0,400.0,80900.0
1019,2021-10-20 02:44:48,70600.0,200.0,80500.0
1020,2021-10-20 02:44:42,70600.0,200.0,80300.0
1021,2021-10-20 02:43:58,70600.0,300.0,80100.0
1022,2021-10-20 02:43:58,70600.0,100.0,79800.0
1023,2021-10-20 02:43:58,70600.0,600.0,79700.0
1024,2021-10-20 02:43:46,70600.0,500.0,79100.0
1025,2021-10-20 02:43:34,70600.0,500.0,78600.0
1026,2021-10-20 02:43:26,70600.0,1500.0,78100.0
1027,2021-10-20 02:43:26,70600.0,500.0,76600.0
1028,2021-10-20 02:41:56,70600.0,100.0,76100.0
1029,2021-10-20 02:41:56,70600.0,300.0,76000.0
1030,2021-10-20 02:41:56,70600.0,100.0,75700.0
1031,2021-10-20 02:41:01,70600.0,100.0,75600.0
1032,2021-10-20 02:41:01,70600.0,200.0,75500.0
1033,2021-10-20 02:41:01,70600.0,200.0,75300.0
1034,2021-10-20 02:40:11,70600.0,300.0,75100.0
1035,2021-10-20 02:40:11,70600.0,300.0,74800.0
1036,2021-10-20 02:40:11,70600.0,400.0,74500.0
1037,2021-10-20 02:40:03,71000.0,100.0,74100.0
1038,2021-10-20 02:38:45,71200.0,100.0,74000.0
1039,2021-10-20 02:38:34,71000.0,100.0,73900.0
1040,2021-10-20 02:38:05,71000.0,100.0,73800.0
1041,2021-10-20 02:37:46,70600.0,100.0,73700.0
1042,2021-10-20 02:37:46,70600.0,100.0,73600.0
1043,2021-10-20 02:37:46,70600.0,100.0,73500.0
1044,2021-10-20 02:37:46,70600.0,2300.0,73400.0
1045,2021-10-20 02:37:24,70600.0,200.0,71100.0
1046,2021-10-20 02:37:14,70600.0,100.0,70900.0
1047,2021-10-20 02:36:55,70600.0,100.0,70800.0
1048,2021-10-20 02:36:52,70600.0,500.0,70700.0
1049,2021-10-20 02:36:50,70600.0,100.0,70200.0
1050,2021-10-20 02:36:32,70600.0,200.0,70100.0
1051,2021-10-20 02:36:17,70500.0,400.0,69900.0
1052,2021-10-20 02:36:05,70500.0,1000.0,69500.0
1053,2021-10-20 02:35:56,70500.0,1200.0,68500.0
1054,2021-10-20 02:35:43,70600.0,200.0,67300.0
1055,2021-10-20 02:35:31,70500.0,3400.0,67100.0
1056,2021-10-20 02:35:30,70600.0,300.0,63700.0
1057,2021-10-20 02:35:30,70600.0,2000.0,63400.0
1058,2021-10-20 02:35:30,70600.0,500.0,61400.0
1059,2021-10-20 02:35:30,70600.0,3000.0,60900.0
1060,2021-10-20 02:35:30,70600.0,200.0,57900.0
1061,2021-10-20 02:35:30,70600.0,300.0,57700.0
1062,2021-10-20 02:35:28,70600.0,1000.0,57400.0
1063,2021-10-20 02:34:11,70600.0,700.0,56400.0
1064,2021-10-20 02:34:11,70600.0,300.0,55700.0
1065,2021-10-20 02:33:56,71000.0,600.0,55400.0
1066,2021-10-20 02:33:06,71300.0,300.0,54800.0
1067,2021-10-20 02:32:56,71300.0,200.0,54500.0
1068,2021-10-20 02:32:42,71300.0,200.0,54300.0
1069,2021-10-20 02:32:24,71300.0,100.0,54100.0
1070,2021-10-20 02:32:05,71000.0,200.0,54000.0
1071,2021-10-20 02:31:51,70600.0,1000.0,53800.0
1072,2021-10-20 02:31:31,70600.0,700.0,52800.0
1073,2021-10-20 02:31:31,70600.0,300.0,52100.0
1074,2021-10-20 02:31:15,70600.0,500.0,51800.0
1075,2021-10-20 02:31:15,70700.0,500.0,51300.0
1076,2021-10-20 02:30:55,70600.0,200.0,50800.0
1077,2021-10-20 02:29:15,70500.0,200.0,50600.0
1078,2021-10-20 02:29:10,70500.0,100.0,50400.0
1079,2021-10-20 02:29:10,70500.0,900.0,50300.0
1080,2021-10-20 02:28:41,70500.0,100.0,49400.0
1081,2021-10-20 02:28:01,70500.0,100.0,49300.0
1082,2021-10-20 02:28:01,70500.0,100.0,49200.0
1083,2021-10-20 02:28:01,70500.0,500.0,49100.0
1084,2021-10-20 02:28:01,70500.0,100.0,48600.0
1085,2021-10-20 02:28:01,70500.0,200.0,48500.0
1086,2021-10-20 02:27:54,70500.0,200.0,48300.0
1087,2021-10-20 02:27:54,70500.0,100.0,48100.0
1088,2021-10-20 02:27:54,70500.0,700.0,48000.0
1089,2021-10-20 02:27:53,70500.0,100.0,47300.0
1090,2021-10-20 02:27:28,70500.0,200.0,47200.0
1091,2021-10-20 02:27:28,70500.0,100.0,47000.0
1092,2021-10-20 02:27:13,70500.0,900.0,46900.0
1093,2021-10-20 02:27:13,70500.0,100.0,46000.0
1094,2021-10-20 02:26:54,70500.0,200.0,45900.0
1095,2021-10-20 02:26:54,70500.0,1000.0,45700.0
1096,2021-10-20 02:26:54,70500.0,600.0,44700.0
1097,2021-10-20 02:26:44,70500.0,200.0,44100.0
1098,2021-10-20 02:26:31,70500.0,500.0,43900.0
1099,2021-10-20 02:26:09,70500.0,100.0,43400.0
1100,2021-10-20 02:26:09,70500.0,100.0,43300.0
1101,2021-10-20 02:26:09,70500.0,100.0,43200.0
1102,2021-10-20 02:26:09,70500.0,100.0,43100.0
1103,2021-10-20 02:26:09,70500.0,300.0,43000.0
1104,2021-10-20 02:26:09,71000.0,300.0,42700.0
1105,2021-10-20 02:26:07,71000.0,500.0,42400.0
1106,2021-10-20 02:25:41,71000.0,200.0,41900.0
1107,2021-10-20 02:25:28,71300.0,200.0,41700.0
1108,2021-10-20 02:24:14,71400.0,200.0,41500.0
1109,2021-10-20 02:24:03,71400.0,100.0,41300.0
1110,2021-10-20 02:24:03,71400.0,100.0,41200.0
1111,2021-10-20 02:23:54,71300.0,100.0,41100.0
1112,2021-10-20 02:23:51,71300.0,100.0,41000.0
1113,2021-10-20 02:23:51,71400.0,400.0,40900.0
1114,2021-10-20 02:23:51,71400.0,100.0,40500.0
1115,2021-10-20 02:23:31,71400.0,100.0,40400.0
1116,2021-10-20 02:23:31,71400.0,400.0,40300.0
1117,2021-10-20 02:23:30,71400.0,100.0,39900.0
1118,2021-10-20 02:22:58,71500.0,200.0,39800.0
1119,2021-10-20 02:22:45,71500.0,100.0,39600.0
1120,2021-10-20 02:22:37,71400.0,1000.0,39500.0
1121,2021-10-20 02:22:18,71500.0,100.0,38500.0
1122,2021-10-20 02:22:15,71400.0,100.0,38400.0
1123,2021-10-20 02:22:01,71400.0,200.0,38300.0
1124,2021-10-20 02:22:01,71400.0,300.0,38100.0
1125,2021-10-20 02:21:50,71400.0,200.0,37800.0
1126,2021-10-20 02:21:27,71400.0,200.0,37600.0
1127,2021-10-20 02:21:15,71400.0,100.0,37400.0
1128,2021-10-20 02:21:04,71400.0,100.0,37300.0
1129,2021-10-20 02:20:44,71300.0,100.0,37200.0
1130,2021-10-20 02:20:44,71300.0,200.0,37100.0
1131,2021-10-20 02:20:43,71300.0,200.0,36900.0
1132,2021-10-20 02:20:22,71300.0,200.0,36700.0
1133,2021-10-20 02:20:17,70400.0,600.0,36500.0
1134,2021-10-20 02:20:17,70400.0,500.0,35900.0
1135,2021-10-20 02:20:17,70400.0,100.0,35400.0
1136,2021-10-20 02:20:17,70400.0,100.0,35300.0
1137,2021-10-20 02:20:09,70400.0,2000.0,35200.0
1138,2021-10-20 02:19:51,70400.0,1000.0,33200.0
1139,2021-10-20 02:19:42,70400.0,200.0,32200.0
1140,2021-10-20 02:19:42,70400.0,100.0,32000.0
1141,2021-10-20 02:19:42,70400.0,1700.0,31900.0
1142,2021-10-20 02:19:26,70400.0,1000.0,30200.0
1143,2021-10-20 02:19:06,70400.0,1000.0,29200.0
1144,2021-10-20 02:18:55,70400.0,5000.0,28200.0
1145,2021-10-20 02:18:37,70400.0,1000.0,23200.0
1146,2021-10-20 02:18:24,70400.0,300.0,22200.0
1147,2021-10-20 02:18:24,70400.0,1000.0,21900.0
1148,2021-10-20 02:18:24,70400.0,100.0,20900.0
1149,2021-10-20 02:18:24,70400.0,200.0,20800.0
1150,2021-10-20 02:18:24,70400.0,400.0,20600.0
1151,2021-10-20 02:18:21,70400.0,100.0,20200.0
1152,2021-10-20 02:18:09,70400.0,1500.0,20100.0
1153,2021-10-20 02:18:09,70400.0,1500.0,18600.0
1154,2021-10-20 02:17:43,70400.0,300.0,17100.0
1155,2021-10-20 02:17:26,70400.0,200.0,16800.0
1156,2021-10-20 02:17:26,70500.0,100.0,16600.0
1157,2021-10-20 02:17:09,70500.0,100.0,16500.0
1158,2021-10-20 02:17:02,70500.0,800.0,16400.0
1159,2021-10-20 02:16:50,70600.0,100.0,15600.0
1160,2021-10-20 02:16:23,70500.0,300.0,15500.0
1161,2021-10-20 02:16:09,70500.0,100.0,15200.0
1162,2021-10-20 02:15:59,70300.0,1600.0,15100.0
1163,2021-10-20 02:15:59,70300.0,100.0,13500.0
1164,2021-10-20 02:15:59,70300.0,1500.0,13400.0
1165,2021-10-20 02:15:59,70300.0,500.0,11900.0
1166,2021-10-20 02:15:59,70300.0,100.0,11400.0
1167,2021-10-20 02:15:59,70300.0,100.0,11300.0
1168,2021-10-20 02:15:59,70300.0,100.0,11200.0
1169,2021-10-20 02:15:59,70400.0,2000.0,11100.0
1170,2021-10-20 02:15:32,70300.0,100.0,9100.0
1171,2021-10-20 02:15:01,70300.0,700.0,9000.0
1172,2021-10-20 02:15:01,70300.0,200.0,8300.0
1173,2021-10-20 02:15:01,70300.0,100.0,8100.0
1174,2021-10-20 02:15:01,70300.0,1000.0,8000.0
1175,2021-10-20 02:15:01,70300.0,200.0,7000.0
1176,2021-10-20 02:15:01,70300.0,500.0,6800.0
1177,2021-10-20 02:15:01,70300.0,1000.0,6300.0
1178,2021-10-20 02:15:01,70300.0,1000.0,5300.0
1179,2021-10-20 02:15:01,70300.0,100.0,4300.0
1180,2021-10-20 02:15:01,70300.0,100.0,4200.0
1181,2021-10-20 02:15:01,70300.0,100.0,4100.0
1182,2021-10-20 02:15:01,70300.0,100.0,4000.0
1183,2021-10-20 02:15:01,70300.0,1500.0,3900.0
1184,2021-10-20 02:15:01,70300.0,100.0,2400.0
1185,2021-10-20 02:15:01,70300.0,200.0,2300.0
1186,2021-10-20 02:15:01,70300.0,100.0,2100.0
1187,2021-10-20 02:15:01,70300.0,200.0,2000.0
1188,2021-10-20 02:15:01,70300.0,200.0,1800.0
1189,2021-10-20 02:15:01,70300.0,1600.0,1600.0
