,Time,Price,Volume_per_trade,Volume
0,2021-10-14 14:45:03,128600.0,13000.0,189810.0
1,2021-10-14 14:29:47,129000.0,300.0,176810.0
2,2021-10-14 14:29:14,129000.0,100.0,176510.0
3,2021-10-14 14:27:43,129000.0,200.0,176410.0
4,2021-10-14 14:27:14,129800.0,200.0,176210.0
5,2021-10-14 14:25:33,129800.0,100.0,176010.0
6,2021-10-14 14:24:15,129800.0,500.0,175910.0
7,2021-10-14 14:18:20,129700.0,300.0,175410.0
8,2021-10-14 14:18:19,129700.0,100.0,175110.0
9,2021-10-14 14:18:10,129600.0,100.0,175010.0
10,2021-10-14 14:14:50,129700.0,900.0,174910.0
11,2021-10-14 14:13:59,130000.0,10.0,174010.0
12,2021-10-14 14:13:31,130000.0,100.0,174000.0
13,2021-10-14 14:13:09,130000.0,200.0,173900.0
14,2021-10-14 14:12:32,130000.0,100.0,173700.0
15,2021-10-14 14:12:19,130000.0,100.0,173600.0
16,2021-10-14 14:11:58,130000.0,300.0,173500.0
17,2021-10-14 14:11:28,130000.0,7200.0,173200.0
18,2021-10-14 14:11:24,129700.0,1100.0,166000.0
19,2021-10-14 14:11:13,130000.0,200.0,164900.0
20,2021-10-14 14:04:45,130000.0,100.0,164700.0
21,2021-10-14 14:02:28,130000.0,800.0,164600.0
22,2021-10-14 14:00:41,130000.0,500.0,163800.0
23,2021-10-14 14:00:39,129700.0,700.0,163300.0
24,2021-10-14 14:00:28,130000.0,1000.0,162600.0
25,2021-10-14 14:00:21,130000.0,300.0,161600.0
26,2021-10-14 13:58:26,130000.0,100.0,161300.0
27,2021-10-14 13:57:36,130000.0,500.0,161200.0
28,2021-10-14 13:57:29,130000.0,100.0,160700.0
29,2021-10-14 13:57:27,130000.0,2900.0,160600.0
30,2021-10-14 13:56:49,130000.0,200.0,157700.0
31,2021-10-14 13:56:34,130000.0,1000.0,157500.0
32,2021-10-14 13:56:27,130000.0,1000.0,156500.0
33,2021-10-14 13:56:21,130000.0,1000.0,155500.0
34,2021-10-14 13:55:44,130000.0,500.0,154500.0
35,2021-10-14 13:55:29,130000.0,600.0,154000.0
36,2021-10-14 13:54:31,130300.0,100.0,153400.0
37,2021-10-14 13:53:32,130000.0,200.0,153300.0
38,2021-10-14 13:53:30,130000.0,200.0,153100.0
39,2021-10-14 13:53:14,130000.0,200.0,152900.0
40,2021-10-14 13:53:00,130000.0,16800.0,152700.0
41,2021-10-14 13:52:13,129500.0,100.0,135900.0
42,2021-10-14 13:52:06,129500.0,1000.0,135800.0
43,2021-10-14 13:52:04,129500.0,200.0,134800.0
44,2021-10-14 13:51:54,129500.0,2000.0,134600.0
45,2021-10-14 13:51:33,129300.0,1300.0,132600.0
46,2021-10-14 13:51:25,129300.0,100.0,131300.0
47,2021-10-14 13:51:20,129300.0,300.0,131200.0
48,2021-10-14 13:51:05,129300.0,5000.0,130900.0
49,2021-10-14 13:49:30,129100.0,100.0,125900.0
50,2021-10-14 13:49:27,129000.0,100.0,125800.0
51,2021-10-14 13:49:18,129000.0,1400.0,125700.0
52,2021-10-14 13:45:59,129000.0,3600.0,124300.0
53,2021-10-14 13:45:50,129100.0,300.0,120700.0
54,2021-10-14 13:45:38,129100.0,100.0,120400.0
55,2021-10-14 13:42:50,129100.0,100.0,120300.0
56,2021-10-14 13:41:37,129000.0,100.0,120200.0
57,2021-10-14 13:41:24,129000.0,1000.0,120100.0
58,2021-10-14 13:41:17,129000.0,500.0,119100.0
59,2021-10-14 13:38:04,129000.0,2000.0,118600.0
60,2021-10-14 13:36:22,129000.0,200.0,116600.0
61,2021-10-14 13:35:17,129000.0,2000.0,116400.0
62,2021-10-14 13:32:50,129000.0,700.0,114400.0
63,2021-10-14 13:31:27,129000.0,500.0,113700.0
64,2021-10-14 13:30:54,129000.0,500.0,113200.0
65,2021-10-14 13:30:43,129000.0,700.0,112700.0
66,2021-10-14 13:29:40,129000.0,700.0,112000.0
67,2021-10-14 13:29:33,129000.0,1000.0,111300.0
68,2021-10-14 13:29:29,129000.0,1000.0,110300.0
69,2021-10-14 13:29:12,129000.0,100.0,109300.0
70,2021-10-14 13:29:10,129000.0,1200.0,109200.0
71,2021-10-14 13:27:55,129000.0,100.0,108000.0
72,2021-10-14 13:27:32,129000.0,100.0,107900.0
73,2021-10-14 13:24:42,129000.0,1000.0,107800.0
74,2021-10-14 13:24:22,129000.0,200.0,106800.0
75,2021-10-14 13:23:11,129000.0,100.0,106600.0
76,2021-10-14 13:22:45,129000.0,1000.0,106500.0
77,2021-10-14 13:17:54,129000.0,200.0,105500.0
78,2021-10-14 13:15:55,129000.0,4900.0,105300.0
79,2021-10-14 13:12:28,128700.0,100.0,100400.0
80,2021-10-14 13:10:00,128700.0,100.0,100300.0
81,2021-10-14 13:00:05,128700.0,500.0,100200.0
82,2021-10-14 13:00:02,128500.0,2000.0,99700.0
83,2021-10-14 13:00:01,128500.0,200.0,97700.0
84,2021-10-14 11:29:04,128500.0,500.0,97500.0
85,2021-10-14 11:29:02,128500.0,200.0,97000.0
86,2021-10-14 11:27:13,128500.0,800.0,96800.0
87,2021-10-14 11:26:03,128500.0,100.0,96000.0
88,2021-10-14 11:23:15,128500.0,2000.0,95900.0
89,2021-10-14 11:20:48,128500.0,500.0,93900.0
90,2021-10-14 11:08:56,128500.0,1000.0,93400.0
91,2021-10-14 11:08:45,128400.0,700.0,92400.0
92,2021-10-14 11:08:42,128400.0,200.0,91700.0
93,2021-10-14 11:08:33,128400.0,300.0,91500.0
94,2021-10-14 11:08:32,128400.0,3000.0,91200.0
95,2021-10-14 11:08:31,128500.0,1000.0,88200.0
96,2021-10-14 11:03:10,128400.0,100.0,87200.0
97,2021-10-14 11:02:34,128400.0,8700.0,87100.0
98,2021-10-14 11:01:03,128800.0,300.0,78400.0
99,2021-10-14 10:58:20,128800.0,100.0,78100.0
100,2021-10-14 10:57:41,128800.0,600.0,78000.0
101,2021-10-14 10:57:21,128500.0,200.0,77400.0
102,2021-10-14 10:57:11,128600.0,500.0,77200.0
103,2021-10-14 10:52:11,128500.0,100.0,76700.0
104,2021-10-14 10:51:40,128500.0,100.0,76600.0
105,2021-10-14 10:49:56,128500.0,600.0,76500.0
106,2021-10-14 10:49:35,128800.0,1000.0,75900.0
107,2021-10-14 10:47:48,128500.0,700.0,74900.0
108,2021-10-14 10:47:14,128800.0,300.0,74200.0
109,2021-10-14 10:44:55,128800.0,100.0,73900.0
110,2021-10-14 10:43:45,128800.0,1000.0,73800.0
111,2021-10-14 10:41:23,128800.0,100.0,72800.0
112,2021-10-14 10:39:13,128800.0,300.0,72700.0
113,2021-10-14 10:39:11,128800.0,100.0,72400.0
114,2021-10-14 10:39:07,128800.0,1000.0,72300.0
115,2021-10-14 10:38:54,128500.0,2000.0,71300.0
116,2021-10-14 10:35:32,128900.0,300.0,69300.0
117,2021-10-14 10:35:28,128900.0,200.0,69000.0
118,2021-10-14 10:33:48,128800.0,500.0,68800.0
119,2021-10-14 10:33:40,128800.0,1500.0,68300.0
120,2021-10-14 10:31:42,128500.0,600.0,66800.0
121,2021-10-14 10:31:15,128500.0,500.0,66200.0
122,2021-10-14 10:30:58,128500.0,500.0,65700.0
123,2021-10-14 10:29:25,128500.0,500.0,65200.0
124,2021-10-14 10:29:21,128500.0,500.0,64700.0
125,2021-10-14 10:29:01,128500.0,500.0,64200.0
126,2021-10-14 10:24:31,128500.0,3000.0,63700.0
127,2021-10-14 10:22:51,128800.0,300.0,60700.0
128,2021-10-14 10:21:24,128500.0,600.0,60400.0
129,2021-10-14 10:21:15,128500.0,400.0,59800.0
130,2021-10-14 10:20:47,128500.0,400.0,59400.0
131,2021-10-14 10:20:30,128500.0,500.0,59000.0
132,2021-10-14 10:20:18,128500.0,500.0,58500.0
133,2021-10-14 10:20:06,128500.0,500.0,58000.0
134,2021-10-14 10:18:08,128700.0,1700.0,57500.0
135,2021-10-14 10:16:44,128500.0,200.0,55800.0
136,2021-10-14 10:16:19,128500.0,400.0,55600.0
137,2021-10-14 10:11:56,128500.0,400.0,55200.0
138,2021-10-14 10:11:30,128400.0,1200.0,54800.0
139,2021-10-14 10:11:06,128400.0,3800.0,53600.0
140,2021-10-14 10:10:16,128500.0,3000.0,49800.0
141,2021-10-14 10:10:06,128700.0,500.0,46800.0
142,2021-10-14 10:09:34,128700.0,1000.0,46300.0
143,2021-10-14 10:05:11,128500.0,100.0,45300.0
144,2021-10-14 10:03:48,128500.0,1000.0,45200.0
145,2021-10-14 10:01:37,128500.0,200.0,44200.0
146,2021-10-14 10:00:49,128500.0,300.0,44000.0
147,2021-10-14 10:00:15,128500.0,200.0,43700.0
148,2021-10-14 09:59:59,128500.0,500.0,43500.0
149,2021-10-14 09:59:22,128500.0,100.0,43000.0
150,2021-10-14 09:57:59,128400.0,400.0,42900.0
151,2021-10-14 09:57:55,128500.0,400.0,42500.0
152,2021-10-14 09:57:51,128500.0,200.0,42100.0
153,2021-10-14 09:57:37,128500.0,100.0,41900.0
154,2021-10-14 09:57:25,128500.0,500.0,41800.0
155,2021-10-14 09:57:07,128500.0,400.0,41300.0
156,2021-10-14 09:53:12,128400.0,1000.0,40900.0
157,2021-10-14 09:50:08,128400.0,700.0,39900.0
158,2021-10-14 09:49:54,128500.0,800.0,39200.0
159,2021-10-14 09:49:26,128500.0,200.0,38400.0
160,2021-10-14 09:47:41,128400.0,100.0,38200.0
161,2021-10-14 09:43:49,128400.0,100.0,38100.0
162,2021-10-14 09:41:49,128400.0,100.0,38000.0
163,2021-10-14 09:40:17,128400.0,300.0,37900.0
164,2021-10-14 09:39:59,128400.0,300.0,37600.0
165,2021-10-14 09:39:47,128400.0,200.0,37300.0
166,2021-10-14 09:39:46,128300.0,100.0,37100.0
167,2021-10-14 09:38:41,128400.0,100.0,37000.0
168,2021-10-14 09:37:09,128200.0,200.0,36900.0
169,2021-10-14 09:35:50,128200.0,1500.0,36700.0
170,2021-10-14 09:35:41,128200.0,100.0,35200.0
171,2021-10-14 09:34:57,128200.0,500.0,35100.0
172,2021-10-14 09:34:11,128200.0,500.0,34600.0
173,2021-10-14 09:33:57,128200.0,100.0,34100.0
174,2021-10-14 09:33:26,128200.0,400.0,34000.0
175,2021-10-14 09:33:22,128200.0,200.0,33600.0
176,2021-10-14 09:33:16,128200.0,100.0,33400.0
177,2021-10-14 09:32:41,128200.0,3900.0,33300.0
178,2021-10-14 09:30:43,128200.0,1100.0,29400.0
179,2021-10-14 09:29:30,128100.0,1700.0,28300.0
180,2021-10-14 09:28:53,128100.0,100.0,26600.0
181,2021-10-14 09:28:32,128100.0,1000.0,26500.0
182,2021-10-14 09:28:25,128100.0,100.0,25500.0
183,2021-10-14 09:27:49,128200.0,100.0,25400.0
184,2021-10-14 09:27:45,128200.0,500.0,25300.0
185,2021-10-14 09:26:59,128200.0,500.0,24800.0
186,2021-10-14 09:25:40,128200.0,1000.0,24300.0
187,2021-10-14 09:25:19,128100.0,1000.0,23300.0
188,2021-10-14 09:25:07,128100.0,100.0,22300.0
189,2021-10-14 09:24:32,128100.0,400.0,22200.0
190,2021-10-14 09:24:26,128100.0,200.0,21800.0
191,2021-10-14 09:24:04,128100.0,600.0,21600.0
192,2021-10-14 09:23:50,128000.0,100.0,21000.0
193,2021-10-14 09:23:38,128100.0,100.0,20900.0
194,2021-10-14 09:23:23,128100.0,1000.0,20800.0
195,2021-10-14 09:23:18,128000.0,14400.0,19800.0
196,2021-10-14 09:23:10,128100.0,900.0,5400.0
197,2021-10-14 09:22:39,128100.0,100.0,4500.0
198,2021-10-14 09:20:34,128000.0,100.0,4400.0
199,2021-10-14 09:20:09,128000.0,900.0,4300.0
200,2021-10-14 09:19:11,128000.0,2000.0,3400.0
201,2021-10-14 09:15:10,129000.0,200.0,1400.0
202,2021-10-14 09:07:50,129000.0,100.0,1200.0
203,2021-10-14 09:06:54,129000.0,400.0,1100.0
204,2021-10-14 09:04:29,129000.0,600.0,700.0
205,2021-10-14 09:00:15,129000.0,100.0,100.0
