,Time,Price,Volume_per_trade,Volume
0,2021-10-17 07:45:02,9660.0,1900.0,191900.0
1,2021-10-17 07:45:02,9660.0,100.0,190000.0
2,2021-10-17 07:45:02,9660.0,900.0,189900.0
3,2021-10-17 07:45:02,9660.0,100.0,189000.0
4,2021-10-17 07:45:02,9660.0,1000.0,188900.0
5,2021-10-17 07:45:02,9660.0,1000.0,187900.0
6,2021-10-17 07:45:02,9660.0,100.0,186900.0
7,2021-10-17 07:45:02,9660.0,100.0,186800.0
8,2021-10-17 07:45:02,9660.0,100.0,186700.0
9,2021-10-17 07:45:02,9660.0,200.0,186600.0
10,2021-10-17 07:45:02,9660.0,500.0,186400.0
11,2021-10-17 07:45:02,9660.0,1800.0,185900.0
12,2021-10-17 07:45:02,9660.0,200.0,184100.0
13,2021-10-17 07:45:02,9660.0,200.0,183900.0
14,2021-10-17 07:45:02,9660.0,200.0,183700.0
15,2021-10-17 07:45:02,9660.0,100.0,183500.0
16,2021-10-17 07:45:02,9660.0,100.0,183400.0
17,2021-10-17 07:45:02,9660.0,400.0,183300.0
18,2021-10-17 07:45:02,9660.0,100.0,182900.0
19,2021-10-17 07:45:02,9660.0,200.0,182800.0
20,2021-10-17 07:45:02,9660.0,100.0,182600.0
21,2021-10-17 07:45:02,9660.0,400.0,182500.0
22,2021-10-17 07:45:02,9660.0,100.0,182100.0
23,2021-10-17 07:45:02,9660.0,200.0,182000.0
24,2021-10-17 07:45:02,9660.0,1900.0,181800.0
25,2021-10-17 07:29:20,9710.0,100.0,179900.0
26,2021-10-17 07:29:20,9750.0,100.0,179800.0
27,2021-10-17 07:15:26,9750.0,300.0,179700.0
28,2021-10-17 07:10:59,9750.0,1200.0,179400.0
29,2021-10-17 07:10:35,9750.0,500.0,178200.0
30,2021-10-17 07:10:34,9750.0,300.0,177700.0
31,2021-10-17 07:09:43,9700.0,300.0,177400.0
32,2021-10-17 06:53:22,9750.0,100.0,177100.0
33,2021-10-17 06:53:22,9750.0,100.0,177000.0
34,2021-10-17 06:46:08,9750.0,100.0,176900.0
35,2021-10-17 06:43:52,9700.0,1000.0,176800.0
36,2021-10-17 06:43:52,9700.0,200.0,175800.0
37,2021-10-17 06:43:52,9700.0,200.0,175600.0
38,2021-10-17 06:43:52,9700.0,200.0,175400.0
39,2021-10-17 06:43:52,9700.0,100.0,175200.0
40,2021-10-17 06:43:52,9700.0,500.0,175100.0
41,2021-10-17 06:43:52,9700.0,1000.0,174600.0
42,2021-10-17 06:43:52,9700.0,100.0,173600.0
43,2021-10-17 06:43:52,9700.0,100.0,173500.0
44,2021-10-17 06:43:52,9700.0,100.0,173400.0
45,2021-10-17 06:43:52,9700.0,200.0,173300.0
46,2021-10-17 06:43:11,9710.0,100.0,173100.0
47,2021-10-17 06:43:11,9710.0,100.0,173000.0
48,2021-10-17 06:42:51,9720.0,1000.0,172900.0
49,2021-10-17 06:42:15,9750.0,200.0,171900.0
50,2021-10-17 06:42:15,9750.0,100.0,171700.0
51,2021-10-17 06:42:15,9750.0,500.0,171600.0
52,2021-10-17 06:42:15,9750.0,100.0,171100.0
53,2021-10-17 06:26:08,9750.0,300.0,171000.0
54,2021-10-17 06:25:43,9750.0,100.0,170700.0
55,2021-10-17 06:21:13,9750.0,1600.0,170600.0
56,2021-10-17 06:20:46,9750.0,400.0,169000.0
57,2021-10-17 04:27:17,9750.0,100.0,168600.0
58,2021-10-17 04:22:44,9750.0,1000.0,168500.0
59,2021-10-17 04:22:44,9750.0,300.0,167500.0
60,2021-10-17 04:22:25,9760.0,1000.0,167200.0
61,2021-10-17 04:22:25,9760.0,200.0,166200.0
62,2021-10-17 04:20:51,9780.0,200.0,166000.0
63,2021-10-17 04:20:30,9800.0,100.0,165800.0
64,2021-10-17 04:00:24,9800.0,200.0,165700.0
65,2021-10-17 04:00:24,9800.0,2000.0,165500.0
66,2021-10-17 04:00:02,9810.0,3000.0,163500.0
67,2021-10-17 03:59:43,9820.0,200.0,160500.0
68,2021-10-17 03:59:43,9820.0,300.0,160300.0
69,2021-10-17 03:59:43,9820.0,200.0,160000.0
70,2021-10-17 03:59:43,9820.0,100.0,159800.0
71,2021-10-17 03:59:43,9820.0,100.0,159700.0
72,2021-10-17 03:59:43,9820.0,1000.0,159600.0
73,2021-10-17 03:57:08,9840.0,100.0,158600.0
74,2021-10-17 03:56:05,9840.0,200.0,158500.0
75,2021-10-17 03:54:59,9840.0,100.0,158300.0
76,2021-10-17 03:44:02,9840.0,2000.0,158200.0
77,2021-10-17 03:31:59,9840.0,500.0,156200.0
78,2021-10-17 03:30:24,9840.0,500.0,155700.0
79,2021-10-17 03:28:50,9850.0,600.0,155200.0
80,2021-10-17 03:28:50,9850.0,200.0,154600.0
81,2021-10-17 03:22:27,9850.0,1000.0,154400.0
82,2021-10-17 03:22:27,9850.0,4000.0,153400.0
83,2021-10-17 03:21:54,9860.0,300.0,149400.0
84,2021-10-17 03:09:49,9860.0,700.0,149100.0
85,2021-10-17 03:08:57,9860.0,300.0,148400.0
86,2021-10-17 03:06:22,9860.0,3000.0,148100.0
87,2021-10-17 03:05:45,9870.0,600.0,145100.0
88,2021-10-17 03:02:58,9870.0,100.0,144500.0
89,2021-10-17 03:02:04,9870.0,400.0,144400.0
90,2021-10-17 02:57:49,9860.0,5000.0,144000.0
91,2021-10-17 02:57:49,9860.0,1700.0,139000.0
92,2021-10-17 02:52:14,9860.0,200.0,137300.0
93,2021-10-17 02:51:14,9860.0,1000.0,137100.0
94,2021-10-17 02:50:18,9860.0,2100.0,136100.0
95,2021-10-17 02:49:32,9850.0,900.0,134000.0
96,2021-10-17 02:48:12,9850.0,1100.0,133100.0
97,2021-10-17 02:45:54,9850.0,200.0,132000.0
98,2021-10-17 02:45:44,9850.0,100.0,131800.0
99,2021-10-17 02:45:28,9850.0,2000.0,131700.0
100,2021-10-17 02:43:19,9850.0,800.0,129700.0
101,2021-10-17 02:42:59,9850.0,700.0,128900.0
102,2021-10-17 02:42:14,9850.0,100.0,128200.0
103,2021-10-17 02:42:07,9850.0,100.0,128100.0
104,2021-10-17 02:40:41,9850.0,1000.0,128000.0
105,2021-10-17 02:38:20,9850.0,100.0,127000.0
106,2021-10-17 02:36:55,9850.0,4000.0,126900.0
107,2021-10-17 02:36:55,9850.0,2000.0,122900.0
108,2021-10-17 02:34:16,9900.0,300.0,120900.0
109,2021-10-17 02:34:16,9900.0,400.0,120600.0
110,2021-10-17 02:33:28,9950.0,800.0,120200.0
111,2021-10-17 02:33:28,9940.0,200.0,119400.0
112,2021-10-17 02:32:21,9950.0,100.0,119200.0
113,2021-10-17 02:32:03,9950.0,600.0,119100.0
114,2021-10-17 02:32:03,9950.0,700.0,118500.0
115,2021-10-17 02:31:48,9900.0,100.0,117800.0
116,2021-10-17 02:30:21,9900.0,100.0,117700.0
117,2021-10-17 02:29:11,9900.0,2000.0,117600.0
118,2021-10-17 02:29:11,9900.0,100.0,115600.0
119,2021-10-17 02:29:11,9900.0,200.0,115500.0
120,2021-10-17 02:29:11,9890.0,100.0,115300.0
121,2021-10-17 02:26:03,9900.0,300.0,115200.0
122,2021-10-17 02:25:04,9900.0,2500.0,114900.0
123,2021-10-17 02:25:04,9900.0,2000.0,112400.0
124,2021-10-17 02:24:39,9950.0,800.0,110400.0
125,2021-10-17 02:24:13,9950.0,200.0,109600.0
126,2021-10-17 02:23:50,9950.0,300.0,109400.0
127,2021-10-17 02:22:32,10000.0,1000.0,109100.0
128,2021-10-17 02:22:32,10000.0,1000.0,108100.0
129,2021-10-17 02:22:25,10050.0,5000.0,107100.0
130,2021-10-17 02:19:31,10200.0,700.0,102100.0
131,2021-10-17 02:19:31,10200.0,2000.0,101400.0
132,2021-10-17 02:19:31,10200.0,4100.0,99400.0
133,2021-10-17 02:19:31,10200.0,1400.0,95300.0
134,2021-10-17 02:19:31,10150.0,100.0,93900.0
135,2021-10-17 02:19:31,10150.0,20000.0,93800.0
136,2021-10-17 02:19:31,10100.0,20000.0,73800.0
137,2021-10-17 02:19:31,10050.0,100.0,53800.0
138,2021-10-17 02:19:31,10050.0,10000.0,53700.0
139,2021-10-17 02:19:31,10000.0,10000.0,43700.0
140,2021-10-17 02:19:31,10000.0,800.0,33700.0
141,2021-10-17 02:19:31,10000.0,10000.0,32900.0
142,2021-10-17 02:19:31,10000.0,300.0,22900.0
143,2021-10-17 02:19:31,10000.0,700.0,22600.0
144,2021-10-17 02:19:31,10000.0,100.0,21900.0
145,2021-10-17 02:19:31,10000.0,100.0,21800.0
146,2021-10-17 02:19:31,9990.0,3000.0,21700.0
147,2021-10-17 02:19:31,9990.0,2000.0,18700.0
148,2021-10-17 02:19:31,9990.0,700.0,16700.0
149,2021-10-17 02:19:31,9990.0,100.0,16000.0
150,2021-10-17 02:19:31,9980.0,5000.0,15900.0
151,2021-10-17 02:19:31,9970.0,2000.0,10900.0
152,2021-10-17 02:19:31,9970.0,1000.0,8900.0
153,2021-10-17 02:19:31,9970.0,1000.0,7900.0
154,2021-10-17 02:19:31,9970.0,100.0,6900.0
155,2021-10-17 02:19:31,9970.0,100.0,6800.0
156,2021-10-17 02:19:31,9960.0,100.0,6700.0
157,2021-10-17 02:19:31,9960.0,2000.0,6600.0
158,2021-10-17 02:19:31,9950.0,2000.0,4600.0
159,2021-10-17 02:19:31,9950.0,300.0,2600.0
160,2021-10-17 02:19:31,9940.0,200.0,2300.0
161,2021-10-17 02:15:58,9950.0,1700.0,2100.0
162,2021-10-17 02:15:58,9820.0,300.0,400.0
163,2021-10-17 02:15:00,9820.0,100.0,100.0
