,Time,Price,Volume_per_trade,Volume
0,2021-10-20 07:45:00,24950.0,1000.0,3679000.0
1,2021-10-20 07:45:00,24950.0,1000.0,3678000.0
2,2021-10-20 07:45:00,24950.0,300.0,3677000.0
3,2021-10-20 07:45:00,24950.0,300.0,3676700.0
4,2021-10-20 07:45:00,24950.0,200.0,3676400.0
5,2021-10-20 07:45:00,24950.0,200.0,3676200.0
6,2021-10-20 07:45:00,24950.0,100.0,3676000.0
7,2021-10-20 07:45:00,24950.0,8900.0,3675900.0
8,2021-10-20 07:45:00,24950.0,10000.0,3667000.0
9,2021-10-20 07:45:00,24950.0,200.0,3657000.0
10,2021-10-20 07:45:00,24950.0,900.0,3656800.0
11,2021-10-20 07:45:00,24950.0,100.0,3655900.0
12,2021-10-20 07:45:00,24950.0,900.0,3655800.0
13,2021-10-20 07:45:00,24950.0,500.0,3654900.0
14,2021-10-20 07:45:00,24950.0,500.0,3654400.0
15,2021-10-20 07:45:00,24950.0,3800.0,3653900.0
16,2021-10-20 07:45:00,24950.0,300.0,3650100.0
17,2021-10-20 07:45:00,24950.0,500.0,3649800.0
18,2021-10-20 07:45:00,24950.0,2000.0,3649300.0
19,2021-10-20 07:45:00,24950.0,100.0,3647300.0
20,2021-10-20 07:45:00,24950.0,1000.0,3647200.0
21,2021-10-20 07:45:00,24950.0,200.0,3646200.0
22,2021-10-20 07:45:00,24950.0,200.0,3646000.0
23,2021-10-20 07:45:00,24950.0,800.0,3645800.0
24,2021-10-20 07:45:00,24950.0,2000.0,3645000.0
25,2021-10-20 07:45:00,24950.0,500.0,3643000.0
26,2021-10-20 07:45:00,24950.0,1700.0,3642500.0
27,2021-10-20 07:45:00,24950.0,600.0,3640800.0
28,2021-10-20 07:45:00,24950.0,100.0,3640200.0
29,2021-10-20 07:45:00,24950.0,100.0,3640100.0
30,2021-10-20 07:45:00,24950.0,3000.0,3640000.0
31,2021-10-20 07:45:00,24950.0,300.0,3637000.0
32,2021-10-20 07:45:00,24950.0,500.0,3636700.0
33,2021-10-20 07:45:00,24950.0,500.0,3636200.0
34,2021-10-20 07:45:00,24950.0,2000.0,3635700.0
35,2021-10-20 07:45:00,24950.0,1200.0,3633700.0
36,2021-10-20 07:45:00,24950.0,300.0,3632500.0
37,2021-10-20 07:45:00,24950.0,600.0,3632200.0
38,2021-10-20 07:45:00,24950.0,400.0,3631600.0
39,2021-10-20 07:45:00,24950.0,800.0,3631200.0
40,2021-10-20 07:45:00,24950.0,1000.0,3630400.0
41,2021-10-20 07:45:00,24950.0,500.0,3629400.0
42,2021-10-20 07:45:00,24950.0,1000.0,3628900.0
43,2021-10-20 07:45:00,24950.0,1700.0,3627900.0
44,2021-10-20 07:45:00,24950.0,2000.0,3626200.0
45,2021-10-20 07:45:00,24950.0,1000.0,3624200.0
46,2021-10-20 07:45:00,24950.0,300.0,3623200.0
47,2021-10-20 07:45:00,24950.0,1000.0,3622900.0
48,2021-10-20 07:45:00,24950.0,100.0,3621900.0
49,2021-10-20 07:29:45,24900.0,100.0,3621800.0
50,2021-10-20 07:29:38,24900.0,1500.0,3621700.0
51,2021-10-20 07:29:38,24900.0,300.0,3620200.0
52,2021-10-20 07:29:38,24900.0,300.0,3619900.0
53,2021-10-20 07:29:38,24900.0,2400.0,3619600.0
54,2021-10-20 07:29:38,24900.0,100.0,3617200.0
55,2021-10-20 07:29:18,24900.0,1000.0,3617100.0
56,2021-10-20 07:28:57,24900.0,400.0,3616100.0
57,2021-10-20 07:28:57,24900.0,1600.0,3615700.0
58,2021-10-20 07:28:39,24900.0,100.0,3614100.0
59,2021-10-20 07:28:27,24900.0,7100.0,3614000.0
60,2021-10-20 07:28:23,24900.0,1500.0,3606900.0
61,2021-10-20 07:28:10,24900.0,100.0,3605400.0
62,2021-10-20 07:28:10,24900.0,100.0,3605300.0
63,2021-10-20 07:28:10,24900.0,200.0,3605200.0
64,2021-10-20 07:27:53,24950.0,1200.0,3605000.0
65,2021-10-20 07:27:53,24950.0,300.0,3603800.0
66,2021-10-20 07:27:51,24900.0,1000.0,3603500.0
67,2021-10-20 07:27:46,24950.0,300.0,3602500.0
68,2021-10-20 07:27:39,24900.0,300.0,3602200.0
69,2021-10-20 07:27:37,24900.0,2900.0,3601900.0
70,2021-10-20 07:27:32,24900.0,1000.0,3599000.0
71,2021-10-20 07:27:31,24900.0,800.0,3598000.0
72,2021-10-20 07:27:31,24900.0,100.0,3597200.0
73,2021-10-20 07:27:31,24900.0,3100.0,3597100.0
74,2021-10-20 07:27:27,24850.0,100.0,3594000.0
75,2021-10-20 07:27:26,24900.0,200.0,3593900.0
76,2021-10-20 07:27:25,24900.0,100.0,3593700.0
77,2021-10-20 07:27:21,24900.0,1000.0,3593600.0
78,2021-10-20 07:27:14,24900.0,500.0,3592600.0
79,2021-10-20 07:27:08,24900.0,100.0,3592100.0
80,2021-10-20 07:27:08,24900.0,1900.0,3592000.0
81,2021-10-20 07:26:56,24900.0,100.0,3590100.0
82,2021-10-20 07:26:56,24850.0,300.0,3590000.0
83,2021-10-20 07:26:51,24900.0,100.0,3589700.0
84,2021-10-20 07:26:40,24900.0,500.0,3589600.0
85,2021-10-20 07:26:30,24900.0,2000.0,3589100.0
86,2021-10-20 07:26:27,24900.0,200.0,3587100.0
87,2021-10-20 07:26:22,24900.0,100.0,3586900.0
88,2021-10-20 07:26:21,24850.0,400.0,3586800.0
89,2021-10-20 07:26:16,24900.0,100.0,3586400.0
90,2021-10-20 07:25:52,24800.0,500.0,3586300.0
91,2021-10-20 07:25:52,24850.0,300.0,3585800.0
92,2021-10-20 07:25:47,24850.0,200.0,3585500.0
93,2021-10-20 07:25:47,24850.0,200.0,3585300.0
94,2021-10-20 07:25:47,24850.0,500.0,3585100.0
95,2021-10-20 07:25:47,24850.0,100.0,3584600.0
96,2021-10-20 07:25:45,24800.0,100.0,3584500.0
97,2021-10-20 07:25:45,24800.0,6900.0,3584400.0
98,2021-10-20 07:25:28,24800.0,300.0,3577500.0
99,2021-10-20 07:25:28,24800.0,300.0,3577200.0
100,2021-10-20 07:25:28,24800.0,3300.0,3576900.0
101,2021-10-20 07:25:28,24800.0,9200.0,3573600.0
102,2021-10-20 07:25:23,24800.0,200.0,3564400.0
103,2021-10-20 07:25:23,24800.0,10800.0,3564200.0
104,2021-10-20 07:25:22,24800.0,2400.0,3553400.0
105,2021-10-20 07:25:19,24800.0,200.0,3551000.0
106,2021-10-20 07:25:15,24800.0,200.0,3550800.0
107,2021-10-20 07:25:11,24800.0,10000.0,3550600.0
108,2021-10-20 07:25:04,24800.0,1000.0,3540600.0
109,2021-10-20 07:24:54,24800.0,1000.0,3539600.0
110,2021-10-20 07:24:52,24800.0,4500.0,3538600.0
111,2021-10-20 07:24:51,24800.0,500.0,3534100.0
112,2021-10-20 07:24:49,24850.0,200.0,3533600.0
113,2021-10-20 07:24:49,24850.0,200.0,3533400.0
114,2021-10-20 07:24:49,24850.0,200.0,3533200.0
115,2021-10-20 07:24:49,24850.0,100.0,3533000.0
116,2021-10-20 07:24:49,24850.0,500.0,3532900.0
117,2021-10-20 07:24:49,24850.0,800.0,3532400.0
118,2021-10-20 07:24:49,24800.0,100.0,3531600.0
119,2021-10-20 07:24:49,24800.0,400.0,3531500.0
120,2021-10-20 07:24:49,24800.0,300.0,3531100.0
121,2021-10-20 07:24:49,24800.0,1200.0,3530800.0
122,2021-10-20 07:24:40,24800.0,3000.0,3529600.0
123,2021-10-20 07:24:34,24750.0,100.0,3526600.0
124,2021-10-20 07:24:34,24750.0,400.0,3526500.0
125,2021-10-20 07:24:25,24750.0,600.0,3526100.0
126,2021-10-20 07:24:25,24750.0,100.0,3525500.0
127,2021-10-20 07:24:24,24700.0,18000.0,3525400.0
128,2021-10-20 07:24:24,24750.0,300.0,3507400.0
129,2021-10-20 07:24:24,24750.0,2000.0,3507100.0
130,2021-10-20 07:24:24,24750.0,100.0,3505100.0
131,2021-10-20 07:24:24,24750.0,400.0,3505000.0
132,2021-10-20 07:24:24,24750.0,100.0,3504600.0
133,2021-10-20 07:24:24,24750.0,100.0,3504500.0
134,2021-10-20 07:24:24,24750.0,400.0,3504400.0
135,2021-10-20 07:24:24,24750.0,200.0,3504000.0
136,2021-10-20 07:24:24,24750.0,400.0,3503800.0
137,2021-10-20 07:24:18,24750.0,300.0,3503400.0
138,2021-10-20 07:24:18,24800.0,200.0,3503100.0
139,2021-10-20 07:24:10,24750.0,300.0,3502900.0
140,2021-10-20 07:24:08,24800.0,100.0,3502600.0
141,2021-10-20 07:24:08,24800.0,5200.0,3502500.0
142,2021-10-20 07:24:07,24750.0,100.0,3497300.0
143,2021-10-20 07:24:07,24750.0,100.0,3497200.0
144,2021-10-20 07:24:07,24750.0,200.0,3497100.0
145,2021-10-20 07:24:07,24750.0,100.0,3496900.0
146,2021-10-20 07:24:03,24800.0,4000.0,3496800.0
147,2021-10-20 07:23:59,24750.0,100.0,3492800.0
148,2021-10-20 07:23:53,24750.0,500.0,3492700.0
149,2021-10-20 07:23:50,24800.0,100.0,3492200.0
150,2021-10-20 07:23:39,24800.0,2000.0,3492100.0
151,2021-10-20 07:23:33,24800.0,100.0,3490100.0
152,2021-10-20 07:23:17,24800.0,8600.0,3490000.0
153,2021-10-20 07:23:17,24800.0,500.0,3481400.0
154,2021-10-20 07:23:17,24800.0,600.0,3480900.0
155,2021-10-20 07:23:17,24800.0,200.0,3480300.0
156,2021-10-20 07:23:17,24800.0,100.0,3480100.0
157,2021-10-20 07:23:16,24750.0,1900.0,3480000.0
158,2021-10-20 07:23:15,24800.0,200.0,3478100.0
159,2021-10-20 07:23:13,24750.0,200.0,3477900.0
160,2021-10-20 07:23:05,24750.0,1700.0,3477700.0
161,2021-10-20 07:23:03,24800.0,100.0,3476000.0
162,2021-10-20 07:22:58,24800.0,200.0,3475900.0
163,2021-10-20 07:22:58,24800.0,100.0,3475700.0
164,2021-10-20 07:22:52,24750.0,300.0,3475600.0
165,2021-10-20 07:22:42,24750.0,100.0,3475300.0
166,2021-10-20 07:22:34,24750.0,100.0,3475200.0
167,2021-10-20 07:22:31,24800.0,300.0,3475100.0
168,2021-10-20 07:22:21,24700.0,100.0,3474800.0
169,2021-10-20 07:22:14,24700.0,300.0,3474700.0
170,2021-10-20 07:22:13,24700.0,200.0,3474400.0
171,2021-10-20 07:22:04,24800.0,2400.0,3474200.0
172,2021-10-20 07:22:04,24650.0,1500.0,3471800.0
173,2021-10-20 07:22:01,24600.0,2900.0,3470300.0
174,2021-10-20 07:22:01,24600.0,500.0,3467400.0
175,2021-10-20 07:22:01,24600.0,1600.0,3466900.0
176,2021-10-20 07:21:58,24650.0,1000.0,3465300.0
177,2021-10-20 07:21:58,24650.0,500.0,3464300.0
178,2021-10-20 07:21:48,24800.0,100.0,3463800.0
179,2021-10-20 07:21:48,24800.0,1600.0,3463700.0
180,2021-10-20 07:21:47,24800.0,500.0,3462100.0
181,2021-10-20 07:21:43,24800.0,100.0,3461600.0
182,2021-10-20 07:21:41,24800.0,400.0,3461500.0
183,2021-10-20 07:21:40,24800.0,100.0,3461100.0
184,2021-10-20 07:21:38,24800.0,8600.0,3461000.0
185,2021-10-20 07:21:25,24800.0,100.0,3452400.0
186,2021-10-20 07:21:22,24800.0,1000.0,3452300.0
187,2021-10-20 07:21:22,24800.0,200.0,3451300.0
188,2021-10-20 07:21:22,24800.0,500.0,3451100.0
189,2021-10-20 07:21:22,24800.0,500.0,3450600.0
190,2021-10-20 07:21:22,24800.0,2200.0,3450100.0
191,2021-10-20 07:21:22,24750.0,1000.0,3447900.0
192,2021-10-20 07:21:22,24750.0,20000.0,3446900.0
193,2021-10-20 07:21:22,24750.0,3000.0,3426900.0
194,2021-10-20 07:21:22,24700.0,200.0,3423900.0
195,2021-10-20 07:21:22,24700.0,1000.0,3423700.0
196,2021-10-20 07:21:22,24700.0,1000.0,3422700.0
197,2021-10-20 07:21:22,24700.0,100.0,3421700.0
198,2021-10-20 07:21:22,24700.0,6000.0,3421600.0
199,2021-10-20 07:21:22,24700.0,600.0,3415600.0
200,2021-10-20 07:21:22,24700.0,2000.0,3415000.0
201,2021-10-20 07:21:22,24700.0,100.0,3413000.0
202,2021-10-20 07:21:22,24700.0,300.0,3412900.0
203,2021-10-20 07:21:22,24700.0,1900.0,3412600.0
204,2021-10-20 07:21:22,24700.0,2100.0,3410700.0
205,2021-10-20 07:21:22,24650.0,100.0,3408600.0
206,2021-10-20 07:21:22,24650.0,1700.0,3408500.0
207,2021-10-20 07:21:22,24650.0,200.0,3406800.0
208,2021-10-20 07:21:22,24650.0,200.0,3406600.0
209,2021-10-20 07:21:22,24650.0,1000.0,3406400.0
210,2021-10-20 07:21:22,24650.0,1700.0,3405400.0
211,2021-10-20 07:21:19,24650.0,500.0,3403700.0
212,2021-10-20 07:21:18,24600.0,1100.0,3403200.0
213,2021-10-20 07:21:11,24600.0,300.0,3402100.0
214,2021-10-20 07:21:11,24600.0,300.0,3401800.0
215,2021-10-20 07:21:11,24600.0,100.0,3401500.0
216,2021-10-20 07:21:11,24600.0,100.0,3401400.0
217,2021-10-20 07:21:11,24600.0,100.0,3401300.0
218,2021-10-20 07:21:11,24600.0,100.0,3401200.0
219,2021-10-20 07:21:11,24600.0,1000.0,3401100.0
220,2021-10-20 07:21:10,24600.0,600.0,3400100.0
221,2021-10-20 07:21:04,24650.0,100.0,3399500.0
222,2021-10-20 07:21:04,24650.0,100.0,3399400.0
223,2021-10-20 07:21:03,24600.0,200.0,3399300.0
224,2021-10-20 07:21:03,24600.0,200.0,3399100.0
225,2021-10-20 07:20:57,24650.0,300.0,3398900.0
226,2021-10-20 07:20:54,24650.0,100.0,3398600.0
227,2021-10-20 07:20:53,24650.0,100.0,3398500.0
228,2021-10-20 07:20:47,24650.0,100.0,3398400.0
229,2021-10-20 07:20:44,24650.0,1000.0,3398300.0
230,2021-10-20 07:20:40,24650.0,100.0,3397300.0
231,2021-10-20 07:20:39,24650.0,100.0,3397200.0
232,2021-10-20 07:20:38,24650.0,1000.0,3397100.0
233,2021-10-20 07:20:38,24650.0,100.0,3396100.0
234,2021-10-20 07:20:38,24650.0,200.0,3396000.0
235,2021-10-20 07:20:38,24650.0,100.0,3395800.0
236,2021-10-20 07:20:38,24650.0,100.0,3395700.0
237,2021-10-20 07:20:38,24650.0,39300.0,3395600.0
238,2021-10-20 07:20:26,24700.0,2900.0,3356300.0
239,2021-10-20 07:20:18,24700.0,100.0,3353400.0
240,2021-10-20 07:20:18,24700.0,500.0,3353300.0
241,2021-10-20 07:20:06,24650.0,2400.0,3352800.0
242,2021-10-20 07:20:06,24700.0,600.0,3350400.0
243,2021-10-20 07:20:01,24700.0,800.0,3349800.0
244,2021-10-20 07:20:01,24700.0,100.0,3349000.0
245,2021-10-20 07:20:01,24700.0,5600.0,3348900.0
246,2021-10-20 07:20:01,24700.0,500.0,3343300.0
247,2021-10-20 07:20:01,24700.0,100.0,3342800.0
248,2021-10-20 07:20:01,24700.0,500.0,3342700.0
249,2021-10-20 07:20:01,24700.0,600.0,3342200.0
250,2021-10-20 07:20:01,24700.0,5300.0,3341600.0
251,2021-10-20 07:20:01,24700.0,2000.0,3336300.0
252,2021-10-20 07:20:01,24700.0,2000.0,3334300.0
253,2021-10-20 07:20:01,24700.0,1900.0,3332300.0
254,2021-10-20 07:19:57,24700.0,1000.0,3330400.0
255,2021-10-20 07:19:57,24650.0,8300.0,3329400.0
256,2021-10-20 07:19:57,24650.0,5000.0,3321100.0
257,2021-10-20 07:19:57,24650.0,500.0,3316100.0
258,2021-10-20 07:19:47,24650.0,500.0,3315600.0
259,2021-10-20 07:19:47,24650.0,500.0,3315100.0
260,2021-10-20 07:19:37,24700.0,600.0,3314600.0
261,2021-10-20 07:19:37,24700.0,2500.0,3314000.0
262,2021-10-20 07:19:37,24700.0,500.0,3311500.0
263,2021-10-20 07:19:37,24700.0,100.0,3311000.0
264,2021-10-20 07:19:37,24700.0,5000.0,3310900.0
265,2021-10-20 07:19:37,24700.0,500.0,3305900.0
266,2021-10-20 07:19:37,24700.0,10000.0,3305400.0
267,2021-10-20 07:19:37,24700.0,100.0,3295400.0
268,2021-10-20 07:19:37,24700.0,100.0,3295300.0
269,2021-10-20 07:19:37,24700.0,100.0,3295200.0
270,2021-10-20 07:19:37,24700.0,100.0,3295100.0
271,2021-10-20 07:19:37,24700.0,100.0,3295000.0
272,2021-10-20 07:19:37,24700.0,300.0,3294900.0
273,2021-10-20 07:19:28,24700.0,2100.0,3294600.0
274,2021-10-20 07:19:26,24700.0,600.0,3292500.0
275,2021-10-20 07:19:26,24700.0,300.0,3291900.0
276,2021-10-20 07:19:26,24700.0,500.0,3291600.0
277,2021-10-20 07:19:26,24700.0,2000.0,3291100.0
278,2021-10-20 07:19:26,24700.0,300.0,3289100.0
279,2021-10-20 07:19:26,24700.0,2000.0,3288800.0
280,2021-10-20 07:19:26,24700.0,300.0,3286800.0
281,2021-10-20 07:19:25,24700.0,400.0,3286500.0
282,2021-10-20 07:19:25,24700.0,100.0,3286100.0
283,2021-10-20 07:19:20,24700.0,700.0,3286000.0
284,2021-10-20 07:19:20,24700.0,100.0,3285300.0
285,2021-10-20 07:19:20,24700.0,100.0,3285200.0
286,2021-10-20 07:19:20,24700.0,100.0,3285100.0
287,2021-10-20 07:19:20,24700.0,3000.0,3285000.0
288,2021-10-20 07:19:17,24700.0,200.0,3282000.0
289,2021-10-20 07:19:14,24700.0,1600.0,3281800.0
290,2021-10-20 07:19:13,24700.0,200.0,3280200.0
291,2021-10-20 07:19:10,24700.0,1500.0,3280000.0
292,2021-10-20 07:19:01,24700.0,300.0,3278500.0
293,2021-10-20 07:19:00,24700.0,700.0,3278200.0
294,2021-10-20 07:18:52,24750.0,100.0,3277500.0
295,2021-10-20 07:18:48,24700.0,500.0,3277400.0
296,2021-10-20 07:18:48,24700.0,2000.0,3276900.0
297,2021-10-20 07:18:48,24700.0,200.0,3274900.0
298,2021-10-20 07:18:48,24700.0,100.0,3274700.0
299,2021-10-20 07:18:48,24700.0,100.0,3274600.0
300,2021-10-20 07:18:48,24700.0,800.0,3274500.0
301,2021-10-20 07:18:48,24700.0,200.0,3273700.0
302,2021-10-20 07:18:48,24700.0,200.0,3273500.0
303,2021-10-20 07:18:48,24700.0,5000.0,3273300.0
304,2021-10-20 07:18:48,24700.0,500.0,3268300.0
305,2021-10-20 07:18:48,24700.0,500.0,3267800.0
306,2021-10-20 07:18:48,24700.0,300.0,3267300.0
307,2021-10-20 07:18:48,24700.0,100.0,3267000.0
308,2021-10-20 07:18:40,24750.0,1200.0,3266900.0
309,2021-10-20 07:18:40,24700.0,900.0,3265700.0
310,2021-10-20 07:18:40,24700.0,500.0,3264800.0
311,2021-10-20 07:18:40,24700.0,1000.0,3264300.0
312,2021-10-20 07:18:40,24700.0,500.0,3263300.0
313,2021-10-20 07:18:40,24700.0,100.0,3262800.0
314,2021-10-20 07:18:31,24700.0,300.0,3262700.0
315,2021-10-20 07:18:31,24700.0,100.0,3262400.0
316,2021-10-20 07:18:31,24700.0,1600.0,3262300.0
317,2021-10-20 07:18:31,24700.0,400.0,3260700.0
318,2021-10-20 07:18:31,24700.0,500.0,3260300.0
319,2021-10-20 07:18:22,24700.0,300.0,3259800.0
320,2021-10-20 07:18:22,24750.0,100.0,3259500.0
321,2021-10-20 07:18:20,24750.0,200.0,3259400.0
322,2021-10-20 07:18:19,24700.0,200.0,3259200.0
323,2021-10-20 07:18:19,24700.0,500.0,3259000.0
324,2021-10-20 07:18:19,24700.0,500.0,3258500.0
325,2021-10-20 07:18:19,24700.0,500.0,3258000.0
326,2021-10-20 07:18:19,24700.0,1000.0,3257500.0
327,2021-10-20 07:18:19,24700.0,1000.0,3256500.0
328,2021-10-20 07:18:19,24700.0,200.0,3255500.0
329,2021-10-20 07:18:19,24700.0,100.0,3255300.0
330,2021-10-20 07:18:19,24700.0,100.0,3255200.0
331,2021-10-20 07:18:19,24700.0,1000.0,3255100.0
332,2021-10-20 07:18:19,24700.0,500.0,3254100.0
333,2021-10-20 07:18:19,24700.0,100.0,3253600.0
334,2021-10-20 07:18:13,24750.0,100.0,3253500.0
335,2021-10-20 07:18:13,24750.0,1000.0,3253400.0
336,2021-10-20 07:18:13,24750.0,300.0,3252400.0
337,2021-10-20 07:18:08,24750.0,900.0,3252100.0
338,2021-10-20 07:17:57,24750.0,800.0,3251200.0
339,2021-10-20 07:17:57,24750.0,100.0,3250400.0
340,2021-10-20 07:17:57,24750.0,100.0,3250300.0
341,2021-10-20 07:17:57,24750.0,100.0,3250200.0
342,2021-10-20 07:17:57,24750.0,500.0,3250100.0
343,2021-10-20 07:17:57,24750.0,2000.0,3249600.0
344,2021-10-20 07:17:57,24750.0,300.0,3247600.0
345,2021-10-20 07:17:57,24750.0,200.0,3247300.0
346,2021-10-20 07:17:57,24750.0,900.0,3247100.0
347,2021-10-20 07:17:56,24750.0,100.0,3246200.0
348,2021-10-20 07:17:54,24750.0,400.0,3246100.0
349,2021-10-20 07:17:48,24750.0,7900.0,3245700.0
350,2021-10-20 07:17:42,24750.0,700.0,3237800.0
351,2021-10-20 07:17:42,24750.0,100.0,3237100.0
352,2021-10-20 07:17:42,24750.0,1000.0,3237000.0
353,2021-10-20 07:17:42,24750.0,200.0,3236000.0
354,2021-10-20 07:17:42,24750.0,300.0,3235800.0
355,2021-10-20 07:17:42,24750.0,1000.0,3235500.0
356,2021-10-20 07:17:42,24750.0,500.0,3234500.0
357,2021-10-20 07:17:42,24750.0,100.0,3234000.0
358,2021-10-20 07:17:42,24750.0,100.0,3233900.0
359,2021-10-20 07:17:42,24750.0,100.0,3233800.0
360,2021-10-20 07:17:42,24750.0,500.0,3233700.0
361,2021-10-20 07:17:42,24750.0,400.0,3233200.0
362,2021-10-20 07:17:33,24800.0,100.0,3232800.0
363,2021-10-20 07:17:22,24800.0,100.0,3232700.0
364,2021-10-20 07:17:19,24800.0,500.0,3232600.0
365,2021-10-20 07:17:19,24800.0,200.0,3232100.0
366,2021-10-20 07:17:19,24800.0,100.0,3231900.0
367,2021-10-20 07:17:19,24800.0,1000.0,3231800.0
368,2021-10-20 07:17:19,24800.0,5000.0,3230800.0
369,2021-10-20 07:17:19,24800.0,100.0,3225800.0
370,2021-10-20 07:17:19,24800.0,500.0,3225700.0
371,2021-10-20 07:17:19,24800.0,100.0,3225200.0
372,2021-10-20 07:17:19,24800.0,100.0,3225100.0
373,2021-10-20 07:17:19,24800.0,200.0,3225000.0
374,2021-10-20 07:17:19,24800.0,200.0,3224800.0
375,2021-10-20 07:17:19,24800.0,300.0,3224600.0
376,2021-10-20 07:17:19,24800.0,100.0,3224300.0
377,2021-10-20 07:17:19,24800.0,100.0,3224200.0
378,2021-10-20 07:17:19,24800.0,1000.0,3224100.0
379,2021-10-20 07:17:19,24800.0,500.0,3223100.0
380,2021-10-20 07:17:19,24800.0,100.0,3222600.0
381,2021-10-20 07:17:19,24800.0,500.0,3222500.0
382,2021-10-20 07:17:19,24800.0,500.0,3222000.0
383,2021-10-20 07:17:19,24800.0,500.0,3221500.0
384,2021-10-20 07:17:19,24800.0,200.0,3221000.0
385,2021-10-20 07:17:19,24800.0,2900.0,3220800.0
386,2021-10-20 07:17:19,24800.0,500.0,3217900.0
387,2021-10-20 07:17:19,24800.0,100.0,3217400.0
388,2021-10-20 07:17:19,24800.0,1000.0,3217300.0
389,2021-10-20 07:17:19,24800.0,100.0,3216300.0
390,2021-10-20 07:17:19,24800.0,100.0,3216200.0
391,2021-10-20 07:17:19,24800.0,1000.0,3216100.0
392,2021-10-20 07:17:19,24800.0,500.0,3215100.0
393,2021-10-20 07:17:19,24800.0,100.0,3214600.0
394,2021-10-20 07:17:19,24800.0,100.0,3214500.0
395,2021-10-20 07:17:19,24800.0,200.0,3214400.0
396,2021-10-20 07:17:19,24800.0,100.0,3214200.0
397,2021-10-20 07:17:19,24800.0,200.0,3214100.0
398,2021-10-20 07:17:19,24800.0,100.0,3213900.0
399,2021-10-20 07:17:19,24800.0,300.0,3213800.0
400,2021-10-20 07:17:19,24800.0,400.0,3213500.0
401,2021-10-20 07:17:19,24800.0,500.0,3213100.0
402,2021-10-20 07:17:19,24800.0,1000.0,3212600.0
403,2021-10-20 07:17:19,24800.0,500.0,3211600.0
404,2021-10-20 07:17:19,24800.0,100.0,3211100.0
405,2021-10-20 07:17:19,24800.0,1000.0,3211000.0
406,2021-10-20 07:17:19,24800.0,100.0,3210000.0
407,2021-10-20 07:17:19,24800.0,800.0,3209900.0
408,2021-10-20 07:17:19,24800.0,500.0,3209100.0
409,2021-10-20 07:17:19,24800.0,1000.0,3208600.0
410,2021-10-20 07:17:19,24800.0,200.0,3207600.0
411,2021-10-20 07:17:19,24800.0,200.0,3207400.0
412,2021-10-20 07:17:19,24800.0,200.0,3207200.0
413,2021-10-20 07:17:19,24800.0,1000.0,3207000.0
414,2021-10-20 07:17:19,24800.0,10000.0,3206000.0
415,2021-10-20 07:17:19,24800.0,200.0,3196000.0
416,2021-10-20 07:17:19,24800.0,1000.0,3195800.0
417,2021-10-20 07:17:19,24800.0,100.0,3194800.0
418,2021-10-20 07:17:19,24800.0,1000.0,3194700.0
419,2021-10-20 07:17:19,24800.0,1000.0,3193700.0
420,2021-10-20 07:17:19,24800.0,500.0,3192700.0
421,2021-10-20 07:17:19,24800.0,3000.0,3192200.0
422,2021-10-20 07:17:19,24800.0,400.0,3189200.0
423,2021-10-20 07:17:19,24800.0,800.0,3188800.0
424,2021-10-20 07:17:19,24800.0,200.0,3188000.0
425,2021-10-20 07:17:19,24800.0,600.0,3187800.0
426,2021-10-20 07:17:19,24800.0,200.0,3187200.0
427,2021-10-20 07:17:19,24800.0,100.0,3187000.0
428,2021-10-20 07:17:19,24800.0,200.0,3186900.0
429,2021-10-20 07:17:19,24800.0,1700.0,3186700.0
430,2021-10-20 07:17:18,24800.0,1300.0,3185000.0
431,2021-10-20 07:17:18,24800.0,200.0,3183700.0
432,2021-10-20 07:17:18,24800.0,1000.0,3183500.0
433,2021-10-20 07:17:18,24800.0,200.0,3182500.0
434,2021-10-20 07:17:18,24800.0,100.0,3182300.0
435,2021-10-20 07:17:18,24800.0,100.0,3182200.0
436,2021-10-20 07:17:18,24800.0,100.0,3182100.0
437,2021-10-20 07:17:18,24800.0,100.0,3182000.0
438,2021-10-20 07:17:18,24800.0,400.0,3181900.0
439,2021-10-20 07:17:18,24800.0,1000.0,3181500.0
440,2021-10-20 07:17:18,24800.0,400.0,3180500.0
441,2021-10-20 07:17:18,24800.0,2000.0,3180100.0
442,2021-10-20 07:17:18,24800.0,100.0,3178100.0
443,2021-10-20 07:17:18,24800.0,300.0,3178000.0
444,2021-10-20 07:17:18,24800.0,500.0,3177700.0
445,2021-10-20 07:17:18,24800.0,500.0,3177200.0
446,2021-10-20 07:17:18,24800.0,1000.0,3176700.0
447,2021-10-20 07:17:18,24800.0,300.0,3175700.0
448,2021-10-20 07:17:18,24800.0,300.0,3175400.0
449,2021-10-20 07:17:18,24800.0,3000.0,3175100.0
450,2021-10-20 07:17:18,24800.0,5000.0,3172100.0
451,2021-10-20 07:17:18,24800.0,200.0,3167100.0
452,2021-10-20 07:17:18,24800.0,100.0,3166900.0
453,2021-10-20 07:17:18,24800.0,1000.0,3166800.0
454,2021-10-20 07:17:18,24800.0,100.0,3165800.0
455,2021-10-20 07:17:18,24800.0,100.0,3165700.0
456,2021-10-20 07:17:18,24800.0,300.0,3165600.0
457,2021-10-20 07:17:18,24800.0,500.0,3165300.0
458,2021-10-20 07:17:18,24800.0,200.0,3164800.0
459,2021-10-20 07:17:18,24800.0,3000.0,3164600.0
460,2021-10-20 07:17:18,24800.0,4000.0,3161600.0
461,2021-10-20 07:17:18,24800.0,1000.0,3157600.0
462,2021-10-20 07:17:18,24800.0,500.0,3156600.0
463,2021-10-20 07:17:18,24800.0,2000.0,3156100.0
464,2021-10-20 07:17:18,24800.0,1000.0,3154100.0
465,2021-10-20 07:17:18,24800.0,1000.0,3153100.0
466,2021-10-20 07:17:18,24800.0,200.0,3152100.0
467,2021-10-20 07:17:18,24800.0,500.0,3151900.0
468,2021-10-20 07:17:18,24800.0,300.0,3151400.0
469,2021-10-20 07:17:18,24800.0,200.0,3151100.0
470,2021-10-20 07:17:18,24800.0,500.0,3150900.0
471,2021-10-20 07:17:18,24800.0,5000.0,3150400.0
472,2021-10-20 07:17:18,24800.0,500.0,3145400.0
473,2021-10-20 07:17:18,24800.0,1000.0,3144900.0
474,2021-10-20 07:17:18,24800.0,1000.0,3143900.0
475,2021-10-20 07:17:18,24800.0,200.0,3142900.0
476,2021-10-20 07:17:18,24800.0,500.0,3142700.0
477,2021-10-20 07:17:18,24800.0,1000.0,3142200.0
478,2021-10-20 07:17:18,24800.0,1000.0,3141200.0
479,2021-10-20 07:17:18,24800.0,100.0,3140200.0
480,2021-10-20 07:17:18,24800.0,200.0,3140100.0
481,2021-10-20 07:17:18,24800.0,100.0,3139900.0
482,2021-10-20 07:17:18,24800.0,100.0,3139800.0
483,2021-10-20 07:17:18,24800.0,100.0,3139700.0
484,2021-10-20 07:17:18,24800.0,500.0,3139600.0
485,2021-10-20 07:17:18,24800.0,100.0,3139100.0
486,2021-10-20 07:17:18,24800.0,100.0,3139000.0
487,2021-10-20 07:17:18,24800.0,500.0,3138900.0
488,2021-10-20 07:17:18,24800.0,100.0,3138400.0
489,2021-10-20 07:17:18,24800.0,500.0,3138300.0
490,2021-10-20 07:17:18,24800.0,1000.0,3137800.0
491,2021-10-20 07:17:18,24800.0,400.0,3136800.0
492,2021-10-20 07:17:18,24800.0,100.0,3136400.0
493,2021-10-20 07:17:18,24800.0,1000.0,3136300.0
494,2021-10-20 07:17:18,24800.0,200.0,3135300.0
495,2021-10-20 07:17:18,24800.0,100.0,3135100.0
496,2021-10-20 07:17:10,24800.0,100.0,3135000.0
497,2021-10-20 07:17:10,24800.0,100.0,3134900.0
498,2021-10-20 07:17:10,24800.0,800.0,3134800.0
499,2021-10-20 07:17:09,24800.0,100.0,3134000.0
500,2021-10-20 07:17:09,24800.0,100.0,3133900.0
501,2021-10-20 07:17:09,24800.0,500.0,3133800.0
502,2021-10-20 07:17:09,24800.0,100.0,3133300.0
503,2021-10-20 07:17:09,24800.0,200.0,3133200.0
504,2021-10-20 07:17:09,24800.0,1200.0,3133000.0
505,2021-10-20 07:17:02,24800.0,400.0,3131800.0
506,2021-10-20 07:17:02,24800.0,200.0,3131400.0
507,2021-10-20 07:17:02,24800.0,200.0,3131200.0
508,2021-10-20 07:17:02,24800.0,1000.0,3131000.0
509,2021-10-20 07:17:02,24800.0,500.0,3130000.0
510,2021-10-20 07:17:02,24800.0,100.0,3129500.0
511,2021-10-20 07:17:02,24800.0,3000.0,3129400.0
512,2021-10-20 07:16:58,24800.0,5000.0,3126400.0
513,2021-10-20 07:16:53,24800.0,200.0,3121400.0
514,2021-10-20 07:16:52,24800.0,1800.0,3121200.0
515,2021-10-20 07:16:52,24800.0,300.0,3119400.0
516,2021-10-20 07:16:48,24800.0,2000.0,3119100.0
517,2021-10-20 07:16:43,24800.0,200.0,3117100.0
518,2021-10-20 07:16:43,24800.0,200.0,3116900.0
519,2021-10-20 07:16:43,24800.0,1000.0,3116700.0
520,2021-10-20 07:16:43,24800.0,100.0,3115700.0
521,2021-10-20 07:16:31,24800.0,600.0,3115600.0
522,2021-10-20 07:16:29,24800.0,400.0,3115000.0
523,2021-10-20 07:16:29,24800.0,100.0,3114600.0
524,2021-10-20 07:16:29,24800.0,100.0,3114500.0
525,2021-10-20 07:16:29,24800.0,200.0,3114400.0
526,2021-10-20 07:16:29,24800.0,100.0,3114200.0
527,2021-10-20 07:16:29,24800.0,9100.0,3114100.0
528,2021-10-20 07:16:24,24800.0,900.0,3105000.0
529,2021-10-20 07:16:24,24800.0,200.0,3104100.0
530,2021-10-20 07:16:24,24800.0,500.0,3103900.0
531,2021-10-20 07:16:24,24800.0,1000.0,3103400.0
532,2021-10-20 07:16:24,24800.0,200.0,3102400.0
533,2021-10-20 07:16:24,24800.0,100.0,3102200.0
534,2021-10-20 07:16:24,24800.0,100.0,3102100.0
535,2021-10-20 07:16:24,24800.0,100.0,3102000.0
536,2021-10-20 07:16:24,24800.0,500.0,3101900.0
537,2021-10-20 07:16:24,24800.0,100.0,3101400.0
538,2021-10-20 07:16:24,24800.0,100.0,3101300.0
539,2021-10-20 07:16:22,24800.0,100.0,3101200.0
540,2021-10-20 07:16:22,24800.0,200.0,3101100.0
541,2021-10-20 07:16:22,24800.0,200.0,3100900.0
542,2021-10-20 07:16:14,24800.0,100.0,3100700.0
543,2021-10-20 07:16:14,24800.0,100.0,3100600.0
544,2021-10-20 07:16:14,24800.0,1000.0,3100500.0
545,2021-10-20 07:16:14,24800.0,200.0,3099500.0
546,2021-10-20 07:16:14,24800.0,1800.0,3099300.0
547,2021-10-20 07:16:08,24800.0,200.0,3097500.0
548,2021-10-20 07:16:08,24800.0,200.0,3097300.0
549,2021-10-20 07:16:08,24800.0,100.0,3097100.0
550,2021-10-20 07:15:49,24800.0,200.0,3097000.0
551,2021-10-20 07:15:49,24800.0,1800.0,3096800.0
552,2021-10-20 07:15:45,24800.0,100.0,3095000.0
553,2021-10-20 07:15:44,24800.0,100.0,3094900.0
554,2021-10-20 07:15:31,24800.0,1000.0,3094800.0
555,2021-10-20 07:15:29,24850.0,700.0,3093800.0
556,2021-10-20 07:15:29,24850.0,2000.0,3093100.0
557,2021-10-20 07:15:29,24850.0,1800.0,3091100.0
558,2021-10-20 07:15:27,24800.0,500.0,3089300.0
559,2021-10-20 07:14:48,24850.0,1100.0,3088800.0
560,2021-10-20 07:14:46,24800.0,1500.0,3087700.0
561,2021-10-20 07:14:46,24800.0,500.0,3086200.0
562,2021-10-20 07:14:46,24800.0,1000.0,3085700.0
563,2021-10-20 07:14:41,24850.0,100.0,3084700.0
564,2021-10-20 07:14:35,24850.0,1900.0,3084600.0
565,2021-10-20 07:14:35,24850.0,100.0,3082700.0
566,2021-10-20 07:14:35,24850.0,600.0,3082600.0
567,2021-10-20 07:14:35,24850.0,300.0,3082000.0
568,2021-10-20 07:14:35,24850.0,100.0,3081700.0
569,2021-10-20 07:14:35,24850.0,300.0,3081600.0
570,2021-10-20 07:14:35,24850.0,500.0,3081300.0
571,2021-10-20 07:14:35,24850.0,100.0,3080800.0
572,2021-10-20 07:14:35,24850.0,1000.0,3080700.0
573,2021-10-20 07:14:35,24850.0,200.0,3079700.0
574,2021-10-20 07:14:35,24850.0,5000.0,3079500.0
575,2021-10-20 07:14:35,24850.0,200.0,3074500.0
576,2021-10-20 07:14:35,24850.0,200.0,3074300.0
577,2021-10-20 07:14:35,24850.0,100.0,3074100.0
578,2021-10-20 07:14:35,24850.0,200.0,3074000.0
579,2021-10-20 07:14:35,24850.0,500.0,3073800.0
580,2021-10-20 07:14:35,24850.0,100.0,3073300.0
581,2021-10-20 07:14:35,24850.0,100.0,3073200.0
582,2021-10-20 07:14:35,24850.0,300.0,3073100.0
583,2021-10-20 07:14:35,24850.0,200.0,3072800.0
584,2021-10-20 07:14:35,24850.0,1000.0,3072600.0
585,2021-10-20 07:14:35,24850.0,500.0,3071600.0
586,2021-10-20 07:14:35,24850.0,500.0,3071100.0
587,2021-10-20 07:14:35,24850.0,300.0,3070600.0
588,2021-10-20 07:14:35,24850.0,5000.0,3070300.0
589,2021-10-20 07:14:35,24850.0,100.0,3065300.0
590,2021-10-20 07:14:35,24850.0,600.0,3065200.0
591,2021-10-20 07:14:34,24850.0,200.0,3064600.0
592,2021-10-20 07:14:00,24850.0,1000.0,3064400.0
593,2021-10-20 07:13:59,24850.0,100.0,3063400.0
594,2021-10-20 07:13:59,24850.0,100.0,3063300.0
595,2021-10-20 07:13:59,24850.0,100.0,3063200.0
596,2021-10-20 07:13:59,24850.0,100.0,3063100.0
597,2021-10-20 07:13:59,24850.0,100.0,3063000.0
598,2021-10-20 07:13:59,24850.0,500.0,3062900.0
599,2021-10-20 07:13:59,24850.0,1000.0,3062400.0
600,2021-10-20 07:13:55,24850.0,400.0,3061400.0
601,2021-10-20 07:13:55,24850.0,1000.0,3061000.0
602,2021-10-20 07:13:55,24850.0,100.0,3060000.0
603,2021-10-20 07:13:55,24850.0,1400.0,3059900.0
604,2021-10-20 07:13:55,24850.0,100.0,3058500.0
605,2021-10-20 07:13:55,24850.0,100.0,3058400.0
606,2021-10-20 07:13:55,24850.0,100.0,3058300.0
607,2021-10-20 07:13:55,24850.0,100.0,3058200.0
608,2021-10-20 07:13:55,24850.0,100.0,3058100.0
609,2021-10-20 07:13:55,24850.0,100.0,3058000.0
610,2021-10-20 07:13:55,24850.0,900.0,3057900.0
611,2021-10-20 07:13:55,24850.0,1000.0,3057000.0
612,2021-10-20 07:13:55,24850.0,200.0,3056000.0
613,2021-10-20 07:13:55,24850.0,200.0,3055800.0
614,2021-10-20 07:13:55,24850.0,2100.0,3055600.0
615,2021-10-20 07:13:55,24850.0,100.0,3053500.0
616,2021-10-20 07:13:55,24850.0,100.0,3053400.0
617,2021-10-20 07:13:55,24850.0,100.0,3053300.0
618,2021-10-20 07:13:55,24850.0,100.0,3053200.0
619,2021-10-20 07:13:55,24850.0,1000.0,3053100.0
620,2021-10-20 07:13:55,24850.0,700.0,3052100.0
621,2021-10-20 07:13:55,24850.0,600.0,3051400.0
622,2021-10-20 07:13:55,24850.0,3000.0,3050800.0
623,2021-10-20 07:13:55,24850.0,400.0,3047800.0
624,2021-10-20 07:13:35,24850.0,200.0,3047400.0
625,2021-10-20 07:13:22,24850.0,400.0,3047200.0
626,2021-10-20 07:13:22,24850.0,2000.0,3046800.0
627,2021-10-20 07:13:22,24850.0,5000.0,3044800.0
628,2021-10-20 07:13:22,24850.0,2000.0,3039800.0
629,2021-10-20 07:13:22,24850.0,500.0,3037800.0
630,2021-10-20 07:13:22,24850.0,3200.0,3037300.0
631,2021-10-20 07:12:58,24900.0,2100.0,3034100.0
632,2021-10-20 07:12:57,24900.0,100.0,3032000.0
633,2021-10-20 07:12:57,24900.0,100.0,3031900.0
634,2021-10-20 07:12:57,24900.0,500.0,3031800.0
635,2021-10-20 07:12:57,24900.0,1500.0,3031300.0
636,2021-10-20 07:12:57,24900.0,1000.0,3029800.0
637,2021-10-20 07:12:57,24900.0,100.0,3028800.0
638,2021-10-20 07:12:57,24900.0,1500.0,3028700.0
639,2021-10-20 07:12:38,24900.0,700.0,3027200.0
640,2021-10-20 07:12:38,24900.0,100.0,3026500.0
641,2021-10-20 07:12:38,24900.0,500.0,3026400.0
642,2021-10-20 07:12:38,24900.0,2000.0,3025900.0
643,2021-10-20 07:12:38,24900.0,100.0,3023900.0
644,2021-10-20 07:12:38,24900.0,200.0,3023800.0
645,2021-10-20 07:12:38,24900.0,300.0,3023600.0
646,2021-10-20 07:12:38,24900.0,100.0,3023300.0
647,2021-10-20 07:12:38,24900.0,100.0,3023200.0
648,2021-10-20 07:12:38,24900.0,900.0,3023100.0
649,2021-10-20 07:12:37,24900.0,300.0,3022200.0
650,2021-10-20 07:12:37,24900.0,100.0,3021900.0
651,2021-10-20 07:12:37,24900.0,100.0,3021800.0
652,2021-10-20 07:12:31,24900.0,100.0,3021700.0
653,2021-10-20 07:12:31,24900.0,100.0,3021600.0
654,2021-10-20 07:12:31,24900.0,100.0,3021500.0
655,2021-10-20 07:12:31,24900.0,100.0,3021400.0
656,2021-10-20 07:12:31,24900.0,600.0,3021300.0
657,2021-10-20 07:12:22,24900.0,100.0,3020700.0
658,2021-10-20 07:11:49,24900.0,300.0,3020600.0
659,2021-10-20 07:11:49,24900.0,100.0,3020300.0
660,2021-10-20 07:11:49,24900.0,600.0,3020200.0
661,2021-10-20 07:11:38,24950.0,200.0,3019600.0
662,2021-10-20 07:11:37,24900.0,200.0,3019400.0
663,2021-10-20 07:11:37,24900.0,100.0,3019200.0
664,2021-10-20 07:11:37,24900.0,100.0,3019100.0
665,2021-10-20 07:11:37,24900.0,500.0,3019000.0
666,2021-10-20 07:11:37,24900.0,1000.0,3018500.0
667,2021-10-20 07:11:31,24900.0,100.0,3017500.0
668,2021-10-20 07:11:31,24900.0,300.0,3017400.0
669,2021-10-20 07:11:31,24900.0,300.0,3017100.0
670,2021-10-20 07:11:31,24900.0,200.0,3016800.0
671,2021-10-20 07:11:31,24900.0,100.0,3016600.0
672,2021-10-20 07:10:59,24950.0,100.0,3016500.0
673,2021-10-20 07:10:56,24900.0,200.0,3016400.0
674,2021-10-20 07:10:40,24900.0,13600.0,3016200.0
675,2021-10-20 07:10:36,24900.0,1100.0,3002600.0
676,2021-10-20 07:10:36,24900.0,100.0,3001500.0
677,2021-10-20 07:10:36,24900.0,200.0,3001400.0
678,2021-10-20 07:10:36,24900.0,500.0,3001200.0
679,2021-10-20 07:10:36,24900.0,100.0,3000700.0
680,2021-10-20 07:10:12,24900.0,100.0,3000600.0
681,2021-10-20 07:10:07,24950.0,100.0,3000500.0
682,2021-10-20 07:10:06,24900.0,300.0,3000400.0
683,2021-10-20 07:10:04,24950.0,300.0,3000100.0
684,2021-10-20 07:09:42,24900.0,300.0,2999800.0
685,2021-10-20 07:09:40,24900.0,200.0,2999500.0
686,2021-10-20 07:09:40,24900.0,200.0,2999300.0
687,2021-10-20 07:09:40,24900.0,600.0,2999100.0
688,2021-10-20 07:09:33,24950.0,1000.0,2998500.0
689,2021-10-20 07:09:16,24950.0,800.0,2997500.0
690,2021-10-20 07:08:53,24950.0,900.0,2996700.0
691,2021-10-20 07:08:21,24950.0,1300.0,2995800.0
692,2021-10-20 07:08:21,24950.0,300.0,2994500.0
693,2021-10-20 07:07:43,24900.0,100.0,2994200.0
694,2021-10-20 07:07:22,24900.0,800.0,2994100.0
695,2021-10-20 07:07:22,24900.0,200.0,2993300.0
696,2021-10-20 07:07:22,24900.0,4800.0,2993100.0
697,2021-10-20 07:07:22,24900.0,5200.0,2988300.0
698,2021-10-20 07:07:18,24950.0,400.0,2983100.0
699,2021-10-20 07:07:18,24950.0,500.0,2982700.0
700,2021-10-20 07:07:18,24950.0,9100.0,2982200.0
701,2021-10-20 07:07:11,24950.0,12800.0,2973100.0
702,2021-10-20 07:07:11,24950.0,1000.0,2960300.0
703,2021-10-20 07:07:11,24950.0,5200.0,2959300.0
704,2021-10-20 07:07:02,24900.0,100.0,2954100.0
705,2021-10-20 07:06:56,24950.0,2800.0,2954000.0
706,2021-10-20 07:06:56,24950.0,300.0,2951200.0
707,2021-10-20 07:06:56,24950.0,1000.0,2950900.0
708,2021-10-20 07:06:56,24950.0,900.0,2949900.0
709,2021-10-20 07:06:56,24950.0,10000.0,2949000.0
710,2021-10-20 07:06:56,24950.0,1500.0,2939000.0
711,2021-10-20 07:06:56,24950.0,2500.0,2937500.0
712,2021-10-20 07:06:47,24900.0,1000.0,2935000.0
713,2021-10-20 07:06:44,24900.0,100.0,2934000.0
714,2021-10-20 07:06:40,24900.0,200.0,2933900.0
715,2021-10-20 07:06:03,24900.0,1500.0,2933700.0
716,2021-10-20 07:05:25,24950.0,100.0,2932200.0
717,2021-10-20 07:05:25,24950.0,100.0,2932100.0
718,2021-10-20 07:05:25,24950.0,100.0,2932000.0
719,2021-10-20 07:05:24,24950.0,100.0,2931900.0
720,2021-10-20 07:05:19,24900.0,500.0,2931800.0
721,2021-10-20 07:03:42,24900.0,800.0,2931300.0
722,2021-10-20 07:03:42,24900.0,1000.0,2930500.0
723,2021-10-20 07:03:42,24900.0,1500.0,2929500.0
724,2021-10-20 07:03:42,24900.0,1000.0,2928000.0
725,2021-10-20 07:03:42,24900.0,6800.0,2927000.0
726,2021-10-20 07:03:42,24900.0,300.0,2920200.0
727,2021-10-20 07:03:39,24900.0,1000.0,2919900.0
728,2021-10-20 07:02:32,24900.0,100.0,2918900.0
729,2021-10-20 07:02:32,24900.0,600.0,2918800.0
730,2021-10-20 07:02:29,24900.0,2000.0,2918200.0
731,2021-10-20 07:01:59,24900.0,400.0,2916200.0
732,2021-10-20 07:01:59,24900.0,1000.0,2915800.0
733,2021-10-20 07:01:59,24900.0,500.0,2914800.0
734,2021-10-20 07:01:59,24900.0,200.0,2914300.0
735,2021-10-20 07:01:59,24900.0,3300.0,2914100.0
736,2021-10-20 07:01:42,24900.0,500.0,2910800.0
737,2021-10-20 07:01:25,24900.0,1000.0,2910300.0
738,2021-10-20 07:01:08,24900.0,2100.0,2909300.0
739,2021-10-20 07:01:08,24900.0,500.0,2907200.0
740,2021-10-20 07:01:08,24900.0,500.0,2906700.0
741,2021-10-20 07:01:08,24900.0,200.0,2906200.0
742,2021-10-20 07:01:08,24900.0,1000.0,2906000.0
743,2021-10-20 07:00:55,24950.0,100.0,2905000.0
744,2021-10-20 06:59:50,24950.0,2000.0,2904900.0
745,2021-10-20 06:59:50,24950.0,500.0,2902900.0
746,2021-10-20 06:59:50,24950.0,500.0,2902400.0
747,2021-10-20 06:59:50,24950.0,7000.0,2901900.0
748,2021-10-20 06:59:42,24950.0,9000.0,2894900.0
749,2021-10-20 06:59:42,24900.0,1000.0,2885900.0
750,2021-10-20 06:59:35,24850.0,1800.0,2884900.0
751,2021-10-20 06:59:35,24850.0,200.0,2883100.0
752,2021-10-20 06:59:35,24850.0,1000.0,2882900.0
753,2021-10-20 06:59:35,24850.0,6000.0,2881900.0
754,2021-10-20 06:59:35,24900.0,1000.0,2875900.0
755,2021-10-20 06:59:35,24900.0,500.0,2874900.0
756,2021-10-20 06:59:35,24900.0,100.0,2874400.0
757,2021-10-20 06:59:35,24900.0,100.0,2874300.0
758,2021-10-20 06:59:35,24900.0,300.0,2874200.0
759,2021-10-20 06:59:34,24950.0,10000.0,2873900.0
760,2021-10-20 06:58:40,24900.0,700.0,2863900.0
761,2021-10-20 06:58:39,24900.0,100.0,2863200.0
762,2021-10-20 06:58:35,24900.0,200.0,2863100.0
763,2021-10-20 06:58:32,24900.0,400.0,2862900.0
764,2021-10-20 06:58:32,24900.0,400.0,2862500.0
765,2021-10-20 06:58:31,24900.0,100.0,2862100.0
766,2021-10-20 06:58:06,24900.0,300.0,2862000.0
767,2021-10-20 06:57:59,24900.0,200.0,2861700.0
768,2021-10-20 06:57:53,24900.0,300.0,2861500.0
769,2021-10-20 06:57:48,24900.0,100.0,2861200.0
770,2021-10-20 06:57:36,24900.0,100.0,2861100.0
771,2021-10-20 06:57:23,24900.0,3500.0,2861000.0
772,2021-10-20 06:57:23,24900.0,200.0,2857500.0
773,2021-10-20 06:57:23,24900.0,3000.0,2857300.0
774,2021-10-20 06:57:23,24900.0,1000.0,2854300.0
775,2021-10-20 06:57:23,24900.0,17300.0,2853300.0
776,2021-10-20 06:57:21,24900.0,200.0,2836000.0
777,2021-10-20 06:56:00,24900.0,2500.0,2835800.0
778,2021-10-20 06:56:00,24900.0,500.0,2833300.0
779,2021-10-20 06:55:52,24900.0,100.0,2832800.0
780,2021-10-20 06:55:52,24900.0,100.0,2832700.0
781,2021-10-20 06:55:52,24900.0,100.0,2832600.0
782,2021-10-20 06:55:52,24900.0,2200.0,2832500.0
783,2021-10-20 06:55:37,24900.0,200.0,2830300.0
784,2021-10-20 06:55:20,24900.0,500.0,2830100.0
785,2021-10-20 06:55:20,24900.0,100.0,2829600.0
786,2021-10-20 06:54:40,24900.0,1000.0,2829500.0
787,2021-10-20 06:54:23,24900.0,1000.0,2828500.0
788,2021-10-20 06:54:13,24900.0,100.0,2827500.0
789,2021-10-20 06:54:09,24900.0,2500.0,2827400.0
790,2021-10-20 06:54:07,24900.0,2000.0,2824900.0
791,2021-10-20 06:54:07,24900.0,5000.0,2822900.0
792,2021-10-20 06:54:07,24900.0,300.0,2817900.0
793,2021-10-20 06:54:07,24900.0,100.0,2817600.0
794,2021-10-20 06:54:02,24900.0,400.0,2817500.0
795,2021-10-20 06:54:02,24900.0,100.0,2817100.0
796,2021-10-20 06:54:02,24900.0,9500.0,2817000.0
797,2021-10-20 06:54:02,24900.0,100.0,2807500.0
798,2021-10-20 06:53:55,24900.0,4000.0,2807400.0
799,2021-10-20 06:53:49,24900.0,500.0,2803400.0
800,2021-10-20 06:53:37,24850.0,500.0,2802900.0
801,2021-10-20 06:53:37,24900.0,900.0,2802400.0
802,2021-10-20 06:53:37,24900.0,1100.0,2801500.0
803,2021-10-20 06:53:14,24900.0,1800.0,2800400.0
804,2021-10-20 06:53:03,24900.0,100.0,2798600.0
805,2021-10-20 06:52:26,24900.0,5000.0,2798500.0
806,2021-10-20 06:52:09,24850.0,100.0,2793500.0
807,2021-10-20 06:52:09,24900.0,100.0,2793400.0
808,2021-10-20 06:52:09,24900.0,100.0,2793300.0
809,2021-10-20 06:51:58,24950.0,500.0,2793200.0
810,2021-10-20 06:51:43,24900.0,400.0,2792700.0
811,2021-10-20 06:51:43,24900.0,100.0,2792300.0
812,2021-10-20 06:51:43,24900.0,2600.0,2792200.0
813,2021-10-20 06:51:43,24900.0,200.0,2789600.0
814,2021-10-20 06:51:43,24900.0,100.0,2789400.0
815,2021-10-20 06:51:43,24900.0,500.0,2789300.0
816,2021-10-20 06:51:43,24900.0,100.0,2788800.0
817,2021-10-20 06:51:38,24950.0,100.0,2788700.0
818,2021-10-20 06:51:06,24900.0,900.0,2788600.0
819,2021-10-20 06:51:06,24900.0,200.0,2787700.0
820,2021-10-20 06:51:06,24900.0,500.0,2787500.0
821,2021-10-20 06:51:06,24900.0,200.0,2787000.0
822,2021-10-20 06:51:06,24900.0,3200.0,2786800.0
823,2021-10-20 06:50:57,24900.0,100.0,2783600.0
824,2021-10-20 06:50:48,24900.0,5000.0,2783500.0
825,2021-10-20 06:50:35,24900.0,1000.0,2778500.0
826,2021-10-20 06:50:22,24900.0,100.0,2777500.0
827,2021-10-20 06:50:09,24900.0,600.0,2777400.0
828,2021-10-20 06:50:09,24900.0,400.0,2776800.0
829,2021-10-20 06:49:34,24900.0,100.0,2776400.0
830,2021-10-20 06:49:11,24900.0,1000.0,2776300.0
831,2021-10-20 06:49:08,24900.0,100.0,2775300.0
832,2021-10-20 06:48:56,24900.0,1000.0,2775200.0
833,2021-10-20 06:48:53,24900.0,800.0,2774200.0
834,2021-10-20 06:48:51,24950.0,3400.0,2773400.0
835,2021-10-20 06:48:51,24950.0,1000.0,2770000.0
836,2021-10-20 06:48:51,24950.0,1000.0,2769000.0
837,2021-10-20 06:48:51,24950.0,4500.0,2768000.0
838,2021-10-20 06:48:51,24950.0,100.0,2763500.0
839,2021-10-20 06:48:28,24900.0,1600.0,2763400.0
840,2021-10-20 06:48:28,24900.0,1000.0,2761800.0
841,2021-10-20 06:48:28,24900.0,900.0,2760800.0
842,2021-10-20 06:48:28,24900.0,300.0,2759900.0
843,2021-10-20 06:48:28,24900.0,11200.0,2759600.0
844,2021-10-20 06:47:49,24900.0,200.0,2748400.0
845,2021-10-20 06:47:18,24950.0,200.0,2748200.0
846,2021-10-20 06:47:06,24900.0,600.0,2748000.0
847,2021-10-20 06:47:06,24900.0,1000.0,2747400.0
848,2021-10-20 06:47:06,24900.0,200.0,2746400.0
849,2021-10-20 06:47:06,24900.0,200.0,2746200.0
850,2021-10-20 06:47:04,24950.0,100.0,2746000.0
851,2021-10-20 06:47:04,24950.0,200.0,2745900.0
852,2021-10-20 06:46:22,24950.0,200.0,2745700.0
853,2021-10-20 06:46:22,24950.0,300.0,2745500.0
854,2021-10-20 06:45:51,24850.0,800.0,2745200.0
855,2021-10-20 06:45:51,24900.0,200.0,2744400.0
856,2021-10-20 06:45:39,24900.0,200.0,2744200.0
857,2021-10-20 06:45:39,24900.0,600.0,2744000.0
858,2021-10-20 06:45:27,24900.0,500.0,2743400.0
859,2021-10-20 06:45:18,24900.0,300.0,2742900.0
860,2021-10-20 06:45:11,24850.0,2600.0,2742600.0
861,2021-10-20 06:45:11,24850.0,200.0,2740000.0
862,2021-10-20 06:45:11,24850.0,200.0,2739800.0
863,2021-10-20 06:45:11,24850.0,400.0,2739600.0
864,2021-10-20 06:45:11,24850.0,100.0,2739200.0
865,2021-10-20 06:45:11,24850.0,1000.0,2739100.0
866,2021-10-20 06:45:11,24850.0,2500.0,2738100.0
867,2021-10-20 06:44:56,24900.0,2000.0,2735600.0
868,2021-10-20 06:44:52,24900.0,100.0,2733600.0
869,2021-10-20 06:44:42,24900.0,300.0,2733500.0
870,2021-10-20 06:44:35,24900.0,500.0,2733200.0
871,2021-10-20 06:44:34,24900.0,10000.0,2732700.0
872,2021-10-20 06:44:28,24900.0,100.0,2722700.0
873,2021-10-20 06:44:20,24900.0,100.0,2722600.0
874,2021-10-20 06:44:12,24900.0,300.0,2722500.0
875,2021-10-20 06:43:57,24900.0,100.0,2722200.0
876,2021-10-20 06:43:52,24900.0,5100.0,2722100.0
877,2021-10-20 06:43:47,24900.0,2000.0,2717000.0
878,2021-10-20 06:43:44,24900.0,2900.0,2715000.0
879,2021-10-20 06:43:38,24850.0,2500.0,2712100.0
880,2021-10-20 06:43:38,24850.0,300.0,2709600.0
881,2021-10-20 06:43:38,24850.0,2200.0,2709300.0
882,2021-10-20 06:43:37,24850.0,3300.0,2707100.0
883,2021-10-20 06:43:37,24850.0,300.0,2703800.0
884,2021-10-20 06:43:37,24850.0,300.0,2703500.0
885,2021-10-20 06:43:06,24850.0,100.0,2703200.0
886,2021-10-20 06:42:59,24900.0,700.0,2703100.0
887,2021-10-20 06:42:59,24900.0,1400.0,2702400.0
888,2021-10-20 06:42:52,24900.0,600.0,2701000.0
889,2021-10-20 06:42:52,24900.0,500.0,2700400.0
890,2021-10-20 06:42:52,24900.0,1700.0,2699900.0
891,2021-10-20 06:42:39,24900.0,3300.0,2698200.0
892,2021-10-20 06:42:39,24900.0,300.0,2694900.0
893,2021-10-20 06:42:39,24900.0,600.0,2694600.0
894,2021-10-20 06:42:39,24900.0,700.0,2694000.0
895,2021-10-20 06:41:45,24900.0,1300.0,2693300.0
896,2021-10-20 06:41:45,24900.0,1000.0,2692000.0
897,2021-10-20 06:41:45,24900.0,200.0,2691000.0
898,2021-10-20 06:41:45,24900.0,500.0,2690800.0
899,2021-10-20 06:41:45,24900.0,1000.0,2690300.0
900,2021-10-20 06:41:29,24950.0,300.0,2689300.0
901,2021-10-20 06:40:55,24950.0,200.0,2689000.0
902,2021-10-20 06:40:33,24950.0,200.0,2688800.0
903,2021-10-20 06:40:33,24950.0,800.0,2688600.0
904,2021-10-20 06:40:12,24950.0,4200.0,2687800.0
905,2021-10-20 06:39:57,24950.0,500.0,2683600.0
906,2021-10-20 06:39:57,24950.0,3000.0,2683100.0
907,2021-10-20 06:39:57,24950.0,600.0,2680100.0
908,2021-10-20 06:39:57,24950.0,200.0,2679500.0
909,2021-10-20 06:39:57,24950.0,600.0,2679300.0
910,2021-10-20 06:39:57,24950.0,100.0,2678700.0
911,2021-10-20 06:39:57,24950.0,1000.0,2678600.0
912,2021-10-20 06:39:57,24950.0,700.0,2677600.0
913,2021-10-20 06:39:57,24950.0,19100.0,2676900.0
914,2021-10-20 06:39:38,24850.0,600.0,2657800.0
915,2021-10-20 06:39:38,24850.0,100.0,2657200.0
916,2021-10-20 06:39:38,24850.0,300.0,2657100.0
917,2021-10-20 06:39:35,24950.0,22000.0,2656800.0
918,2021-10-20 06:39:35,24900.0,400.0,2634800.0
919,2021-10-20 06:39:35,24900.0,100.0,2634400.0
920,2021-10-20 06:39:35,24900.0,5000.0,2634300.0
921,2021-10-20 06:39:35,24900.0,1000.0,2629300.0
922,2021-10-20 06:39:35,24900.0,1500.0,2628300.0
923,2021-10-20 06:39:29,24850.0,200.0,2626800.0
924,2021-10-20 06:39:29,24850.0,2000.0,2626600.0
925,2021-10-20 06:39:29,24850.0,400.0,2624600.0
926,2021-10-20 06:39:29,24850.0,2400.0,2624200.0
927,2021-10-20 06:39:28,24900.0,1000.0,2621800.0
928,2021-10-20 06:39:28,24900.0,4000.0,2620800.0
929,2021-10-20 06:39:07,24900.0,200.0,2616800.0
930,2021-10-20 06:39:03,24900.0,100.0,2616600.0
931,2021-10-20 06:38:52,24900.0,100.0,2616500.0
932,2021-10-20 06:38:49,24900.0,400.0,2616400.0
933,2021-10-20 06:38:46,24900.0,100.0,2616000.0
934,2021-10-20 06:38:45,24850.0,7600.0,2615900.0
935,2021-10-20 06:38:45,24850.0,200.0,2608300.0
936,2021-10-20 06:38:45,24850.0,100.0,2608100.0
937,2021-10-20 06:38:45,24850.0,100.0,2608000.0
938,2021-10-20 06:38:45,24900.0,100.0,2607900.0
939,2021-10-20 06:38:45,24900.0,100.0,2607800.0
940,2021-10-20 06:38:36,24900.0,3900.0,2607700.0
941,2021-10-20 06:38:36,24900.0,600.0,2603800.0
942,2021-10-20 06:38:36,24900.0,500.0,2603200.0
943,2021-10-20 06:38:25,24900.0,2000.0,2602700.0
944,2021-10-20 06:38:25,24900.0,3000.0,2600700.0
945,2021-10-20 06:38:13,24900.0,2000.0,2597700.0
946,2021-10-20 06:38:13,24900.0,100.0,2595700.0
947,2021-10-20 06:38:11,24850.0,100.0,2595600.0
948,2021-10-20 06:37:42,24900.0,500.0,2595500.0
949,2021-10-20 06:37:41,24850.0,800.0,2595000.0
950,2021-10-20 06:37:41,24850.0,100.0,2594200.0
951,2021-10-20 06:37:41,24850.0,500.0,2594100.0
952,2021-10-20 06:37:41,24850.0,1000.0,2593600.0
953,2021-10-20 06:37:41,24850.0,2000.0,2592600.0
954,2021-10-20 06:37:41,24850.0,600.0,2590600.0
955,2021-10-20 06:37:31,24900.0,4100.0,2590000.0
956,2021-10-20 06:37:25,24850.0,400.0,2585900.0
957,2021-10-20 06:37:25,24850.0,100.0,2585500.0
958,2021-10-20 06:37:25,24850.0,2500.0,2585400.0
959,2021-10-20 06:37:25,24850.0,500.0,2582900.0
960,2021-10-20 06:37:25,24850.0,100.0,2582400.0
961,2021-10-20 06:37:25,24850.0,200.0,2582300.0
962,2021-10-20 06:37:25,24850.0,500.0,2582100.0
963,2021-10-20 06:37:25,24850.0,100.0,2581600.0
964,2021-10-20 06:37:25,24850.0,1000.0,2581500.0
965,2021-10-20 06:37:25,24850.0,1000.0,2580500.0
966,2021-10-20 06:37:25,24850.0,500.0,2579500.0
967,2021-10-20 06:37:25,24850.0,1000.0,2579000.0
968,2021-10-20 06:37:25,24850.0,1000.0,2578000.0
969,2021-10-20 06:37:25,24850.0,1000.0,2577000.0
970,2021-10-20 06:37:25,24850.0,100.0,2576000.0
971,2021-10-20 06:37:21,24900.0,300.0,2575900.0
972,2021-10-20 06:36:59,24900.0,1000.0,2575600.0
973,2021-10-20 06:36:59,24900.0,2000.0,2574600.0
974,2021-10-20 06:36:59,24900.0,2000.0,2572600.0
975,2021-10-20 06:36:56,24900.0,400.0,2570600.0
976,2021-10-20 06:36:40,24900.0,5000.0,2570200.0
977,2021-10-20 06:36:40,24900.0,100.0,2565200.0
978,2021-10-20 06:36:40,24900.0,1500.0,2565100.0
979,2021-10-20 06:36:40,24900.0,100.0,2563600.0
980,2021-10-20 06:36:40,24900.0,100.0,2563500.0
981,2021-10-20 06:36:40,24900.0,100.0,2563400.0
982,2021-10-20 06:36:40,24900.0,100.0,2563300.0
983,2021-10-20 06:36:40,24900.0,500.0,2563200.0
984,2021-10-20 06:36:40,24900.0,100.0,2562700.0
985,2021-10-20 06:36:40,24900.0,300.0,2562600.0
986,2021-10-20 06:36:40,24900.0,1000.0,2562300.0
987,2021-10-20 06:36:40,24900.0,100.0,2561300.0
988,2021-10-20 06:36:40,24900.0,100.0,2561200.0
989,2021-10-20 06:36:40,24900.0,2000.0,2561100.0
990,2021-10-20 06:36:40,24900.0,500.0,2559100.0
991,2021-10-20 06:36:40,24900.0,6000.0,2558600.0
992,2021-10-20 06:36:29,24900.0,4000.0,2552600.0
993,2021-10-20 06:36:29,24900.0,400.0,2548600.0
994,2021-10-20 06:36:29,24900.0,200.0,2548200.0
995,2021-10-20 06:36:29,24900.0,300.0,2548000.0
996,2021-10-20 06:36:29,24900.0,1000.0,2547700.0
997,2021-10-20 06:36:29,24900.0,100.0,2546700.0
998,2021-10-20 06:36:29,24900.0,2000.0,2546600.0
999,2021-10-20 06:36:29,24900.0,100.0,2544600.0
1000,2021-10-20 06:36:29,24900.0,100.0,2544500.0
1001,2021-10-20 06:36:29,24900.0,800.0,2544400.0
1002,2021-10-20 06:36:26,24950.0,300.0,2543600.0
1003,2021-10-20 06:36:21,24900.0,100.0,2543300.0
1004,2021-10-20 06:36:21,24900.0,100.0,2543200.0
1005,2021-10-20 06:36:21,24900.0,300.0,2543100.0
1006,2021-10-20 06:36:11,24900.0,200.0,2542800.0
1007,2021-10-20 06:36:11,24900.0,300.0,2542600.0
1008,2021-10-20 06:36:11,24900.0,500.0,2542300.0
1009,2021-10-20 06:36:11,24900.0,200.0,2541800.0
1010,2021-10-20 06:36:11,24900.0,2000.0,2541600.0
1011,2021-10-20 06:36:11,24900.0,100.0,2539600.0
1012,2021-10-20 06:36:11,24900.0,1000.0,2539500.0
1013,2021-10-20 06:36:11,24900.0,100.0,2538500.0
1014,2021-10-20 06:36:11,24900.0,1000.0,2538400.0
1015,2021-10-20 06:36:11,24900.0,500.0,2537400.0
1016,2021-10-20 06:36:11,24900.0,300.0,2536900.0
1017,2021-10-20 06:36:11,24900.0,100.0,2536600.0
1018,2021-10-20 06:36:11,24900.0,100.0,2536500.0
1019,2021-10-20 06:36:11,24900.0,100.0,2536400.0
1020,2021-10-20 06:36:11,24900.0,100.0,2536300.0
1021,2021-10-20 06:36:11,24900.0,200.0,2536200.0
1022,2021-10-20 06:36:11,24900.0,100.0,2536000.0
1023,2021-10-20 06:36:11,24900.0,500.0,2535900.0
1024,2021-10-20 06:36:11,24900.0,200.0,2535400.0
1025,2021-10-20 06:36:11,24900.0,200.0,2535200.0
1026,2021-10-20 06:36:11,24900.0,100.0,2535000.0
1027,2021-10-20 06:36:11,24900.0,100.0,2534900.0
1028,2021-10-20 06:36:11,24900.0,200.0,2534800.0
1029,2021-10-20 06:36:11,24900.0,100.0,2534600.0
1030,2021-10-20 06:36:11,24900.0,400.0,2534500.0
1031,2021-10-20 06:36:11,24900.0,1000.0,2534100.0
1032,2021-10-20 06:36:11,24900.0,100.0,2533100.0
1033,2021-10-20 06:36:11,24900.0,100.0,2533000.0
1034,2021-10-20 06:36:11,24900.0,100.0,2532900.0
1035,2021-10-20 06:36:11,24900.0,100.0,2532800.0
1036,2021-10-20 06:36:01,24900.0,700.0,2532700.0
1037,2021-10-20 06:35:57,24900.0,200.0,2532000.0
1038,2021-10-20 06:35:57,24900.0,500.0,2531800.0
1039,2021-10-20 06:35:57,24900.0,500.0,2531300.0
1040,2021-10-20 06:35:49,24900.0,500.0,2530800.0
1041,2021-10-20 06:35:49,24900.0,1000.0,2530300.0
1042,2021-10-20 06:35:49,24900.0,1000.0,2529300.0
1043,2021-10-20 06:35:49,24900.0,2000.0,2528300.0
1044,2021-10-20 06:35:49,24900.0,500.0,2526300.0
1045,2021-10-20 06:35:49,24900.0,100.0,2525800.0
1046,2021-10-20 06:35:49,24900.0,100.0,2525700.0
1047,2021-10-20 06:35:49,24900.0,1000.0,2525600.0
1048,2021-10-20 06:35:49,24900.0,400.0,2524600.0
1049,2021-10-20 06:35:49,24900.0,100.0,2524200.0
1050,2021-10-20 06:35:49,24900.0,900.0,2524100.0
1051,2021-10-20 06:35:49,24900.0,500.0,2523200.0
1052,2021-10-20 06:35:49,24900.0,3900.0,2522700.0
1053,2021-10-20 06:35:49,24900.0,200.0,2518800.0
1054,2021-10-20 06:35:49,24900.0,1000.0,2518600.0
1055,2021-10-20 06:35:49,24900.0,200.0,2517600.0
1056,2021-10-20 06:35:49,24900.0,500.0,2517400.0
1057,2021-10-20 06:35:49,24900.0,100.0,2516900.0
1058,2021-10-20 06:35:49,24900.0,100.0,2516800.0
1059,2021-10-20 06:35:49,24900.0,4000.0,2516700.0
1060,2021-10-20 06:35:49,24900.0,100.0,2512700.0
1061,2021-10-20 06:35:49,24900.0,300.0,2512600.0
1062,2021-10-20 06:35:49,24900.0,500.0,2512300.0
1063,2021-10-20 06:35:49,24900.0,200.0,2511800.0
1064,2021-10-20 06:35:49,24900.0,200.0,2511600.0
1065,2021-10-20 06:35:49,24900.0,100.0,2511400.0
1066,2021-10-20 06:35:49,24900.0,500.0,2511300.0
1067,2021-10-20 06:35:29,24900.0,4500.0,2510800.0
1068,2021-10-20 06:35:29,24900.0,200.0,2506300.0
1069,2021-10-20 06:35:29,24900.0,100.0,2506100.0
1070,2021-10-20 06:35:29,24900.0,200.0,2506000.0
1071,2021-10-20 06:35:29,24900.0,5000.0,2505800.0
1072,2021-10-20 06:35:29,24900.0,500.0,2500800.0
1073,2021-10-20 06:35:09,24950.0,100.0,2500300.0
1074,2021-10-20 06:35:09,24950.0,100.0,2500200.0
1075,2021-10-20 06:35:07,24950.0,100.0,2500100.0
1076,2021-10-20 06:35:02,24900.0,500.0,2500000.0
1077,2021-10-20 06:35:02,24900.0,1000.0,2499500.0
1078,2021-10-20 06:35:02,24900.0,100.0,2498500.0
1079,2021-10-20 06:35:02,24900.0,300.0,2498400.0
1080,2021-10-20 06:35:02,24900.0,100.0,2498100.0
1081,2021-10-20 06:34:29,24950.0,6000.0,2498000.0
1082,2021-10-20 06:34:28,24950.0,100.0,2492000.0
1083,2021-10-20 06:34:15,24950.0,300.0,2491900.0
1084,2021-10-20 06:34:06,24900.0,900.0,2491600.0
1085,2021-10-20 06:34:06,24900.0,500.0,2490700.0
1086,2021-10-20 06:34:06,24900.0,3100.0,2490200.0
1087,2021-10-20 06:34:03,24950.0,500.0,2487100.0
1088,2021-10-20 06:33:56,24950.0,400.0,2486600.0
1089,2021-10-20 06:33:54,24900.0,1200.0,2486200.0
1090,2021-10-20 06:33:54,24950.0,100.0,2485000.0
1091,2021-10-20 06:33:43,24950.0,1800.0,2484900.0
1092,2021-10-20 06:33:42,24950.0,500.0,2483100.0
1093,2021-10-20 06:33:26,24950.0,300.0,2482600.0
1094,2021-10-20 06:33:14,24950.0,100.0,2482300.0
1095,2021-10-20 06:33:06,24950.0,1000.0,2482200.0
1096,2021-10-20 06:32:37,24950.0,500.0,2481200.0
1097,2021-10-20 06:32:30,24950.0,1000.0,2480700.0
1098,2021-10-20 06:32:30,24950.0,500.0,2479700.0
1099,2021-10-20 06:32:30,24950.0,200.0,2479200.0
1100,2021-10-20 06:32:30,24950.0,100.0,2479000.0
1101,2021-10-20 06:32:30,24950.0,100.0,2478900.0
1102,2021-10-20 06:32:30,24950.0,200.0,2478800.0
1103,2021-10-20 06:32:30,24950.0,1000.0,2478600.0
1104,2021-10-20 06:32:30,24950.0,2000.0,2477600.0
1105,2021-10-20 06:32:30,24950.0,1400.0,2475600.0
1106,2021-10-20 06:32:30,24950.0,100.0,2474200.0
1107,2021-10-20 06:32:30,24950.0,1000.0,2474100.0
1108,2021-10-20 06:32:30,24950.0,100.0,2473100.0
1109,2021-10-20 06:32:30,24950.0,500.0,2473000.0
1110,2021-10-20 06:32:30,24950.0,2000.0,2472500.0
1111,2021-10-20 06:32:30,24950.0,500.0,2470500.0
1112,2021-10-20 06:32:30,24950.0,200.0,2470000.0
1113,2021-10-20 06:32:30,24950.0,800.0,2469800.0
1114,2021-10-20 06:32:25,24950.0,100.0,2469000.0
1115,2021-10-20 06:32:22,25000.0,900.0,2468900.0
1116,2021-10-20 06:32:22,25000.0,200.0,2468000.0
1117,2021-10-20 06:32:22,25000.0,200.0,2467800.0
1118,2021-10-20 06:32:12,24950.0,5000.0,2467600.0
1119,2021-10-20 06:32:11,24950.0,300.0,2462600.0
1120,2021-10-20 06:31:32,24950.0,3000.0,2462300.0
1121,2021-10-20 06:31:31,25000.0,300.0,2459300.0
1122,2021-10-20 06:31:31,25000.0,300.0,2459000.0
1123,2021-10-20 06:30:43,25000.0,200.0,2458700.0
1124,2021-10-20 06:30:34,25000.0,500.0,2458500.0
1125,2021-10-20 06:30:34,25000.0,300.0,2458000.0
1126,2021-10-20 06:30:34,25000.0,700.0,2457700.0
1127,2021-10-20 06:30:24,24950.0,800.0,2457000.0
1128,2021-10-20 06:30:24,24950.0,1000.0,2456200.0
1129,2021-10-20 06:30:24,24950.0,500.0,2455200.0
1130,2021-10-20 06:30:24,24950.0,100.0,2454700.0
1131,2021-10-20 06:30:24,24950.0,100.0,2454600.0
1132,2021-10-20 06:30:24,24950.0,300.0,2454500.0
1133,2021-10-20 06:30:24,24950.0,200.0,2454200.0
1134,2021-10-20 06:30:24,24950.0,200.0,2454000.0
1135,2021-10-20 06:30:24,24950.0,100.0,2453800.0
1136,2021-10-20 06:30:24,24950.0,1900.0,2453700.0
1137,2021-10-20 06:30:24,24950.0,2900.0,2451800.0
1138,2021-10-20 06:30:02,24950.0,200.0,2448900.0
1139,2021-10-20 06:29:27,24950.0,1000.0,2448700.0
1140,2021-10-20 06:28:48,24950.0,300.0,2447700.0
1141,2021-10-20 06:28:26,24950.0,5600.0,2447400.0
1142,2021-10-20 06:28:26,24950.0,100.0,2441800.0
1143,2021-10-20 06:28:26,24950.0,100.0,2441700.0
1144,2021-10-20 06:28:26,24950.0,3200.0,2441600.0
1145,2021-10-20 06:28:21,25000.0,100.0,2438400.0
1146,2021-10-20 06:28:00,25000.0,200.0,2438300.0
1147,2021-10-20 06:27:58,24950.0,1700.0,2438100.0
1148,2021-10-20 06:27:58,25000.0,1000.0,2436400.0
1149,2021-10-20 06:27:17,25000.0,500.0,2435400.0
1150,2021-10-20 06:27:09,25000.0,1000.0,2434900.0
1151,2021-10-20 06:27:06,24950.0,100.0,2433900.0
1152,2021-10-20 06:26:41,24950.0,100.0,2433800.0
1153,2021-10-20 06:26:02,24950.0,1000.0,2433700.0
1154,2021-10-20 06:25:34,24950.0,200.0,2432700.0
1155,2021-10-20 06:25:15,24950.0,1700.0,2432500.0
1156,2021-10-20 06:25:03,24950.0,1000.0,2430800.0
1157,2021-10-20 06:25:03,24950.0,100.0,2429800.0
1158,2021-10-20 06:25:03,24950.0,200.0,2429700.0
1159,2021-10-20 06:24:57,24950.0,1800.0,2429500.0
1160,2021-10-20 06:24:28,25000.0,400.0,2427700.0
1161,2021-10-20 06:24:14,24950.0,2000.0,2427300.0
1162,2021-10-20 06:24:08,24950.0,100.0,2425300.0
1163,2021-10-20 06:24:08,24950.0,100.0,2425200.0
1164,2021-10-20 06:23:59,24950.0,500.0,2425100.0
1165,2021-10-20 06:23:33,24950.0,300.0,2424600.0
1166,2021-10-20 06:23:33,24950.0,1000.0,2424300.0
1167,2021-10-20 06:23:33,24950.0,1000.0,2423300.0
1168,2021-10-20 06:23:33,24950.0,20000.0,2422300.0
1169,2021-10-20 06:23:32,24950.0,100.0,2402300.0
1170,2021-10-20 06:23:20,25000.0,800.0,2402200.0
1171,2021-10-20 06:23:20,25000.0,3000.0,2401400.0
1172,2021-10-20 06:23:20,25000.0,200.0,2398400.0
1173,2021-10-20 06:23:20,25000.0,3700.0,2398200.0
1174,2021-10-20 06:23:00,25000.0,2000.0,2394500.0
1175,2021-10-20 06:22:20,25000.0,300.0,2392500.0
1176,2021-10-20 06:22:20,25000.0,500.0,2392200.0
1177,2021-10-20 06:22:20,25000.0,200.0,2391700.0
1178,2021-10-20 06:21:56,25000.0,200.0,2391500.0
1179,2021-10-20 06:21:50,25000.0,700.0,2391300.0
1180,2021-10-20 06:21:22,25000.0,100.0,2390600.0
1181,2021-10-20 06:20:43,25000.0,100.0,2390500.0
1182,2021-10-20 06:20:41,25000.0,300.0,2390400.0
1183,2021-10-20 06:20:40,25000.0,100.0,2390100.0
1184,2021-10-20 06:20:39,25000.0,100.0,2390000.0
1185,2021-10-20 06:20:39,25000.0,300.0,2389900.0
1186,2021-10-20 06:20:22,25000.0,1700.0,2389600.0
1187,2021-10-20 06:20:20,25000.0,100.0,2387900.0
1188,2021-10-20 06:20:12,25000.0,100.0,2387800.0
1189,2021-10-20 06:20:12,25000.0,800.0,2387700.0
1190,2021-10-20 06:20:12,25000.0,100.0,2386900.0
1191,2021-10-20 06:20:12,25000.0,100.0,2386800.0
1192,2021-10-20 06:20:12,25000.0,1000.0,2386700.0
1193,2021-10-20 06:20:12,25000.0,500.0,2385700.0
1194,2021-10-20 06:20:12,25000.0,200.0,2385200.0
1195,2021-10-20 06:20:12,25000.0,400.0,2385000.0
1196,2021-10-20 06:19:44,24950.0,500.0,2384600.0
1197,2021-10-20 06:19:41,24950.0,300.0,2384100.0
1198,2021-10-20 06:19:31,24950.0,100.0,2383800.0
1199,2021-10-20 06:19:15,24950.0,300.0,2383700.0
1200,2021-10-20 06:19:15,24950.0,100.0,2383400.0
1201,2021-10-20 06:19:15,24950.0,500.0,2383300.0
1202,2021-10-20 06:19:15,24950.0,500.0,2382800.0
1203,2021-10-20 06:19:15,24950.0,200.0,2382300.0
1204,2021-10-20 06:18:42,24950.0,600.0,2382100.0
1205,2021-10-20 06:18:42,24950.0,3000.0,2381500.0
1206,2021-10-20 06:18:42,24950.0,400.0,2378500.0
1207,2021-10-20 06:18:36,25000.0,100.0,2378100.0
1208,2021-10-20 06:18:11,24950.0,400.0,2378000.0
1209,2021-10-20 06:18:11,25000.0,100.0,2377600.0
1210,2021-10-20 06:18:11,25000.0,500.0,2377500.0
1211,2021-10-20 06:17:43,25000.0,500.0,2377000.0
1212,2021-10-20 06:16:56,25000.0,100.0,2376500.0
1213,2021-10-20 06:16:56,25000.0,9900.0,2376400.0
1214,2021-10-20 06:16:48,25000.0,100.0,2366500.0
1215,2021-10-20 06:16:42,24950.0,2200.0,2366400.0
1216,2021-10-20 06:16:42,24950.0,200.0,2364200.0
1217,2021-10-20 06:16:42,24950.0,500.0,2364000.0
1218,2021-10-20 06:16:42,25000.0,2100.0,2363500.0
1219,2021-10-20 06:16:41,25000.0,500.0,2361400.0
1220,2021-10-20 06:16:41,25000.0,200.0,2360900.0
1221,2021-10-20 06:16:41,25000.0,200.0,2360700.0
1222,2021-10-20 06:16:33,25000.0,1800.0,2360500.0
1223,2021-10-20 06:16:33,25000.0,10000.0,2358700.0
1224,2021-10-20 06:16:33,25000.0,600.0,2348700.0
1225,2021-10-20 06:16:33,25000.0,6100.0,2348100.0
1226,2021-10-20 06:16:33,25000.0,1500.0,2342000.0
1227,2021-10-20 06:16:13,24950.0,100.0,2340500.0
1228,2021-10-20 06:16:13,24950.0,100.0,2340400.0
1229,2021-10-20 06:16:13,24950.0,100.0,2340300.0
1230,2021-10-20 06:16:13,24950.0,1000.0,2340200.0
1231,2021-10-20 06:16:13,24950.0,1000.0,2339200.0
1232,2021-10-20 06:16:13,24950.0,100.0,2338200.0
1233,2021-10-20 06:16:13,24950.0,2000.0,2338100.0
1234,2021-10-20 06:16:13,24950.0,800.0,2336100.0
1235,2021-10-20 06:16:13,24950.0,2500.0,2335300.0
1236,2021-10-20 06:16:13,24950.0,500.0,2332800.0
1237,2021-10-20 06:16:13,24950.0,2000.0,2332300.0
1238,2021-10-20 06:16:13,24950.0,9800.0,2330300.0
1239,2021-10-20 06:15:27,25000.0,100.0,2320500.0
1240,2021-10-20 06:15:07,25000.0,1200.0,2320400.0
1241,2021-10-20 06:14:45,24950.0,200.0,2319200.0
1242,2021-10-20 06:14:45,24950.0,800.0,2319000.0
1243,2021-10-20 06:14:33,24950.0,1000.0,2318200.0
1244,2021-10-20 06:14:28,25000.0,100.0,2317200.0
1245,2021-10-20 06:13:37,24950.0,200.0,2317100.0
1246,2021-10-20 06:13:37,24950.0,100.0,2316900.0
1247,2021-10-20 06:13:37,24950.0,1700.0,2316800.0
1248,2021-10-20 06:13:37,24950.0,3000.0,2315100.0
1249,2021-10-20 06:12:38,24950.0,5000.0,2312100.0
1250,2021-10-20 06:12:22,24950.0,2000.0,2307100.0
1251,2021-10-20 06:12:22,24950.0,200.0,2305100.0
1252,2021-10-20 06:12:22,24950.0,300.0,2304900.0
1253,2021-10-20 06:12:22,25000.0,100.0,2304600.0
1254,2021-10-20 06:12:22,25000.0,1000.0,2304500.0
1255,2021-10-20 06:12:22,25000.0,500.0,2303500.0
1256,2021-10-20 06:12:22,25000.0,100.0,2303000.0
1257,2021-10-20 06:12:22,25000.0,800.0,2302900.0
1258,2021-10-20 06:12:14,25050.0,1700.0,2302100.0
1259,2021-10-20 06:12:06,25000.0,1100.0,2300400.0
1260,2021-10-20 06:12:06,25000.0,100.0,2299300.0
1261,2021-10-20 06:12:06,25000.0,200.0,2299200.0
1262,2021-10-20 06:12:06,25000.0,100.0,2299000.0
1263,2021-10-20 06:12:06,25000.0,200.0,2298900.0
1264,2021-10-20 06:12:06,25000.0,100.0,2298700.0
1265,2021-10-20 06:12:06,25000.0,200.0,2298600.0
1266,2021-10-20 06:12:06,25000.0,3000.0,2298400.0
1267,2021-10-20 06:12:03,25000.0,6000.0,2295400.0
1268,2021-10-20 06:11:54,25000.0,1000.0,2289400.0
1269,2021-10-20 06:10:24,25000.0,100.0,2288400.0
1270,2021-10-20 06:10:13,25050.0,2700.0,2288300.0
1271,2021-10-20 06:10:13,25050.0,100.0,2285600.0
1272,2021-10-20 06:10:13,25050.0,200.0,2285500.0
1273,2021-10-20 06:09:49,25050.0,1300.0,2285300.0
1274,2021-10-20 06:09:43,25050.0,500.0,2284000.0
1275,2021-10-20 06:09:43,25050.0,4500.0,2283500.0
1276,2021-10-20 06:08:34,25050.0,500.0,2279000.0
1277,2021-10-20 06:08:34,25050.0,1000.0,2278500.0
1278,2021-10-20 06:08:34,25050.0,400.0,2277500.0
1279,2021-10-20 06:08:32,25050.0,100.0,2277100.0
1280,2021-10-20 06:08:08,25050.0,1500.0,2277000.0
1281,2021-10-20 06:07:57,25050.0,2500.0,2275500.0
1282,2021-10-20 06:07:52,25050.0,5000.0,2273000.0
1283,2021-10-20 06:07:52,25050.0,1000.0,2268000.0
1284,2021-10-20 06:07:40,25000.0,3600.0,2267000.0
1285,2021-10-20 06:07:40,25000.0,600.0,2263400.0
1286,2021-10-20 06:07:40,25000.0,100.0,2262800.0
1287,2021-10-20 06:07:40,25000.0,700.0,2262700.0
1288,2021-10-20 06:07:37,25000.0,800.0,2262000.0
1289,2021-10-20 06:07:11,25000.0,500.0,2261200.0
1290,2021-10-20 06:06:36,25050.0,100.0,2260700.0
1291,2021-10-20 06:06:07,25050.0,100.0,2260600.0
1292,2021-10-20 06:05:56,25050.0,1800.0,2260500.0
1293,2021-10-20 06:05:56,25050.0,2000.0,2258700.0
1294,2021-10-20 06:05:56,25050.0,100.0,2256700.0
1295,2021-10-20 06:05:55,25050.0,300.0,2256600.0
1296,2021-10-20 06:05:44,25050.0,100.0,2256300.0
1297,2021-10-20 06:05:06,25050.0,9500.0,2256200.0
1298,2021-10-20 06:05:06,25050.0,500.0,2246700.0
1299,2021-10-20 06:05:00,25000.0,200.0,2246200.0
1300,2021-10-20 06:04:41,25050.0,100.0,2246000.0
1301,2021-10-20 06:04:18,25000.0,200.0,2245900.0
1302,2021-10-20 06:03:58,25000.0,500.0,2245700.0
1303,2021-10-20 06:03:58,25000.0,600.0,2245200.0
1304,2021-10-20 06:03:58,25000.0,700.0,2244600.0
1305,2021-10-20 06:03:58,25000.0,2000.0,2243900.0
1306,2021-10-20 06:03:58,25000.0,100.0,2241900.0
1307,2021-10-20 06:03:58,25000.0,500.0,2241800.0
1308,2021-10-20 06:03:58,25000.0,1000.0,2241300.0
1309,2021-10-20 06:03:58,25000.0,100.0,2240300.0
1310,2021-10-20 06:03:58,25000.0,300.0,2240200.0
1311,2021-10-20 06:03:58,25000.0,500.0,2239900.0
1312,2021-10-20 06:03:58,25000.0,6000.0,2239400.0
1313,2021-10-20 06:03:58,25000.0,300.0,2233400.0
1314,2021-10-20 06:03:56,24950.0,700.0,2233100.0
1315,2021-10-20 06:02:55,24900.0,500.0,2232400.0
1316,2021-10-20 06:02:52,24900.0,200.0,2231900.0
1317,2021-10-20 06:02:52,24900.0,500.0,2231700.0
1318,2021-10-20 06:02:52,24900.0,100.0,2231200.0
1319,2021-10-20 06:02:52,24900.0,100.0,2231100.0
1320,2021-10-20 06:02:52,24900.0,600.0,2231000.0
1321,2021-10-20 06:02:52,24900.0,1000.0,2230400.0
1322,2021-10-20 06:02:16,24900.0,400.0,2229400.0
1323,2021-10-20 06:02:16,24900.0,100.0,2229000.0
1324,2021-10-20 06:02:16,24900.0,100.0,2228900.0
1325,2021-10-20 06:02:16,24900.0,400.0,2228800.0
1326,2021-10-20 06:02:16,24900.0,300.0,2228400.0
1327,2021-10-20 06:02:16,24900.0,3800.0,2228100.0
1328,2021-10-20 06:02:13,24950.0,2000.0,2224300.0
1329,2021-10-20 06:02:13,24950.0,500.0,2222300.0
1330,2021-10-20 06:02:08,24950.0,10000.0,2221800.0
1331,2021-10-20 06:02:08,24950.0,100.0,2211800.0
1332,2021-10-20 06:01:58,25000.0,200.0,2211700.0
1333,2021-10-20 06:01:51,25000.0,1000.0,2211500.0
1334,2021-10-20 06:01:31,25000.0,500.0,2210500.0
1335,2021-10-20 06:00:36,25000.0,100.0,2210000.0
1336,2021-10-20 06:00:36,25000.0,100.0,2209900.0
1337,2021-10-20 06:00:36,25000.0,100.0,2209800.0
1338,2021-10-20 06:00:36,25000.0,100.0,2209700.0
1339,2021-10-20 06:00:19,25000.0,700.0,2209600.0
1340,2021-10-20 06:00:19,25000.0,100.0,2208900.0
1341,2021-10-20 06:00:14,25000.0,100.0,2208800.0
1342,2021-10-20 06:00:13,25000.0,100.0,2208700.0
1343,2021-10-20 06:00:12,25000.0,200.0,2208600.0
1344,2021-10-20 06:00:09,25000.0,1000.0,2208400.0
1345,2021-10-20 06:00:09,24900.0,6200.0,2207400.0
1346,2021-10-20 06:00:09,24900.0,500.0,2201200.0
1347,2021-10-20 06:00:09,24900.0,100.0,2200700.0
1348,2021-10-20 06:00:09,24900.0,200.0,2200600.0
1349,2021-10-20 06:00:09,24900.0,1000.0,2200400.0
1350,2021-10-20 06:00:09,24950.0,100.0,2199400.0
1351,2021-10-20 06:00:09,24950.0,200.0,2199300.0
1352,2021-10-20 06:00:09,24950.0,200.0,2199100.0
1353,2021-10-20 06:00:09,24950.0,1000.0,2198900.0
1354,2021-10-20 06:00:09,24950.0,2000.0,2197900.0
1355,2021-10-20 06:00:09,24950.0,500.0,2195900.0
1356,2021-10-20 06:00:09,24950.0,1000.0,2195400.0
1357,2021-10-20 06:00:09,24950.0,200.0,2194400.0
1358,2021-10-20 06:00:09,24950.0,100.0,2194200.0
1359,2021-10-20 06:00:09,24950.0,1000.0,2194100.0
1360,2021-10-20 06:00:09,24950.0,400.0,2193100.0
1361,2021-10-20 06:00:09,24950.0,400.0,2192700.0
1362,2021-10-20 06:00:09,24950.0,200.0,2192300.0
1363,2021-10-20 06:00:09,24950.0,600.0,2192100.0
1364,2021-10-20 06:00:09,24950.0,1000.0,2191500.0
1365,2021-10-20 06:00:09,24950.0,500.0,2190500.0
1366,2021-10-20 06:00:09,24950.0,300.0,2190000.0
1367,2021-10-20 06:00:09,24950.0,3000.0,2189700.0
1368,2021-10-20 06:00:09,24950.0,9500.0,2186700.0
1369,2021-10-20 06:00:09,24950.0,1000.0,2177200.0
1370,2021-10-20 06:00:09,24950.0,500.0,2176200.0
1371,2021-10-20 06:00:09,24950.0,2000.0,2175700.0
1372,2021-10-20 06:00:07,25000.0,1000.0,2173700.0
1373,2021-10-20 06:00:07,25000.0,200.0,2172700.0
1374,2021-10-20 06:00:06,25000.0,500.0,2172500.0
1375,2021-10-20 06:00:06,25000.0,100.0,2172000.0
1376,2021-10-20 06:00:05,25000.0,100.0,2171900.0
1377,2021-10-20 06:00:03,25000.0,500.0,2171800.0
1378,2021-10-20 06:00:02,25000.0,300.0,2171300.0
1379,2021-10-20 06:00:02,25000.0,1000.0,2171000.0
1380,2021-10-20 06:00:01,25000.0,1000.0,2170000.0
1381,2021-10-20 06:00:01,25000.0,5000.0,2169000.0
1382,2021-10-20 06:00:01,25000.0,1000.0,2164000.0
1383,2021-10-20 06:00:01,25000.0,100.0,2163000.0
1384,2021-10-20 06:00:01,25000.0,100.0,2162900.0
1385,2021-10-20 06:00:01,25000.0,3000.0,2162800.0
1386,2021-10-20 06:00:01,25000.0,500.0,2159800.0
1387,2021-10-20 06:00:01,25000.0,500.0,2159300.0
1388,2021-10-20 06:00:01,25000.0,900.0,2158800.0
1389,2021-10-20 06:00:01,25000.0,100.0,2157900.0
1390,2021-10-20 06:00:01,25000.0,200.0,2157800.0
1391,2021-10-20 06:00:01,25000.0,100.0,2157600.0
1392,2021-10-20 06:00:01,25000.0,200.0,2157500.0
1393,2021-10-20 06:00:01,25000.0,500.0,2157300.0
1394,2021-10-20 06:00:01,25000.0,200.0,2156800.0
1395,2021-10-20 06:00:01,25000.0,1300.0,2156600.0
1396,2021-10-20 06:00:01,25000.0,100.0,2155300.0
1397,2021-10-20 06:00:01,25000.0,1000.0,2155200.0
1398,2021-10-20 06:00:01,25000.0,2000.0,2154200.0
1399,2021-10-20 06:00:01,25000.0,300.0,2152200.0
1400,2021-10-20 06:00:00,25000.0,9700.0,2151900.0
1401,2021-10-20 06:00:00,25000.0,800.0,2142200.0
1402,2021-10-20 06:00:00,25000.0,500.0,2141400.0
1403,2021-10-20 06:00:00,25000.0,500.0,2140900.0
1404,2021-10-20 06:00:00,25000.0,500.0,2140400.0
1405,2021-10-20 06:00:00,25000.0,1400.0,2139900.0
1406,2021-10-20 06:00:00,25000.0,1400.0,2138500.0
1407,2021-10-20 04:29:33,25000.0,500.0,2137100.0
1408,2021-10-20 04:29:01,25050.0,200.0,2136600.0
1409,2021-10-20 04:28:50,25050.0,3000.0,2136400.0
1410,2021-10-20 04:27:10,25050.0,100.0,2133400.0
1411,2021-10-20 04:26:46,25050.0,100.0,2133300.0
1412,2021-10-20 04:25:42,25050.0,1000.0,2133200.0
1413,2021-10-20 04:25:42,25050.0,4000.0,2132200.0
1414,2021-10-20 04:25:22,25050.0,1000.0,2128200.0
1415,2021-10-20 04:24:45,25050.0,1400.0,2127200.0
1416,2021-10-20 04:24:27,25050.0,400.0,2125800.0
1417,2021-10-20 04:24:14,25050.0,100.0,2125400.0
1418,2021-10-20 04:23:54,25000.0,100.0,2125300.0
1419,2021-10-20 04:23:54,25000.0,1000.0,2125200.0
1420,2021-10-20 04:23:54,25000.0,3600.0,2124200.0
1421,2021-10-20 04:23:54,25050.0,300.0,2120600.0
1422,2021-10-20 04:23:49,25050.0,700.0,2120300.0
1423,2021-10-20 04:23:45,25050.0,500.0,2119600.0
1424,2021-10-20 04:23:17,25050.0,800.0,2119100.0
1425,2021-10-20 04:22:15,25000.0,400.0,2118300.0
1426,2021-10-20 04:22:15,25000.0,200.0,2117900.0
1427,2021-10-20 04:22:15,25000.0,200.0,2117700.0
1428,2021-10-20 04:22:15,25000.0,200.0,2117500.0
1429,2021-10-20 04:22:15,25000.0,200.0,2117300.0
1430,2021-10-20 04:22:15,25000.0,100.0,2117100.0
1431,2021-10-20 04:22:15,25000.0,300.0,2117000.0
1432,2021-10-20 04:22:15,25000.0,4900.0,2116700.0
1433,2021-10-20 04:21:59,25000.0,5000.0,2111800.0
1434,2021-10-20 04:21:49,25000.0,100.0,2106800.0
1435,2021-10-20 04:21:49,25000.0,200.0,2106700.0
1436,2021-10-20 04:21:49,25000.0,900.0,2106500.0
1437,2021-10-20 04:21:26,25000.0,500.0,2105600.0
1438,2021-10-20 04:20:12,25000.0,200.0,2105100.0
1439,2021-10-20 04:19:50,25000.0,100.0,2104900.0
1440,2021-10-20 04:19:50,25000.0,400.0,2104800.0
1441,2021-10-20 04:19:50,25000.0,2000.0,2104400.0
1442,2021-10-20 04:19:50,25000.0,2000.0,2102400.0
1443,2021-10-20 04:19:50,25000.0,300.0,2100400.0
1444,2021-10-20 04:19:50,25000.0,7700.0,2100100.0
1445,2021-10-20 04:19:50,25050.0,1800.0,2092400.0
1446,2021-10-20 04:19:50,25050.0,1200.0,2090600.0
1447,2021-10-20 04:19:23,25000.0,1700.0,2089400.0
1448,2021-10-20 04:19:20,25000.0,1000.0,2087700.0
1449,2021-10-20 04:18:16,25000.0,500.0,2086700.0
1450,2021-10-20 04:18:16,25000.0,800.0,2086200.0
1451,2021-10-20 04:18:05,25000.0,1000.0,2085400.0
1452,2021-10-20 04:18:05,25000.0,3000.0,2084400.0
1453,2021-10-20 04:18:05,25000.0,600.0,2081400.0
1454,2021-10-20 04:18:05,25000.0,700.0,2080800.0
1455,2021-10-20 04:18:05,25000.0,100.0,2080100.0
1456,2021-10-20 04:18:05,25000.0,300.0,2080000.0
1457,2021-10-20 04:18:05,25000.0,100.0,2079700.0
1458,2021-10-20 04:18:05,25000.0,200.0,2079600.0
1459,2021-10-20 04:18:05,25000.0,500.0,2079400.0
1460,2021-10-20 04:18:05,25000.0,100.0,2078900.0
1461,2021-10-20 04:18:05,25000.0,200.0,2078800.0
1462,2021-10-20 04:18:05,25000.0,100.0,2078600.0
1463,2021-10-20 04:18:05,25000.0,1000.0,2078500.0
1464,2021-10-20 04:18:05,25000.0,1100.0,2077500.0
1465,2021-10-20 04:18:05,25000.0,100.0,2076400.0
1466,2021-10-20 04:18:05,25000.0,100.0,2076300.0
1467,2021-10-20 04:18:05,25000.0,100.0,2076200.0
1468,2021-10-20 04:18:05,25000.0,800.0,2076100.0
1469,2021-10-20 04:18:05,25000.0,500.0,2075300.0
1470,2021-10-20 04:18:05,25000.0,100.0,2074800.0
1471,2021-10-20 04:18:05,25000.0,200.0,2074700.0
1472,2021-10-20 04:18:05,25000.0,100.0,2074500.0
1473,2021-10-20 04:18:05,25000.0,100.0,2074400.0
1474,2021-10-20 04:18:05,25000.0,4000.0,2074300.0
1475,2021-10-20 04:18:05,25000.0,300.0,2070300.0
1476,2021-10-20 04:18:05,25000.0,100.0,2070000.0
1477,2021-10-20 04:18:05,25000.0,2000.0,2069900.0
1478,2021-10-20 04:18:05,25000.0,300.0,2067900.0
1479,2021-10-20 04:18:05,25000.0,700.0,2067600.0
1480,2021-10-20 04:18:05,25000.0,300.0,2066900.0
1481,2021-10-20 04:18:05,25000.0,100.0,2066600.0
1482,2021-10-20 04:18:05,25000.0,2000.0,2066500.0
1483,2021-10-20 04:18:05,25000.0,500.0,2064500.0
1484,2021-10-20 04:18:05,25000.0,200.0,2064000.0
1485,2021-10-20 04:18:05,25000.0,300.0,2063800.0
1486,2021-10-20 04:18:05,25000.0,2700.0,2063500.0
1487,2021-10-20 04:17:55,25000.0,2300.0,2060800.0
1488,2021-10-20 04:17:55,25000.0,100.0,2058500.0
1489,2021-10-20 04:17:55,25000.0,100.0,2058400.0
1490,2021-10-20 04:17:55,25000.0,1800.0,2058300.0
1491,2021-10-20 04:17:24,25050.0,200.0,2056500.0
1492,2021-10-20 04:17:16,25050.0,200.0,2056300.0
1493,2021-10-20 04:16:55,25050.0,300.0,2056100.0
1494,2021-10-20 04:16:55,25050.0,400.0,2055800.0
1495,2021-10-20 04:16:55,25050.0,200.0,2055400.0
1496,2021-10-20 04:16:55,25050.0,1100.0,2055200.0
1497,2021-10-20 04:16:27,25050.0,1900.0,2054100.0
1498,2021-10-20 04:16:27,25050.0,100.0,2052200.0
1499,2021-10-20 04:16:04,25050.0,100.0,2052100.0
1500,2021-10-20 04:16:04,25050.0,100.0,2052000.0
1501,2021-10-20 04:16:04,25050.0,800.0,2051900.0
1502,2021-10-20 04:15:24,25050.0,1300.0,2051100.0
1503,2021-10-20 04:15:24,25050.0,700.0,2049800.0
1504,2021-10-20 04:15:21,25050.0,200.0,2049100.0
1505,2021-10-20 04:14:48,25050.0,100.0,2048900.0
1506,2021-10-20 04:14:48,25050.0,900.0,2048800.0
1507,2021-10-20 04:14:48,25050.0,3000.0,2047900.0
1508,2021-10-20 04:14:48,25050.0,1100.0,2044900.0
1509,2021-10-20 04:14:13,25050.0,1500.0,2043800.0
1510,2021-10-20 04:14:12,25000.0,500.0,2042300.0
1511,2021-10-20 04:13:43,25050.0,400.0,2041800.0
1512,2021-10-20 04:13:43,25050.0,300.0,2041400.0
1513,2021-10-20 04:13:43,25050.0,1300.0,2041100.0
1514,2021-10-20 04:13:41,25000.0,2000.0,2039800.0
1515,2021-10-20 04:13:03,25000.0,100.0,2037800.0
1516,2021-10-20 04:12:37,25050.0,200.0,2037700.0
1517,2021-10-20 04:11:48,25050.0,1500.0,2037500.0
1518,2021-10-20 04:11:35,25050.0,400.0,2036000.0
1519,2021-10-20 04:11:35,25050.0,100.0,2035600.0
1520,2021-10-20 04:11:24,25000.0,500.0,2035500.0
1521,2021-10-20 04:11:04,25000.0,100.0,2035000.0
1522,2021-10-20 04:11:04,25000.0,1000.0,2034900.0
1523,2021-10-20 04:10:55,25000.0,3100.0,2033900.0
1524,2021-10-20 04:10:45,25000.0,600.0,2030800.0
1525,2021-10-20 04:10:45,25050.0,2200.0,2030200.0
1526,2021-10-20 04:10:45,25050.0,400.0,2028000.0
1527,2021-10-20 04:10:41,25050.0,100.0,2027600.0
1528,2021-10-20 04:10:27,25050.0,200.0,2027500.0
1529,2021-10-20 04:08:59,25100.0,500.0,2027300.0
1530,2021-10-20 04:08:48,25000.0,300.0,2026800.0
1531,2021-10-20 04:08:48,25000.0,300.0,2026500.0
1532,2021-10-20 04:08:48,25000.0,900.0,2026200.0
1533,2021-10-20 04:08:42,25000.0,400.0,2025300.0
1534,2021-10-20 04:08:32,25000.0,500.0,2024900.0
1535,2021-10-20 04:08:01,25000.0,200.0,2024400.0
1536,2021-10-20 04:08:01,25000.0,2800.0,2024200.0
1537,2021-10-20 04:07:58,25000.0,400.0,2021400.0
1538,2021-10-20 04:07:58,25000.0,200.0,2021000.0
1539,2021-10-20 04:07:57,25000.0,3700.0,2020800.0
1540,2021-10-20 04:07:36,25000.0,100.0,2017100.0
1541,2021-10-20 04:07:35,25000.0,500.0,2017000.0
1542,2021-10-20 04:07:08,25000.0,500.0,2016500.0
1543,2021-10-20 04:06:58,25000.0,100.0,2016000.0
1544,2021-10-20 04:06:58,25000.0,5000.0,2015900.0
1545,2021-10-20 04:06:58,25000.0,4900.0,2010900.0
1546,2021-10-20 04:06:55,25000.0,100.0,2006000.0
1547,2021-10-20 04:06:30,25000.0,800.0,2005900.0
1548,2021-10-20 04:06:30,25000.0,1000.0,2005100.0
1549,2021-10-20 04:06:30,25000.0,500.0,2004100.0
1550,2021-10-20 04:06:30,25000.0,100.0,2003600.0
1551,2021-10-20 04:06:30,25000.0,100.0,2003500.0
1552,2021-10-20 04:06:30,25000.0,300.0,2003400.0
1553,2021-10-20 04:06:30,25000.0,100.0,2003100.0
1554,2021-10-20 04:06:30,25000.0,300.0,2003000.0
1555,2021-10-20 04:06:30,25000.0,500.0,2002700.0
1556,2021-10-20 04:06:30,25000.0,100.0,2002200.0
1557,2021-10-20 04:06:30,25000.0,500.0,2002100.0
1558,2021-10-20 04:06:30,25000.0,3000.0,2001600.0
1559,2021-10-20 04:06:30,25000.0,100.0,1998600.0
1560,2021-10-20 04:06:30,25000.0,200.0,1998500.0
1561,2021-10-20 04:06:30,25000.0,300.0,1998300.0
1562,2021-10-20 04:06:30,25000.0,300.0,1998000.0
1563,2021-10-20 04:06:30,25000.0,300.0,1997700.0
1564,2021-10-20 04:06:30,25000.0,100.0,1997400.0
1565,2021-10-20 04:06:30,25000.0,100.0,1997300.0
1566,2021-10-20 04:06:30,25000.0,100.0,1997200.0
1567,2021-10-20 04:06:30,25000.0,300.0,1997100.0
1568,2021-10-20 04:06:30,25000.0,500.0,1996800.0
1569,2021-10-20 04:06:30,25000.0,2200.0,1996300.0
1570,2021-10-20 04:06:30,25000.0,200.0,1994100.0
1571,2021-10-20 04:06:20,25000.0,1400.0,1993900.0
1572,2021-10-20 04:06:09,25000.0,800.0,1992500.0
1573,2021-10-20 04:06:09,25000.0,500.0,1991700.0
1574,2021-10-20 04:06:09,25000.0,1500.0,1991200.0
1575,2021-10-20 04:06:09,25000.0,500.0,1989700.0
1576,2021-10-20 04:06:09,25000.0,1100.0,1989200.0
1577,2021-10-20 04:06:09,25000.0,600.0,1988100.0
1578,2021-10-20 04:06:08,25000.0,1400.0,1987500.0
1579,2021-10-20 04:06:08,25000.0,600.0,1986100.0
1580,2021-10-20 04:05:31,25000.0,1000.0,1985500.0
1581,2021-10-20 04:05:16,25000.0,200.0,1984500.0
1582,2021-10-20 04:05:16,25000.0,300.0,1984300.0
1583,2021-10-20 04:05:11,25000.0,500.0,1984000.0
1584,2021-10-20 04:05:01,25000.0,200.0,1983500.0
1585,2021-10-20 04:05:01,25000.0,100.0,1983300.0
1586,2021-10-20 04:04:41,25000.0,100.0,1983200.0
1587,2021-10-20 04:04:15,25100.0,100.0,1983100.0
1588,2021-10-20 04:03:55,25000.0,500.0,1983000.0
1589,2021-10-20 04:03:29,25000.0,200.0,1982500.0
1590,2021-10-20 04:02:55,25100.0,500.0,1982300.0
1591,2021-10-20 04:02:46,25100.0,1000.0,1981800.0
1592,2021-10-20 04:02:03,25100.0,100.0,1980800.0
1593,2021-10-20 04:01:44,25100.0,200.0,1980700.0
1594,2021-10-20 04:01:41,25000.0,100.0,1980500.0
1595,2021-10-20 04:01:34,25000.0,16500.0,1980400.0
1596,2021-10-20 04:01:34,25050.0,200.0,1963900.0
1597,2021-10-20 04:01:34,25050.0,100.0,1963700.0
1598,2021-10-20 04:01:34,25050.0,200.0,1963600.0
1599,2021-10-20 04:01:34,25050.0,300.0,1963400.0
1600,2021-10-20 04:01:34,25050.0,300.0,1963100.0
1601,2021-10-20 04:01:34,25050.0,900.0,1962800.0
1602,2021-10-20 04:00:37,25100.0,7400.0,1961900.0
1603,2021-10-20 04:00:37,25100.0,500.0,1954500.0
1604,2021-10-20 04:00:37,25100.0,2100.0,1954000.0
1605,2021-10-20 04:00:09,25100.0,700.0,1951900.0
1606,2021-10-20 04:00:06,25050.0,100.0,1951200.0
1607,2021-10-20 04:00:06,25050.0,100.0,1951100.0
1608,2021-10-20 03:59:42,25100.0,1000.0,1951000.0
1609,2021-10-20 03:59:37,25000.0,5900.0,1950000.0
1610,2021-10-20 03:59:37,25050.0,100.0,1944100.0
1611,2021-10-20 03:59:37,25050.0,1000.0,1944000.0
1612,2021-10-20 03:59:37,25050.0,1000.0,1943000.0
1613,2021-10-20 03:58:53,25100.0,100.0,1942000.0
1614,2021-10-20 03:58:41,25100.0,100.0,1941900.0
1615,2021-10-20 03:57:04,25100.0,200.0,1941800.0
1616,2021-10-20 03:57:04,25100.0,100.0,1941600.0
1617,2021-10-20 03:57:04,25100.0,1600.0,1941500.0
1618,2021-10-20 03:57:04,25100.0,600.0,1939900.0
1619,2021-10-20 03:57:04,25100.0,100.0,1939300.0
1620,2021-10-20 03:56:24,25100.0,100.0,1939200.0
1621,2021-10-20 03:56:24,25000.0,300.0,1939100.0
1622,2021-10-20 03:56:11,25000.0,1300.0,1938800.0
1623,2021-10-20 03:56:11,25000.0,700.0,1937500.0
1624,2021-10-20 03:56:11,25000.0,5000.0,1936800.0
1625,2021-10-20 03:56:11,25000.0,1000.0,1931800.0
1626,2021-10-20 03:56:11,25000.0,100.0,1930800.0
1627,2021-10-20 03:56:11,25000.0,1000.0,1930700.0
1628,2021-10-20 03:56:11,25000.0,2000.0,1929700.0
1629,2021-10-20 03:56:11,25000.0,100.0,1927700.0
1630,2021-10-20 03:56:11,25000.0,100.0,1927600.0
1631,2021-10-20 03:56:11,25000.0,200.0,1927500.0
1632,2021-10-20 03:56:11,25000.0,300.0,1927300.0
1633,2021-10-20 03:56:11,25000.0,300.0,1927000.0
1634,2021-10-20 03:55:18,25000.0,100.0,1926700.0
1635,2021-10-20 03:55:18,25000.0,500.0,1926600.0
1636,2021-10-20 03:55:18,25000.0,100.0,1926100.0
1637,2021-10-20 03:55:18,25000.0,1300.0,1926000.0
1638,2021-10-20 03:55:11,25100.0,200.0,1924700.0
1639,2021-10-20 03:54:22,25100.0,500.0,1924500.0
1640,2021-10-20 03:54:22,25100.0,400.0,1924000.0
1641,2021-10-20 03:54:22,25100.0,1100.0,1923600.0
1642,2021-10-20 03:53:56,25100.0,500.0,1922500.0
1643,2021-10-20 03:53:27,25100.0,400.0,1922000.0
1644,2021-10-20 03:53:22,25000.0,700.0,1921600.0
1645,2021-10-20 03:53:22,25000.0,1000.0,1920900.0
1646,2021-10-20 03:53:22,25000.0,500.0,1919900.0
1647,2021-10-20 03:53:19,25000.0,500.0,1919400.0
1648,2021-10-20 03:52:49,25000.0,900.0,1918900.0
1649,2021-10-20 03:52:49,25000.0,400.0,1918000.0
1650,2021-10-20 03:52:49,25000.0,100.0,1917600.0
1651,2021-10-20 03:52:49,25000.0,3800.0,1917500.0
1652,2021-10-20 03:52:49,25000.0,2800.0,1913700.0
1653,2021-10-20 03:52:49,25000.0,100.0,1910900.0
1654,2021-10-20 03:52:49,25000.0,100.0,1910800.0
1655,2021-10-20 03:52:49,25000.0,300.0,1910700.0
1656,2021-10-20 03:52:49,25000.0,900.0,1910400.0
1657,2021-10-20 03:52:49,25000.0,1000.0,1909500.0
1658,2021-10-20 03:52:49,25000.0,300.0,1908500.0
1659,2021-10-20 03:52:49,25000.0,100.0,1908200.0
1660,2021-10-20 03:52:49,25000.0,500.0,1908100.0
1661,2021-10-20 03:52:49,25000.0,100.0,1907600.0
1662,2021-10-20 03:52:49,25000.0,100.0,1907500.0
1663,2021-10-20 03:52:49,25000.0,1000.0,1907400.0
1664,2021-10-20 03:52:49,25000.0,100.0,1906400.0
1665,2021-10-20 03:52:49,25000.0,100.0,1906300.0
1666,2021-10-20 03:52:49,25000.0,2000.0,1906200.0
1667,2021-10-20 03:52:49,25000.0,1000.0,1904200.0
1668,2021-10-20 03:52:49,25000.0,5000.0,1903200.0
1669,2021-10-20 03:52:49,25000.0,500.0,1898200.0
1670,2021-10-20 03:52:49,25000.0,1600.0,1897700.0
1671,2021-10-20 03:52:49,25000.0,300.0,1896100.0
1672,2021-10-20 03:52:49,25000.0,200.0,1895800.0
1673,2021-10-20 03:52:49,25000.0,200.0,1895600.0
1674,2021-10-20 03:52:49,25000.0,100.0,1895400.0
1675,2021-10-20 03:52:49,25000.0,500.0,1895300.0
1676,2021-10-20 03:52:49,25000.0,500.0,1894800.0
1677,2021-10-20 03:52:49,25000.0,200.0,1894300.0
1678,2021-10-20 03:52:49,25000.0,500.0,1894100.0
1679,2021-10-20 03:52:49,25000.0,200.0,1893600.0
1680,2021-10-20 03:52:49,25000.0,100.0,1893400.0
1681,2021-10-20 03:52:49,25000.0,200.0,1893300.0
1682,2021-10-20 03:52:49,25000.0,1300.0,1893100.0
1683,2021-10-20 03:52:49,25000.0,500.0,1891800.0
1684,2021-10-20 03:52:49,25000.0,1000.0,1891300.0
1685,2021-10-20 03:52:49,25000.0,1000.0,1890300.0
1686,2021-10-20 03:52:49,25000.0,1000.0,1889300.0
1687,2021-10-20 03:52:49,25000.0,1000.0,1888300.0
1688,2021-10-20 03:52:49,25000.0,200.0,1887300.0
1689,2021-10-20 03:52:49,25000.0,1000.0,1887100.0
1690,2021-10-20 03:52:49,25000.0,200.0,1886100.0
1691,2021-10-20 03:52:49,25000.0,1000.0,1885900.0
1692,2021-10-20 03:52:49,25000.0,1000.0,1884900.0
1693,2021-10-20 03:52:49,25000.0,100.0,1883900.0
1694,2021-10-20 03:52:49,25000.0,1000.0,1883800.0
1695,2021-10-20 03:52:49,25000.0,2000.0,1882800.0
1696,2021-10-20 03:52:49,25000.0,3900.0,1880800.0
1697,2021-10-20 03:52:49,25000.0,200.0,1876900.0
1698,2021-10-20 03:52:49,25000.0,500.0,1876700.0
1699,2021-10-20 03:52:49,25000.0,500.0,1876200.0
1700,2021-10-20 03:52:49,25000.0,2000.0,1875700.0
1701,2021-10-20 03:52:49,25000.0,500.0,1873700.0
1702,2021-10-20 03:52:49,25000.0,1000.0,1873200.0
1703,2021-10-20 03:52:49,25000.0,300.0,1872200.0
1704,2021-10-20 03:52:49,25000.0,700.0,1871900.0
1705,2021-10-20 03:52:49,25000.0,100.0,1871200.0
1706,2021-10-20 03:52:49,25000.0,500.0,1871100.0
1707,2021-10-20 03:52:49,25000.0,100.0,1870600.0
1708,2021-10-20 03:52:49,25000.0,300.0,1870500.0
1709,2021-10-20 03:52:49,25000.0,500.0,1870200.0
1710,2021-10-20 03:52:49,25000.0,1000.0,1869700.0
1711,2021-10-20 03:52:49,25000.0,1500.0,1868700.0
1712,2021-10-20 03:52:49,25000.0,100.0,1867200.0
1713,2021-10-20 03:52:49,25000.0,1300.0,1867100.0
1714,2021-10-20 03:52:49,25000.0,800.0,1865800.0
1715,2021-10-20 03:52:49,25000.0,200.0,1865000.0
1716,2021-10-20 03:52:49,25000.0,200.0,1864800.0
1717,2021-10-20 03:52:49,25000.0,100.0,1864600.0
1718,2021-10-20 03:52:49,25000.0,1000.0,1864500.0
1719,2021-10-20 03:52:49,25000.0,500.0,1863500.0
1720,2021-10-20 03:52:49,25000.0,1000.0,1863000.0
1721,2021-10-20 03:52:49,25000.0,200.0,1862000.0
1722,2021-10-20 03:52:49,25000.0,100.0,1861800.0
1723,2021-10-20 03:52:49,25000.0,100.0,1861700.0
1724,2021-10-20 03:52:49,25000.0,15000.0,1861600.0
1725,2021-10-20 03:52:49,25000.0,1000.0,1846600.0
1726,2021-10-20 03:52:49,25000.0,200.0,1845600.0
1727,2021-10-20 03:52:49,25000.0,300.0,1845400.0
1728,2021-10-20 03:52:49,25000.0,2000.0,1845100.0
1729,2021-10-20 03:52:49,25000.0,300.0,1843100.0
1730,2021-10-20 03:52:49,25050.0,100.0,1842800.0
1731,2021-10-20 03:52:49,25050.0,5000.0,1842700.0
1732,2021-10-20 03:52:49,25050.0,100.0,1837700.0
1733,2021-10-20 03:52:49,25050.0,10000.0,1837600.0
1734,2021-10-20 03:52:49,25050.0,300.0,1827600.0
1735,2021-10-20 03:52:49,25050.0,100.0,1827300.0
1736,2021-10-20 03:52:49,25050.0,2500.0,1827200.0
1737,2021-10-20 03:52:49,25050.0,2000.0,1824700.0
1738,2021-10-20 03:52:49,25050.0,2000.0,1822700.0
1739,2021-10-20 03:52:49,25050.0,800.0,1820700.0
1740,2021-10-20 03:52:49,25050.0,500.0,1819900.0
1741,2021-10-20 03:52:49,25050.0,2200.0,1819400.0
1742,2021-10-20 03:52:49,25050.0,1000.0,1817200.0
1743,2021-10-20 03:52:49,25100.0,1000.0,1816200.0
1744,2021-10-20 03:52:49,25100.0,100.0,1815200.0
1745,2021-10-20 03:52:49,25100.0,200.0,1815100.0
1746,2021-10-20 03:52:49,25100.0,300.0,1814900.0
1747,2021-10-20 03:52:49,25100.0,1000.0,1814600.0
1748,2021-10-20 03:52:49,25100.0,400.0,1813600.0
1749,2021-10-20 03:52:49,25100.0,200.0,1813200.0
1750,2021-10-20 03:52:49,25100.0,1400.0,1813000.0
1751,2021-10-20 03:52:49,25100.0,100.0,1811600.0
1752,2021-10-20 03:52:49,25100.0,200.0,1811500.0
1753,2021-10-20 03:52:49,25100.0,200.0,1811300.0
1754,2021-10-20 03:52:49,25100.0,200.0,1811100.0
1755,2021-10-20 03:52:49,25100.0,500.0,1810900.0
1756,2021-10-20 03:52:49,25100.0,1500.0,1810400.0
1757,2021-10-20 03:52:49,25100.0,200.0,1808900.0
1758,2021-10-20 03:52:49,25100.0,500.0,1808700.0
1759,2021-10-20 03:52:49,25100.0,200.0,1808200.0
1760,2021-10-20 03:52:49,25100.0,3000.0,1808000.0
1761,2021-10-20 03:52:49,25100.0,500.0,1805000.0
1762,2021-10-20 03:52:49,25100.0,200.0,1804500.0
1763,2021-10-20 03:52:49,25100.0,500.0,1804300.0
1764,2021-10-20 03:52:49,25100.0,2700.0,1803800.0
1765,2021-10-20 03:52:49,25100.0,1000.0,1801100.0
1766,2021-10-20 03:52:49,25100.0,500.0,1800100.0
1767,2021-10-20 03:52:49,25100.0,100.0,1799600.0
1768,2021-10-20 03:52:49,25100.0,500.0,1799500.0
1769,2021-10-20 03:52:49,25100.0,300.0,1799000.0
1770,2021-10-20 03:52:49,25100.0,500.0,1798700.0
1771,2021-10-20 03:52:49,25100.0,500.0,1798200.0
1772,2021-10-20 03:52:49,25100.0,500.0,1797700.0
1773,2021-10-20 03:52:49,25100.0,200.0,1797200.0
1774,2021-10-20 03:52:49,25100.0,100.0,1797000.0
1775,2021-10-20 03:52:49,25100.0,1000.0,1796900.0
1776,2021-10-20 03:52:49,25100.0,500.0,1795900.0
1777,2021-10-20 03:52:49,25100.0,200.0,1795400.0
1778,2021-10-20 03:52:49,25100.0,300.0,1795200.0
1779,2021-10-20 03:52:46,25150.0,700.0,1794900.0
1780,2021-10-20 03:51:51,25150.0,100.0,1794200.0
1781,2021-10-20 03:51:03,25150.0,1000.0,1794100.0
1782,2021-10-20 03:50:39,25100.0,200.0,1793100.0
1783,2021-10-20 03:49:55,25100.0,300.0,1792900.0
1784,2021-10-20 03:49:29,25100.0,200.0,1792600.0
1785,2021-10-20 03:49:29,25100.0,500.0,1792400.0
1786,2021-10-20 03:49:29,25100.0,200.0,1791900.0
1787,2021-10-20 03:49:29,25100.0,100.0,1791700.0
1788,2021-10-20 03:49:01,25150.0,100.0,1791600.0
1789,2021-10-20 03:47:49,25100.0,200.0,1791500.0
1790,2021-10-20 03:47:49,25100.0,500.0,1791300.0
1791,2021-10-20 03:47:49,25100.0,300.0,1790800.0
1792,2021-10-20 03:47:18,25150.0,2000.0,1790500.0
1793,2021-10-20 03:47:18,25150.0,100.0,1788500.0
1794,2021-10-20 03:46:36,25150.0,1500.0,1788400.0
1795,2021-10-20 03:46:36,25150.0,400.0,1786900.0
1796,2021-10-20 03:46:36,25150.0,700.0,1786500.0
1797,2021-10-20 03:46:34,25150.0,300.0,1785800.0
1798,2021-10-20 03:46:26,25150.0,500.0,1785500.0
1799,2021-10-20 03:46:10,25150.0,500.0,1785000.0
1800,2021-10-20 03:46:10,25150.0,500.0,1784500.0
1801,2021-10-20 03:46:05,25150.0,100.0,1784000.0
1802,2021-10-20 03:46:03,25100.0,100.0,1783900.0
1803,2021-10-20 03:45:50,25150.0,1000.0,1783800.0
1804,2021-10-20 03:45:28,25150.0,200.0,1782800.0
1805,2021-10-20 03:45:06,25150.0,200.0,1782600.0
1806,2021-10-20 03:45:04,25150.0,100.0,1782400.0
1807,2021-10-20 03:45:04,25150.0,100.0,1782300.0
1808,2021-10-20 03:45:04,25150.0,100.0,1782200.0
1809,2021-10-20 03:45:04,25150.0,400.0,1782100.0
1810,2021-10-20 03:45:04,25150.0,100.0,1781700.0
1811,2021-10-20 03:45:04,25150.0,200.0,1781600.0
1812,2021-10-20 03:45:04,25150.0,2000.0,1781400.0
1813,2021-10-20 03:44:53,25200.0,100.0,1779400.0
1814,2021-10-20 03:44:35,25200.0,200.0,1779300.0
1815,2021-10-20 03:44:13,25200.0,100.0,1779100.0
1816,2021-10-20 03:44:13,25200.0,100.0,1779000.0
1817,2021-10-20 03:44:06,25200.0,300.0,1778900.0
1818,2021-10-20 03:43:29,25200.0,2000.0,1778600.0
1819,2021-10-20 03:43:24,25200.0,400.0,1776600.0
1820,2021-10-20 03:43:24,25200.0,600.0,1776200.0
1821,2021-10-20 03:43:20,25200.0,100.0,1775600.0
1822,2021-10-20 03:43:05,25200.0,1000.0,1775500.0
1823,2021-10-20 03:42:37,25200.0,4400.0,1774500.0
1824,2021-10-20 03:41:41,25200.0,100.0,1770100.0
1825,2021-10-20 03:40:55,25150.0,300.0,1770000.0
1826,2021-10-20 03:40:14,25150.0,1300.0,1769700.0
1827,2021-10-20 03:40:14,25150.0,200.0,1768400.0
1828,2021-10-20 03:40:14,25150.0,1000.0,1768200.0
1829,2021-10-20 03:40:14,25150.0,500.0,1767200.0
1830,2021-10-20 03:39:59,25150.0,100.0,1766700.0
1831,2021-10-20 03:39:23,25150.0,3000.0,1766600.0
1832,2021-10-20 03:39:03,25200.0,400.0,1763600.0
1833,2021-10-20 03:38:22,25200.0,1000.0,1763200.0
1834,2021-10-20 03:38:20,25200.0,200.0,1762200.0
1835,2021-10-20 03:37:18,25150.0,3900.0,1762000.0
1836,2021-10-20 03:37:18,25150.0,5000.0,1758100.0
1837,2021-10-20 03:37:18,25150.0,400.0,1753100.0
1838,2021-10-20 03:37:18,25150.0,100.0,1752700.0
1839,2021-10-20 03:37:18,25150.0,200.0,1752600.0
1840,2021-10-20 03:37:18,25150.0,2000.0,1752400.0
1841,2021-10-20 03:37:18,25150.0,3400.0,1750400.0
1842,2021-10-20 03:37:08,25150.0,600.0,1747000.0
1843,2021-10-20 03:37:08,25150.0,100.0,1746400.0
1844,2021-10-20 03:37:08,25150.0,1100.0,1746300.0
1845,2021-10-20 03:36:52,25200.0,2500.0,1745200.0
1846,2021-10-20 03:36:38,25150.0,200.0,1742700.0
1847,2021-10-20 03:36:15,25200.0,1300.0,1742500.0
1848,2021-10-20 03:35:45,25200.0,1000.0,1741200.0
1849,2021-10-20 03:35:44,25200.0,1000.0,1740200.0
1850,2021-10-20 03:35:43,25200.0,1000.0,1739200.0
1851,2021-10-20 03:35:43,25200.0,500.0,1738200.0
1852,2021-10-20 03:34:45,25200.0,600.0,1737700.0
1853,2021-10-20 03:34:29,25200.0,1000.0,1737100.0
1854,2021-10-20 03:34:14,25200.0,100.0,1736100.0
1855,2021-10-20 03:34:14,25200.0,1000.0,1736000.0
1856,2021-10-20 03:34:14,25200.0,500.0,1735000.0
1857,2021-10-20 03:34:14,25200.0,1700.0,1734500.0
1858,2021-10-20 03:33:56,25250.0,100.0,1732800.0
1859,2021-10-20 03:33:35,25200.0,700.0,1732700.0
1860,2021-10-20 03:33:01,25200.0,100.0,1732000.0
1861,2021-10-20 03:33:01,25200.0,200.0,1731900.0
1862,2021-10-20 03:33:01,25200.0,100.0,1731700.0
1863,2021-10-20 03:33:01,25200.0,600.0,1731600.0
1864,2021-10-20 03:33:00,25200.0,700.0,1731000.0
1865,2021-10-20 03:33:00,25200.0,300.0,1730300.0
1866,2021-10-20 03:32:41,25200.0,100.0,1730000.0
1867,2021-10-20 03:31:35,25200.0,300.0,1729900.0
1868,2021-10-20 03:31:08,25150.0,200.0,1729600.0
1869,2021-10-20 03:30:56,25200.0,700.0,1729400.0
1870,2021-10-20 03:30:56,25200.0,300.0,1728700.0
1871,2021-10-20 03:30:27,25150.0,100.0,1728400.0
1872,2021-10-20 03:30:27,25150.0,200.0,1728300.0
1873,2021-10-20 03:30:21,25200.0,100.0,1728100.0
1874,2021-10-20 03:29:25,25150.0,100.0,1728000.0
1875,2021-10-20 03:29:19,25150.0,100.0,1727900.0
1876,2021-10-20 03:28:57,25150.0,400.0,1727800.0
1877,2021-10-20 03:28:57,25150.0,600.0,1727400.0
1878,2021-10-20 03:28:56,25150.0,100.0,1726800.0
1879,2021-10-20 03:28:19,25150.0,200.0,1726700.0
1880,2021-10-20 03:28:18,25150.0,200.0,1726500.0
1881,2021-10-20 03:27:47,25150.0,1200.0,1726300.0
1882,2021-10-20 03:27:46,25150.0,600.0,1725100.0
1883,2021-10-20 03:27:40,25150.0,100.0,1724500.0
1884,2021-10-20 03:27:40,25100.0,100.0,1724400.0
1885,2021-10-20 03:27:40,25100.0,500.0,1724300.0
1886,2021-10-20 03:27:40,25100.0,1000.0,1723800.0
1887,2021-10-20 03:27:40,25100.0,500.0,1722800.0
1888,2021-10-20 03:27:40,25100.0,700.0,1722300.0
1889,2021-10-20 03:27:40,25100.0,2000.0,1721600.0
1890,2021-10-20 03:27:40,25100.0,200.0,1719600.0
1891,2021-10-20 03:26:58,25150.0,100.0,1719400.0
1892,2021-10-20 03:26:57,25150.0,500.0,1719300.0
1893,2021-10-20 03:26:57,25150.0,500.0,1718800.0
1894,2021-10-20 03:26:57,25150.0,5000.0,1718300.0
1895,2021-10-20 03:26:57,25150.0,800.0,1713300.0
1896,2021-10-20 03:26:57,25150.0,2000.0,1712500.0
1897,2021-10-20 03:26:57,25150.0,1000.0,1710500.0
1898,2021-10-20 03:26:57,25150.0,300.0,1709500.0
1899,2021-10-20 03:26:57,25150.0,1000.0,1709200.0
1900,2021-10-20 03:26:57,25150.0,100.0,1708200.0
1901,2021-10-20 03:26:57,25150.0,100.0,1708100.0
1902,2021-10-20 03:26:57,25150.0,300.0,1708000.0
1903,2021-10-20 03:26:57,25150.0,100.0,1707700.0
1904,2021-10-20 03:26:57,25150.0,200.0,1707600.0
1905,2021-10-20 03:26:46,25200.0,100.0,1707400.0
1906,2021-10-20 03:26:26,25200.0,200.0,1707300.0
1907,2021-10-20 03:26:12,25200.0,300.0,1707100.0
1908,2021-10-20 03:26:06,25200.0,200.0,1706800.0
1909,2021-10-20 03:25:53,25200.0,100.0,1706600.0
1910,2021-10-20 03:25:51,25200.0,200.0,1706500.0
1911,2021-10-20 03:25:51,25200.0,1000.0,1706300.0
1912,2021-10-20 03:25:45,25200.0,100.0,1705300.0
1913,2021-10-20 03:25:45,25200.0,100.0,1705200.0
1914,2021-10-20 03:25:45,25200.0,200.0,1705100.0
1915,2021-10-20 03:25:45,25200.0,300.0,1704900.0
1916,2021-10-20 03:25:45,25200.0,500.0,1704600.0
1917,2021-10-20 03:25:45,25200.0,1000.0,1704100.0
1918,2021-10-20 03:25:45,25200.0,800.0,1703100.0
1919,2021-10-20 03:25:45,25200.0,100.0,1702300.0
1920,2021-10-20 03:25:45,25200.0,4800.0,1702200.0
1921,2021-10-20 03:25:10,25200.0,200.0,1697400.0
1922,2021-10-20 03:25:10,25200.0,500.0,1697200.0
1923,2021-10-20 03:25:10,25200.0,100.0,1696700.0
1924,2021-10-20 03:25:10,25200.0,600.0,1696600.0
1925,2021-10-20 03:25:10,25200.0,500.0,1696000.0
1926,2021-10-20 03:25:10,25200.0,500.0,1695500.0
1927,2021-10-20 03:25:10,25200.0,200.0,1695000.0
1928,2021-10-20 03:25:10,25200.0,100.0,1694800.0
1929,2021-10-20 03:25:10,25200.0,1300.0,1694700.0
1930,2021-10-20 03:25:08,25200.0,200.0,1693400.0
1931,2021-10-20 03:25:08,25200.0,2000.0,1693200.0
1932,2021-10-20 03:25:08,25200.0,100.0,1691200.0
1933,2021-10-20 03:25:08,25200.0,1000.0,1691100.0
1934,2021-10-20 03:25:08,25200.0,500.0,1690100.0
1935,2021-10-20 03:25:08,25200.0,1200.0,1689600.0
1936,2021-10-20 03:24:19,25250.0,200.0,1688400.0
1937,2021-10-20 03:24:12,25250.0,400.0,1688200.0
1938,2021-10-20 03:23:39,25250.0,1000.0,1687800.0
1939,2021-10-20 03:23:07,25250.0,300.0,1686800.0
1940,2021-10-20 03:22:59,25250.0,300.0,1686500.0
1941,2021-10-20 03:21:03,25250.0,1000.0,1686200.0
1942,2021-10-20 03:20:40,25250.0,100.0,1685200.0
1943,2021-10-20 03:20:22,25250.0,1100.0,1685100.0
1944,2021-10-20 03:19:46,25250.0,300.0,1684000.0
1945,2021-10-20 03:19:38,25250.0,200.0,1683700.0
1946,2021-10-20 03:19:38,25250.0,2000.0,1683500.0
1947,2021-10-20 03:19:37,25250.0,600.0,1681500.0
1948,2021-10-20 03:19:24,25250.0,600.0,1680900.0
1949,2021-10-20 03:18:57,25250.0,1000.0,1680300.0
1950,2021-10-20 03:18:50,25250.0,100.0,1679300.0
1951,2021-10-20 03:18:50,25250.0,1000.0,1679200.0
1952,2021-10-20 03:18:50,25250.0,2000.0,1678200.0
1953,2021-10-20 03:18:50,25250.0,1900.0,1676200.0
1954,2021-10-20 03:18:33,25250.0,300.0,1674300.0
1955,2021-10-20 03:18:22,25250.0,2100.0,1674000.0
1956,2021-10-20 03:18:09,25250.0,100.0,1671900.0
1957,2021-10-20 03:18:09,25250.0,600.0,1671800.0
1958,2021-10-20 03:18:09,25250.0,400.0,1671200.0
1959,2021-10-20 03:17:30,25250.0,600.0,1670800.0
1960,2021-10-20 03:17:30,25250.0,400.0,1670200.0
1961,2021-10-20 03:17:16,25300.0,500.0,1669800.0
1962,2021-10-20 03:17:11,25300.0,800.0,1669300.0
1963,2021-10-20 03:16:17,25300.0,2000.0,1668500.0
1964,2021-10-20 03:16:17,25300.0,1000.0,1666500.0
1965,2021-10-20 03:16:17,25300.0,2000.0,1665500.0
1966,2021-10-20 03:16:13,25300.0,200.0,1663500.0
1967,2021-10-20 03:16:10,25300.0,500.0,1663300.0
1968,2021-10-20 03:15:43,25300.0,100.0,1662800.0
1969,2021-10-20 03:15:39,25250.0,1000.0,1662700.0
1970,2021-10-20 03:15:23,25300.0,2200.0,1661700.0
1971,2021-10-20 03:15:23,25300.0,600.0,1659500.0
1972,2021-10-20 03:15:23,25300.0,1000.0,1658900.0
1973,2021-10-20 03:15:23,25300.0,1200.0,1657900.0
1974,2021-10-20 03:14:35,25300.0,500.0,1656700.0
1975,2021-10-20 03:14:31,25300.0,300.0,1656200.0
1976,2021-10-20 03:14:31,25300.0,100.0,1655900.0
1977,2021-10-20 03:14:31,25300.0,100.0,1655800.0
1978,2021-10-20 03:14:27,25300.0,200.0,1655700.0
1979,2021-10-20 03:14:09,25300.0,200.0,1655500.0
1980,2021-10-20 03:14:09,25300.0,500.0,1655300.0
1981,2021-10-20 03:14:09,25300.0,100.0,1654800.0
1982,2021-10-20 03:13:56,25300.0,1000.0,1654700.0
1983,2021-10-20 03:13:35,25300.0,900.0,1653700.0
1984,2021-10-20 03:13:35,25300.0,600.0,1652800.0
1985,2021-10-20 03:13:35,25300.0,2000.0,1652200.0
1986,2021-10-20 03:13:35,25300.0,800.0,1650200.0
1987,2021-10-20 03:13:35,25300.0,700.0,1649400.0
1988,2021-10-20 03:13:24,25300.0,300.0,1648700.0
1989,2021-10-20 03:13:24,25300.0,300.0,1648400.0
1990,2021-10-20 03:13:01,25300.0,2000.0,1648100.0
1991,2021-10-20 03:13:01,25300.0,100.0,1646100.0
1992,2021-10-20 03:13:01,25300.0,100.0,1646000.0
1993,2021-10-20 03:13:01,25300.0,2000.0,1645900.0
1994,2021-10-20 03:13:01,25300.0,500.0,1643900.0
1995,2021-10-20 03:13:01,25300.0,2000.0,1643400.0
1996,2021-10-20 03:12:32,25200.0,100.0,1641400.0
1997,2021-10-20 03:12:32,25200.0,700.0,1641300.0
1998,2021-10-20 03:12:31,25200.0,300.0,1640600.0
1999,2021-10-20 03:12:26,25200.0,1000.0,1640300.0
2000,2021-10-20 03:12:19,25200.0,700.0,1639300.0
2001,2021-10-20 03:12:16,25200.0,1500.0,1638600.0
2002,2021-10-20 03:12:15,25200.0,400.0,1637100.0
2003,2021-10-20 03:11:50,25200.0,500.0,1636700.0
2004,2021-10-20 03:11:50,25200.0,100.0,1636200.0
2005,2021-10-20 03:11:50,25200.0,200.0,1636100.0
2006,2021-10-20 03:11:50,25200.0,300.0,1635900.0
2007,2021-10-20 03:11:50,25200.0,200.0,1635600.0
2008,2021-10-20 03:11:50,25200.0,500.0,1635400.0
2009,2021-10-20 03:11:50,25200.0,600.0,1634900.0
2010,2021-10-20 03:10:50,25200.0,800.0,1634300.0
2011,2021-10-20 03:10:45,25200.0,500.0,1633500.0
2012,2021-10-20 03:10:33,25200.0,1000.0,1633000.0
2013,2021-10-20 03:10:17,25200.0,500.0,1632000.0
2014,2021-10-20 03:10:16,25200.0,1000.0,1631500.0
2015,2021-10-20 03:10:16,25200.0,100.0,1630500.0
2016,2021-10-20 03:10:16,25200.0,500.0,1630400.0
2017,2021-10-20 03:10:16,25200.0,500.0,1629900.0
2018,2021-10-20 03:10:16,25200.0,100.0,1629400.0
2019,2021-10-20 03:10:05,25300.0,1000.0,1629300.0
2020,2021-10-20 03:10:05,25300.0,500.0,1628300.0
2021,2021-10-20 03:10:04,25300.0,100.0,1627800.0
2022,2021-10-20 03:09:58,25300.0,200.0,1627700.0
2023,2021-10-20 03:09:58,25300.0,300.0,1627500.0
2024,2021-10-20 03:09:43,25300.0,200.0,1627200.0
2025,2021-10-20 03:09:32,25300.0,200.0,1627000.0
2026,2021-10-20 03:09:32,25300.0,300.0,1626800.0
2027,2021-10-20 03:09:30,25300.0,200.0,1626500.0
2028,2021-10-20 03:09:22,25300.0,800.0,1626300.0
2029,2021-10-20 03:09:22,25300.0,200.0,1625500.0
2030,2021-10-20 03:08:50,25200.0,2700.0,1625300.0
2031,2021-10-20 03:08:46,25200.0,300.0,1622600.0
2032,2021-10-20 03:08:36,25200.0,300.0,1622300.0
2033,2021-10-20 03:08:35,25200.0,100.0,1622000.0
2034,2021-10-20 03:08:32,25200.0,500.0,1621900.0
2035,2021-10-20 03:08:25,25200.0,100.0,1621400.0
2036,2021-10-20 03:08:25,25200.0,300.0,1621300.0
2037,2021-10-20 03:08:18,25200.0,1700.0,1621000.0
2038,2021-10-20 03:08:18,25200.0,200.0,1619300.0
2039,2021-10-20 03:08:18,25200.0,100.0,1619100.0
2040,2021-10-20 03:08:13,25200.0,100.0,1619000.0
2041,2021-10-20 03:08:13,25200.0,300.0,1618900.0
2042,2021-10-20 03:08:13,25200.0,100.0,1618600.0
2043,2021-10-20 03:08:11,25200.0,200.0,1618500.0
2044,2021-10-20 03:08:11,25200.0,3800.0,1618300.0
2045,2021-10-20 03:07:57,25200.0,1200.0,1614500.0
2046,2021-10-20 03:07:57,25200.0,800.0,1613300.0
2047,2021-10-20 03:07:49,25150.0,100.0,1612500.0
2048,2021-10-20 03:07:49,25150.0,100.0,1612400.0
