,Time,Price,Volume_per_trade,Volume
0,2021-10-06 07:45:00,25700.0,100.0,3422400.0
1,2021-10-06 07:45:00,25700.0,100.0,3422300.0
2,2021-10-06 07:45:00,25700.0,1800.0,3422200.0
3,2021-10-06 07:45:00,25700.0,2200.0,3420400.0
4,2021-10-06 07:45:00,25700.0,100.0,3418200.0
5,2021-10-06 07:45:00,25700.0,100.0,3418100.0
6,2021-10-06 07:45:00,25700.0,400.0,3418000.0
7,2021-10-06 07:45:00,25700.0,1900.0,3417600.0
8,2021-10-06 07:45:00,25700.0,1000.0,3415700.0
9,2021-10-06 07:45:00,25700.0,100.0,3414700.0
10,2021-10-06 07:45:00,25700.0,6100.0,3414600.0
11,2021-10-06 07:45:00,25700.0,100.0,3408500.0
12,2021-10-06 07:45:00,25700.0,500.0,3408400.0
13,2021-10-06 07:45:00,25700.0,100.0,3407900.0
14,2021-10-06 07:45:00,25700.0,200.0,3407800.0
15,2021-10-06 07:45:00,25700.0,100.0,3407600.0
16,2021-10-06 07:45:00,25700.0,100.0,3407500.0
17,2021-10-06 07:45:00,25700.0,100.0,3407400.0
18,2021-10-06 07:29:50,25700.0,700.0,3407300.0
19,2021-10-06 07:29:50,25700.0,500.0,3406600.0
20,2021-10-06 07:29:50,25700.0,2000.0,3406100.0
21,2021-10-06 07:29:50,25700.0,800.0,3404100.0
22,2021-10-06 07:29:41,25700.0,500.0,3403300.0
23,2021-10-06 07:29:05,25700.0,100.0,3402800.0
24,2021-10-06 07:29:05,25700.0,100.0,3402700.0
25,2021-10-06 07:29:05,25700.0,100.0,3402600.0
26,2021-10-06 07:29:02,25700.0,500.0,3402500.0
27,2021-10-06 07:29:01,25700.0,400.0,3402000.0
28,2021-10-06 07:29:01,25700.0,100.0,3401600.0
29,2021-10-06 07:29:00,25700.0,100.0,3401500.0
30,2021-10-06 07:29:00,25700.0,300.0,3401400.0
31,2021-10-06 07:28:58,25700.0,200.0,3401100.0
32,2021-10-06 07:28:57,25700.0,500.0,3400900.0
33,2021-10-06 07:28:53,25700.0,1000.0,3400400.0
34,2021-10-06 07:28:48,25700.0,700.0,3399400.0
35,2021-10-06 07:28:40,25700.0,500.0,3398700.0
36,2021-10-06 07:28:37,25700.0,200.0,3398200.0
37,2021-10-06 07:28:28,25700.0,1200.0,3398000.0
38,2021-10-06 07:28:26,25700.0,500.0,3396800.0
39,2021-10-06 07:28:23,25700.0,900.0,3396300.0
40,2021-10-06 07:28:23,25700.0,100.0,3395400.0
41,2021-10-06 07:28:04,25700.0,200.0,3395300.0
42,2021-10-06 07:27:51,25700.0,100.0,3395100.0
43,2021-10-06 07:27:46,25700.0,500.0,3395000.0
44,2021-10-06 07:27:39,25700.0,300.0,3394500.0
45,2021-10-06 07:27:35,25700.0,500.0,3394200.0
46,2021-10-06 07:27:32,25700.0,100.0,3393700.0
47,2021-10-06 07:27:24,25700.0,200.0,3393600.0
48,2021-10-06 07:27:10,25700.0,100.0,3393400.0
49,2021-10-06 07:26:55,25700.0,200.0,3393300.0
50,2021-10-06 07:26:38,25700.0,200.0,3393100.0
51,2021-10-06 07:26:38,25700.0,3000.0,3392900.0
52,2021-10-06 07:26:38,25700.0,100.0,3389900.0
53,2021-10-06 07:26:38,25700.0,1700.0,3389800.0
54,2021-10-06 07:26:32,25700.0,400.0,3388100.0
55,2021-10-06 07:26:28,25700.0,500.0,3387700.0
56,2021-10-06 07:26:28,25700.0,3400.0,3387200.0
57,2021-10-06 07:26:15,25700.0,200.0,3383800.0
58,2021-10-06 07:26:14,25700.0,100.0,3383600.0
59,2021-10-06 07:26:14,25700.0,300.0,3383500.0
60,2021-10-06 07:26:08,25700.0,1000.0,3383200.0
61,2021-10-06 07:25:56,25700.0,1000.0,3382200.0
62,2021-10-06 07:25:56,25700.0,300.0,3381200.0
63,2021-10-06 07:25:56,25700.0,100.0,3380900.0
64,2021-10-06 07:25:56,25700.0,600.0,3380800.0
65,2021-10-06 07:25:54,25700.0,100.0,3380200.0
66,2021-10-06 07:25:52,25700.0,400.0,3380100.0
67,2021-10-06 07:25:50,25700.0,100.0,3379700.0
68,2021-10-06 07:25:50,25700.0,100.0,3379600.0
69,2021-10-06 07:25:42,25700.0,200.0,3379500.0
70,2021-10-06 07:25:28,25700.0,500.0,3379300.0
71,2021-10-06 07:25:21,25700.0,400.0,3378800.0
72,2021-10-06 07:25:19,25700.0,500.0,3378400.0
73,2021-10-06 07:25:06,25700.0,200.0,3377900.0
74,2021-10-06 07:24:54,25700.0,100.0,3377700.0
75,2021-10-06 07:24:51,25700.0,300.0,3377600.0
76,2021-10-06 07:24:48,25700.0,300.0,3377300.0
77,2021-10-06 07:24:44,25700.0,1500.0,3377000.0
78,2021-10-06 07:24:38,25700.0,300.0,3375500.0
79,2021-10-06 07:24:38,25700.0,100.0,3375200.0
80,2021-10-06 07:24:38,25700.0,300.0,3375100.0
81,2021-10-06 07:24:34,25700.0,1700.0,3374800.0
82,2021-10-06 07:24:34,25700.0,300.0,3373100.0
83,2021-10-06 07:24:19,25700.0,300.0,3372800.0
84,2021-10-06 07:24:06,25700.0,100.0,3372500.0
85,2021-10-06 07:24:00,25700.0,300.0,3372400.0
86,2021-10-06 07:24:00,25700.0,300.0,3372100.0
87,2021-10-06 07:24:00,25700.0,100.0,3371800.0
88,2021-10-06 07:24:00,25700.0,500.0,3371700.0
89,2021-10-06 07:23:40,25700.0,500.0,3371200.0
90,2021-10-06 07:23:29,25700.0,300.0,3370700.0
91,2021-10-06 07:23:28,25700.0,1000.0,3370400.0
92,2021-10-06 07:23:28,25700.0,600.0,3369400.0
93,2021-10-06 07:23:28,25700.0,100.0,3368800.0
94,2021-10-06 07:23:28,25700.0,100.0,3368700.0
95,2021-10-06 07:23:28,25700.0,500.0,3368600.0
96,2021-10-06 07:23:28,25700.0,400.0,3368100.0
97,2021-10-06 07:23:22,25700.0,1900.0,3367700.0
98,2021-10-06 07:22:58,25700.0,400.0,3365800.0
99,2021-10-06 07:22:50,25700.0,900.0,3365400.0
100,2021-10-06 07:22:49,25700.0,1000.0,3364500.0
101,2021-10-06 07:22:40,25700.0,400.0,3363500.0
102,2021-10-06 07:22:39,25700.0,500.0,3363100.0
103,2021-10-06 07:22:33,25700.0,200.0,3362600.0
104,2021-10-06 07:22:31,25700.0,500.0,3362400.0
105,2021-10-06 07:22:22,25700.0,500.0,3361900.0
106,2021-10-06 07:22:18,25700.0,100.0,3361400.0
107,2021-10-06 07:22:13,25700.0,100.0,3361300.0
108,2021-10-06 07:22:04,25700.0,100.0,3361200.0
109,2021-10-06 07:22:04,25700.0,500.0,3361100.0
110,2021-10-06 07:22:03,25700.0,1000.0,3360600.0
111,2021-10-06 07:22:00,25700.0,500.0,3359600.0
112,2021-10-06 07:22:00,25700.0,500.0,3359100.0
113,2021-10-06 07:21:56,25700.0,1000.0,3358600.0
114,2021-10-06 07:21:38,25700.0,1300.0,3357600.0
115,2021-10-06 07:21:28,25700.0,1700.0,3356300.0
116,2021-10-06 07:21:28,25700.0,600.0,3354600.0
117,2021-10-06 07:21:28,25700.0,500.0,3354000.0
118,2021-10-06 07:21:28,25700.0,1000.0,3353500.0
119,2021-10-06 07:21:28,25700.0,100.0,3352500.0
120,2021-10-06 07:21:28,25700.0,100.0,3352400.0
121,2021-10-06 07:21:28,25700.0,100.0,3352300.0
122,2021-10-06 07:21:28,25700.0,1800.0,3352200.0
123,2021-10-06 07:21:28,25700.0,100.0,3350400.0
124,2021-10-06 07:21:18,25700.0,200.0,3350300.0
125,2021-10-06 07:21:16,25700.0,5000.0,3350100.0
126,2021-10-06 07:21:12,25700.0,200.0,3345100.0
127,2021-10-06 07:21:05,25700.0,2700.0,3344900.0
128,2021-10-06 07:20:40,25700.0,1900.0,3342200.0
129,2021-10-06 07:20:40,25700.0,300.0,3340300.0
130,2021-10-06 07:20:40,25700.0,2800.0,3340000.0
131,2021-10-06 07:20:25,25700.0,200.0,3337200.0
132,2021-10-06 07:20:23,25700.0,800.0,3337000.0
133,2021-10-06 07:20:23,25700.0,200.0,3336200.0
134,2021-10-06 07:20:23,25700.0,200.0,3336000.0
135,2021-10-06 07:20:16,25700.0,200.0,3335800.0
136,2021-10-06 07:20:12,25700.0,300.0,3335600.0
137,2021-10-06 07:19:54,25700.0,100.0,3335300.0
138,2021-10-06 07:19:54,25700.0,500.0,3335200.0
139,2021-10-06 07:19:46,25700.0,100.0,3334700.0
140,2021-10-06 07:19:45,25700.0,200.0,3334600.0
141,2021-10-06 07:19:26,25700.0,100.0,3334400.0
142,2021-10-06 07:19:08,25700.0,500.0,3334300.0
143,2021-10-06 07:19:08,25700.0,500.0,3333800.0
144,2021-10-06 07:19:08,25700.0,1000.0,3333300.0
145,2021-10-06 07:19:08,25700.0,2000.0,3332300.0
146,2021-10-06 07:19:08,25700.0,1000.0,3330300.0
147,2021-10-06 07:19:08,25700.0,400.0,3329300.0
148,2021-10-06 07:19:08,25700.0,200.0,3328900.0
149,2021-10-06 07:19:08,25700.0,2700.0,3328700.0
150,2021-10-06 07:19:01,25700.0,500.0,3326000.0
151,2021-10-06 07:18:17,25700.0,200.0,3325500.0
152,2021-10-06 07:18:14,25700.0,100.0,3325300.0
153,2021-10-06 07:18:01,25700.0,3000.0,3325200.0
154,2021-10-06 07:18:01,25700.0,200.0,3322200.0
155,2021-10-06 07:18:01,25700.0,200.0,3322000.0
156,2021-10-06 07:18:01,25700.0,2900.0,3321800.0
157,2021-10-06 07:17:44,25650.0,400.0,3318900.0
158,2021-10-06 07:17:44,25650.0,600.0,3318500.0
159,2021-10-06 07:17:43,25700.0,400.0,3317900.0
160,2021-10-06 07:17:39,25700.0,100.0,3317500.0
161,2021-10-06 07:17:35,25700.0,200.0,3317400.0
162,2021-10-06 07:17:28,25700.0,100.0,3317200.0
163,2021-10-06 07:17:18,25700.0,100.0,3317100.0
164,2021-10-06 07:17:14,25700.0,500.0,3317000.0
165,2021-10-06 07:17:10,25700.0,300.0,3316500.0
166,2021-10-06 07:17:10,25700.0,100.0,3316200.0
167,2021-10-06 07:17:10,25700.0,300.0,3316100.0
168,2021-10-06 07:17:08,25700.0,2700.0,3315800.0
169,2021-10-06 07:17:08,25700.0,300.0,3313100.0
170,2021-10-06 07:17:08,25700.0,2000.0,3312800.0
171,2021-10-06 07:17:07,25700.0,3000.0,3310800.0
172,2021-10-06 07:17:07,25700.0,600.0,3307800.0
173,2021-10-06 07:17:07,25700.0,300.0,3307200.0
174,2021-10-06 07:17:07,25700.0,100.0,3306900.0
175,2021-10-06 07:17:07,25700.0,400.0,3306800.0
176,2021-10-06 07:17:07,25700.0,500.0,3306400.0
177,2021-10-06 07:17:07,25700.0,200.0,3305900.0
178,2021-10-06 07:17:07,25700.0,4900.0,3305700.0
179,2021-10-06 07:16:45,25700.0,5000.0,3300800.0
180,2021-10-06 07:16:42,25700.0,100.0,3295800.0
181,2021-10-06 07:16:42,25700.0,200.0,3295700.0
182,2021-10-06 07:16:36,25700.0,100.0,3295500.0
183,2021-10-06 07:16:36,25700.0,900.0,3295400.0
184,2021-10-06 07:16:33,25700.0,1000.0,3294500.0
185,2021-10-06 07:16:30,25700.0,200.0,3293500.0
186,2021-10-06 07:16:10,25700.0,1300.0,3293300.0
187,2021-10-06 07:16:10,25700.0,400.0,3292000.0
188,2021-10-06 07:16:02,25700.0,100.0,3291600.0
189,2021-10-06 07:16:02,25700.0,400.0,3291500.0
190,2021-10-06 07:16:01,25700.0,100.0,3291100.0
191,2021-10-06 07:16:01,25700.0,300.0,3291000.0
192,2021-10-06 07:16:01,25700.0,600.0,3290700.0
193,2021-10-06 07:15:51,25700.0,100.0,3290100.0
194,2021-10-06 07:15:46,25700.0,200.0,3290000.0
195,2021-10-06 07:15:41,25700.0,1000.0,3289800.0
196,2021-10-06 07:15:35,25700.0,200.0,3288800.0
197,2021-10-06 07:15:33,25700.0,2000.0,3288600.0
198,2021-10-06 07:15:20,25700.0,200.0,3286600.0
199,2021-10-06 07:15:11,25700.0,800.0,3286400.0
200,2021-10-06 07:15:09,25700.0,2000.0,3285600.0
201,2021-10-06 07:15:00,25700.0,2900.0,3283600.0
202,2021-10-06 07:14:57,25700.0,200.0,3280700.0
203,2021-10-06 07:14:57,25650.0,500.0,3280500.0
204,2021-10-06 07:14:56,25700.0,600.0,3280000.0
205,2021-10-06 07:14:43,25700.0,200.0,3279400.0
206,2021-10-06 07:14:38,25700.0,100.0,3279200.0
207,2021-10-06 07:14:38,25700.0,400.0,3279100.0
208,2021-10-06 07:14:38,25700.0,500.0,3278700.0
209,2021-10-06 07:14:38,25700.0,200.0,3278200.0
210,2021-10-06 07:14:32,25700.0,200.0,3278000.0
211,2021-10-06 07:14:22,25700.0,1000.0,3277800.0
212,2021-10-06 07:14:18,25700.0,2000.0,3276800.0
213,2021-10-06 07:14:16,25700.0,100.0,3274800.0
214,2021-10-06 07:13:52,25700.0,600.0,3274700.0
215,2021-10-06 07:13:52,25700.0,1400.0,3274100.0
216,2021-10-06 07:13:38,25700.0,2000.0,3272700.0
217,2021-10-06 07:13:37,25700.0,100.0,3270700.0
218,2021-10-06 07:13:36,25700.0,900.0,3270600.0
219,2021-10-06 07:13:35,25700.0,3000.0,3269700.0
220,2021-10-06 07:13:35,25700.0,300.0,3266700.0
221,2021-10-06 07:13:28,25700.0,300.0,3266400.0
222,2021-10-06 07:13:28,25700.0,500.0,3266100.0
223,2021-10-06 07:13:28,25700.0,300.0,3265600.0
224,2021-10-06 07:13:28,25700.0,500.0,3265300.0
225,2021-10-06 07:13:28,25700.0,500.0,3264800.0
226,2021-10-06 07:13:28,25700.0,400.0,3264300.0
227,2021-10-06 07:13:28,25700.0,200.0,3263900.0
228,2021-10-06 07:13:27,25700.0,200.0,3263700.0
229,2021-10-06 07:13:12,25700.0,300.0,3263500.0
230,2021-10-06 07:13:02,25700.0,1000.0,3263200.0
231,2021-10-06 07:12:59,25700.0,200.0,3262200.0
232,2021-10-06 07:12:55,25700.0,500.0,3262000.0
233,2021-10-06 07:12:55,25700.0,600.0,3261500.0
234,2021-10-06 07:12:51,25700.0,200.0,3260900.0
235,2021-10-06 07:12:44,25700.0,100.0,3260700.0
236,2021-10-06 07:12:44,25700.0,500.0,3260600.0
237,2021-10-06 07:12:44,25700.0,100.0,3260100.0
238,2021-10-06 07:12:44,25700.0,100.0,3260000.0
239,2021-10-06 07:12:20,25700.0,2900.0,3259900.0
240,2021-10-06 07:12:19,25700.0,1000.0,3257000.0
241,2021-10-06 07:12:19,25700.0,1100.0,3256000.0
242,2021-10-06 07:12:14,25700.0,1900.0,3254900.0
243,2021-10-06 07:12:14,25700.0,1200.0,3253000.0
244,2021-10-06 07:12:14,25700.0,100.0,3251800.0
245,2021-10-06 07:12:14,25700.0,1700.0,3251700.0
246,2021-10-06 07:12:03,25700.0,3300.0,3250000.0
247,2021-10-06 07:12:03,25700.0,1000.0,3246700.0
248,2021-10-06 07:12:03,25700.0,100.0,3245700.0
249,2021-10-06 07:12:03,25700.0,600.0,3245600.0
250,2021-10-06 07:12:01,25700.0,1400.0,3245000.0
251,2021-10-06 07:12:01,25700.0,3600.0,3243600.0
252,2021-10-06 07:11:29,25700.0,100.0,3240000.0
253,2021-10-06 07:11:26,25700.0,1300.0,3239900.0
254,2021-10-06 07:11:26,25700.0,200.0,3238600.0
255,2021-10-06 07:11:26,25700.0,1000.0,3238400.0
256,2021-10-06 07:11:26,25700.0,500.0,3237400.0
257,2021-10-06 07:11:26,25700.0,1000.0,3236900.0
258,2021-10-06 07:11:26,25700.0,700.0,3235900.0
259,2021-10-06 07:11:26,25700.0,300.0,3235200.0
260,2021-10-06 07:11:07,25700.0,100.0,3234900.0
261,2021-10-06 07:11:07,25700.0,1000.0,3234800.0
262,2021-10-06 07:11:07,25700.0,300.0,3233800.0
263,2021-10-06 07:11:07,25700.0,3500.0,3233500.0
264,2021-10-06 07:11:07,25700.0,100.0,3230000.0
265,2021-10-06 07:10:44,25700.0,100.0,3229900.0
266,2021-10-06 07:10:27,25700.0,400.0,3229800.0
267,2021-10-06 07:10:27,25700.0,100.0,3229400.0
268,2021-10-06 07:10:27,25700.0,700.0,3229300.0
269,2021-10-06 07:10:18,25700.0,200.0,3228600.0
270,2021-10-06 07:10:10,25700.0,100.0,3228400.0
271,2021-10-06 07:10:10,25700.0,400.0,3228300.0
272,2021-10-06 07:10:03,25700.0,1000.0,3227900.0
273,2021-10-06 07:09:58,25700.0,900.0,3226900.0
274,2021-10-06 07:09:52,25700.0,2000.0,3226000.0
275,2021-10-06 07:09:49,25700.0,1000.0,3224000.0
276,2021-10-06 07:09:35,25700.0,1200.0,3223000.0
277,2021-10-06 07:09:31,25700.0,100.0,3221800.0
278,2021-10-06 07:09:23,25700.0,5800.0,3221700.0
279,2021-10-06 07:09:23,25700.0,300.0,3215900.0
280,2021-10-06 07:09:23,25700.0,500.0,3215600.0
281,2021-10-06 07:09:23,25700.0,900.0,3215100.0
282,2021-10-06 07:09:23,25700.0,100.0,3214200.0
283,2021-10-06 07:09:23,25700.0,1700.0,3214100.0
284,2021-10-06 07:09:23,25700.0,100.0,3212400.0
285,2021-10-06 07:09:23,25700.0,400.0,3212300.0
286,2021-10-06 07:09:23,25700.0,100.0,3211900.0
287,2021-10-06 07:09:23,25700.0,100.0,3211800.0
288,2021-10-06 07:08:56,25700.0,600.0,3211700.0
289,2021-10-06 07:08:56,25700.0,200.0,3211100.0
290,2021-10-06 07:08:56,25700.0,100.0,3210900.0
291,2021-10-06 07:08:56,25700.0,100.0,3210800.0
292,2021-10-06 07:08:56,25700.0,100.0,3210700.0
293,2021-10-06 07:08:56,25700.0,500.0,3210600.0
294,2021-10-06 07:08:56,25700.0,2700.0,3210100.0
295,2021-10-06 07:08:56,25700.0,300.0,3207400.0
296,2021-10-06 07:08:42,25700.0,1000.0,3207100.0
297,2021-10-06 07:08:41,25700.0,100.0,3206100.0
298,2021-10-06 07:08:17,25700.0,400.0,3206000.0
299,2021-10-06 07:08:14,25700.0,6200.0,3205600.0
300,2021-10-06 07:08:14,25700.0,300.0,3199400.0
301,2021-10-06 07:08:14,25700.0,300.0,3199100.0
302,2021-10-06 07:08:14,25700.0,500.0,3198800.0
303,2021-10-06 07:08:14,25700.0,2700.0,3198300.0
304,2021-10-06 07:08:13,25700.0,1000.0,3195600.0
305,2021-10-06 07:08:11,25700.0,3000.0,3194600.0
306,2021-10-06 07:07:59,25700.0,200.0,3191600.0
307,2021-10-06 07:07:36,25700.0,100.0,3191400.0
308,2021-10-06 07:07:36,25700.0,200.0,3191300.0
309,2021-10-06 07:07:33,25700.0,500.0,3191100.0
310,2021-10-06 07:07:26,25700.0,300.0,3190600.0
311,2021-10-06 07:07:21,25700.0,5000.0,3190300.0
312,2021-10-06 07:07:21,25700.0,400.0,3185300.0
313,2021-10-06 07:07:18,25700.0,6600.0,3184900.0
314,2021-10-06 07:07:18,25700.0,100.0,3178300.0
315,2021-10-06 07:07:18,25700.0,500.0,3178200.0
316,2021-10-06 07:07:18,25700.0,400.0,3177700.0
317,2021-10-06 07:07:18,25700.0,100.0,3177300.0
318,2021-10-06 07:07:18,25700.0,200.0,3177200.0
319,2021-10-06 07:07:18,25700.0,1000.0,3177000.0
320,2021-10-06 07:07:18,25700.0,1000.0,3176000.0
321,2021-10-06 07:07:18,25700.0,100.0,3175000.0
322,2021-10-06 07:05:52,25700.0,2000.0,3174900.0
323,2021-10-06 07:05:52,25700.0,1000.0,3172900.0
324,2021-10-06 07:05:52,25700.0,2000.0,3171900.0
325,2021-10-06 07:05:41,25700.0,1000.0,3169900.0
326,2021-10-06 07:05:36,25700.0,600.0,3168900.0
327,2021-10-06 07:05:21,25700.0,200.0,3168300.0
328,2021-10-06 07:05:21,25700.0,200.0,3168100.0
329,2021-10-06 07:05:21,25700.0,200.0,3167900.0
330,2021-10-06 07:05:21,25700.0,500.0,3167700.0
331,2021-10-06 07:05:21,25700.0,100.0,3167200.0
332,2021-10-06 07:05:21,25700.0,100.0,3167100.0
333,2021-10-06 07:05:21,25700.0,2000.0,3167000.0
334,2021-10-06 07:05:21,25700.0,1300.0,3165000.0
335,2021-10-06 07:05:21,25700.0,200.0,3163700.0
336,2021-10-06 07:05:21,25700.0,1600.0,3163500.0
337,2021-10-06 07:05:21,25700.0,1400.0,3161900.0
338,2021-10-06 07:05:21,25700.0,100.0,3160500.0
339,2021-10-06 07:05:21,25700.0,100.0,3160400.0
340,2021-10-06 07:05:21,25700.0,500.0,3160300.0
341,2021-10-06 07:05:21,25700.0,400.0,3159800.0
342,2021-10-06 07:05:15,25700.0,4600.0,3159400.0
343,2021-10-06 07:05:15,25700.0,2000.0,3154800.0
344,2021-10-06 07:05:15,25700.0,200.0,3152800.0
345,2021-10-06 07:05:13,25700.0,200.0,3152600.0
346,2021-10-06 07:05:13,25700.0,2000.0,3152400.0
347,2021-10-06 07:05:13,25700.0,800.0,3150400.0
348,2021-10-06 07:05:11,25700.0,200.0,3149600.0
349,2021-10-06 07:05:11,25700.0,1000.0,3149400.0
350,2021-10-06 07:05:11,25700.0,500.0,3148400.0
351,2021-10-06 07:05:11,25700.0,300.0,3147900.0
352,2021-10-06 07:05:10,25700.0,700.0,3147600.0
353,2021-10-06 07:05:10,25700.0,3000.0,3146900.0
354,2021-10-06 07:05:10,25700.0,300.0,3143900.0
355,2021-10-06 07:05:10,25700.0,200.0,3143600.0
356,2021-10-06 07:05:10,25700.0,100.0,3143400.0
357,2021-10-06 07:05:10,25700.0,100.0,3143300.0
358,2021-10-06 07:05:10,25700.0,600.0,3143200.0
359,2021-10-06 07:05:02,25700.0,200.0,3142600.0
360,2021-10-06 07:04:56,25700.0,300.0,3142400.0
361,2021-10-06 07:04:56,25700.0,2000.0,3142100.0
362,2021-10-06 07:04:44,25700.0,4600.0,3140100.0
363,2021-10-06 07:04:33,25700.0,300.0,3135500.0
364,2021-10-06 07:04:16,25700.0,1000.0,3135200.0
365,2021-10-06 07:04:15,25700.0,1000.0,3134200.0
366,2021-10-06 07:04:11,25650.0,400.0,3133200.0
367,2021-10-06 07:04:11,25650.0,100.0,3132800.0
368,2021-10-06 07:04:04,25700.0,400.0,3132700.0
369,2021-10-06 07:04:04,25700.0,600.0,3132300.0
370,2021-10-06 07:03:56,25700.0,1000.0,3131700.0
371,2021-10-06 07:03:47,25700.0,600.0,3130700.0
372,2021-10-06 07:03:47,25700.0,1100.0,3130100.0
373,2021-10-06 07:03:47,25700.0,100.0,3129000.0
374,2021-10-06 07:03:47,25700.0,200.0,3128900.0
375,2021-10-06 07:03:44,25700.0,1000.0,3128700.0
376,2021-10-06 07:03:41,25700.0,1000.0,3127700.0
377,2021-10-06 07:03:29,25700.0,2800.0,3126700.0
378,2021-10-06 07:03:25,25700.0,600.0,3123900.0
379,2021-10-06 07:03:16,25650.0,1900.0,3123300.0
380,2021-10-06 07:03:16,25650.0,500.0,3121400.0
381,2021-10-06 07:03:16,25650.0,2000.0,3120900.0
382,2021-10-06 07:03:16,25650.0,100.0,3118900.0
383,2021-10-06 07:03:16,25650.0,300.0,3118800.0
384,2021-10-06 07:03:16,25650.0,900.0,3118500.0
385,2021-10-06 07:03:12,25700.0,300.0,3117600.0
386,2021-10-06 07:03:10,25650.0,500.0,3117300.0
387,2021-10-06 07:03:08,25700.0,200.0,3116800.0
388,2021-10-06 07:03:04,25700.0,300.0,3116600.0
389,2021-10-06 07:02:56,25700.0,300.0,3116300.0
390,2021-10-06 07:02:55,25700.0,500.0,3116000.0
391,2021-10-06 07:02:55,25700.0,500.0,3115500.0
392,2021-10-06 07:02:55,25700.0,100.0,3115000.0
393,2021-10-06 07:02:53,25700.0,300.0,3114900.0
394,2021-10-06 07:02:47,25700.0,1000.0,3114600.0
395,2021-10-06 07:02:06,25700.0,200.0,3113600.0
396,2021-10-06 07:01:53,25700.0,1200.0,3113400.0
397,2021-10-06 07:01:53,25700.0,200.0,3112200.0
398,2021-10-06 07:01:53,25700.0,1000.0,3112000.0
399,2021-10-06 07:01:53,25700.0,500.0,3111000.0
400,2021-10-06 07:01:53,25700.0,100.0,3110500.0
401,2021-10-06 07:01:53,25700.0,1000.0,3110400.0
402,2021-10-06 07:01:53,25700.0,1000.0,3109400.0
403,2021-10-06 07:01:53,25700.0,300.0,3108400.0
404,2021-10-06 07:01:51,25700.0,2000.0,3108100.0
405,2021-10-06 07:01:51,25700.0,2700.0,3106100.0
406,2021-10-06 07:01:51,25700.0,2300.0,3103400.0
407,2021-10-06 07:01:50,25700.0,1700.0,3101100.0
408,2021-10-06 07:01:50,25700.0,1000.0,3099400.0
409,2021-10-06 07:01:50,25700.0,2000.0,3098400.0
410,2021-10-06 07:01:50,25700.0,300.0,3096400.0
411,2021-10-06 07:01:50,25700.0,300.0,3096100.0
412,2021-10-06 07:01:47,25700.0,200.0,3095800.0
413,2021-10-06 07:01:47,25700.0,5000.0,3095600.0
414,2021-10-06 07:01:47,25700.0,200.0,3090600.0
415,2021-10-06 07:01:47,25700.0,100.0,3090400.0
416,2021-10-06 07:01:47,25700.0,1000.0,3090300.0
417,2021-10-06 07:01:47,25700.0,400.0,3089300.0
418,2021-10-06 07:01:47,25700.0,400.0,3088900.0
419,2021-10-06 07:01:47,25700.0,2000.0,3088500.0
420,2021-10-06 07:01:47,25700.0,100.0,3086500.0
421,2021-10-06 07:01:47,25700.0,100.0,3086400.0
422,2021-10-06 07:01:47,25700.0,500.0,3086300.0
423,2021-10-06 07:01:44,25700.0,100.0,3085800.0
424,2021-10-06 07:01:44,25700.0,700.0,3085700.0
425,2021-10-06 07:01:44,25700.0,300.0,3085000.0
426,2021-10-06 07:01:44,25700.0,3900.0,3084700.0
427,2021-10-06 07:01:37,25700.0,100.0,3080800.0
428,2021-10-06 07:01:37,25700.0,100.0,3080700.0
429,2021-10-06 07:01:37,25700.0,800.0,3080600.0
430,2021-10-06 07:01:35,25700.0,200.0,3079800.0
431,2021-10-06 07:01:35,25700.0,700.0,3079600.0
432,2021-10-06 07:01:35,25700.0,100.0,3078900.0
433,2021-10-06 07:01:35,25700.0,200.0,3078800.0
434,2021-10-06 07:01:35,25700.0,300.0,3078600.0
435,2021-10-06 07:01:33,25700.0,200.0,3078300.0
436,2021-10-06 07:01:33,25700.0,3500.0,3078100.0
437,2021-10-06 07:01:33,25700.0,1500.0,3074600.0
438,2021-10-06 07:01:30,25700.0,5200.0,3073100.0
439,2021-10-06 07:01:30,25700.0,800.0,3067900.0
440,2021-10-06 07:01:27,25700.0,100.0,3067100.0
441,2021-10-06 07:01:26,25700.0,1300.0,3067000.0
442,2021-10-06 07:01:13,25700.0,800.0,3065700.0
443,2021-10-06 07:01:07,25700.0,4000.0,3064900.0
444,2021-10-06 07:01:00,25700.0,1000.0,3060900.0
445,2021-10-06 07:00:55,25700.0,1000.0,3059900.0
446,2021-10-06 07:00:55,25700.0,1200.0,3058900.0
447,2021-10-06 07:00:55,25700.0,1000.0,3057700.0
448,2021-10-06 07:00:55,25700.0,300.0,3056700.0
449,2021-10-06 07:00:55,25700.0,4700.0,3056400.0
450,2021-10-06 07:00:55,25700.0,300.0,3051700.0
451,2021-10-06 07:00:55,25700.0,900.0,3051400.0
452,2021-10-06 07:00:55,25700.0,600.0,3050500.0
453,2021-10-06 07:00:52,25700.0,1400.0,3049900.0
454,2021-10-06 07:00:52,25700.0,200.0,3048500.0
455,2021-10-06 07:00:52,25700.0,1000.0,3048300.0
456,2021-10-06 07:00:52,25700.0,100.0,3047300.0
457,2021-10-06 07:00:52,25700.0,300.0,3047200.0
458,2021-10-06 07:00:52,25700.0,200.0,3046900.0
459,2021-10-06 07:00:52,25700.0,500.0,3046700.0
460,2021-10-06 07:00:52,25700.0,700.0,3046200.0
461,2021-10-06 07:00:52,25700.0,1000.0,3045500.0
462,2021-10-06 07:00:52,25700.0,1500.0,3044500.0
463,2021-10-06 07:00:52,25700.0,900.0,3043000.0
464,2021-10-06 07:00:52,25700.0,900.0,3042100.0
465,2021-10-06 07:00:52,25700.0,1000.0,3041200.0
466,2021-10-06 07:00:52,25700.0,1000.0,3040200.0
467,2021-10-06 07:00:52,25700.0,1000.0,3039200.0
468,2021-10-06 07:00:52,25700.0,3000.0,3038200.0
469,2021-10-06 07:00:52,25700.0,200.0,3035200.0
470,2021-10-06 07:00:52,25700.0,1000.0,3035000.0
471,2021-10-06 07:00:52,25700.0,500.0,3034000.0
472,2021-10-06 07:00:52,25700.0,1200.0,3033500.0
473,2021-10-06 07:00:52,25700.0,1000.0,3032300.0
474,2021-10-06 07:00:52,25700.0,500.0,3031300.0
475,2021-10-06 07:00:52,25700.0,1000.0,3030800.0
476,2021-10-06 07:00:52,25700.0,3400.0,3029800.0
477,2021-10-06 07:00:52,25700.0,4500.0,3026400.0
478,2021-10-06 07:00:48,25700.0,5000.0,3021900.0
479,2021-10-06 07:00:43,25700.0,500.0,3016900.0
480,2021-10-06 07:00:43,25700.0,200.0,3016400.0
481,2021-10-06 07:00:43,25700.0,300.0,3016200.0
482,2021-10-06 07:00:31,25700.0,800.0,3015900.0
483,2021-10-06 07:00:31,25700.0,100.0,3015100.0
484,2021-10-06 07:00:31,25700.0,300.0,3015000.0
485,2021-10-06 07:00:31,25700.0,200.0,3014700.0
486,2021-10-06 07:00:31,25700.0,300.0,3014500.0
487,2021-10-06 07:00:31,25700.0,100.0,3014200.0
488,2021-10-06 07:00:31,25700.0,200.0,3014100.0
489,2021-10-06 07:00:31,25700.0,1000.0,3013900.0
490,2021-10-06 07:00:31,25700.0,500.0,3012900.0
491,2021-10-06 07:00:31,25700.0,2000.0,3012400.0
492,2021-10-06 07:00:31,25700.0,100.0,3010400.0
493,2021-10-06 07:00:31,25700.0,100.0,3010300.0
494,2021-10-06 07:00:31,25700.0,1000.0,3010200.0
495,2021-10-06 07:00:31,25700.0,3000.0,3009200.0
496,2021-10-06 07:00:31,25700.0,300.0,3006200.0
497,2021-10-06 07:00:25,25700.0,200.0,3005900.0
498,2021-10-06 06:59:44,25700.0,4000.0,3005700.0
499,2021-10-06 06:59:44,25700.0,2000.0,3001700.0
500,2021-10-06 06:59:44,25700.0,600.0,2999700.0
501,2021-10-06 06:59:44,25700.0,200.0,2999100.0
502,2021-10-06 06:59:44,25700.0,2000.0,2998900.0
503,2021-10-06 06:59:44,25700.0,1300.0,2996900.0
504,2021-10-06 06:59:40,25700.0,1400.0,2995600.0
505,2021-10-06 06:59:22,25700.0,300.0,2994200.0
506,2021-10-06 06:59:13,25700.0,900.0,2993900.0
507,2021-10-06 06:59:13,25700.0,400.0,2993000.0
508,2021-10-06 06:58:45,25700.0,100.0,2992600.0
509,2021-10-06 06:58:45,25700.0,300.0,2992500.0
510,2021-10-06 06:58:45,25700.0,600.0,2992200.0
511,2021-10-06 06:58:41,25700.0,300.0,2991600.0
512,2021-10-06 06:58:33,25700.0,100.0,2991300.0
513,2021-10-06 06:58:25,25700.0,500.0,2991200.0
514,2021-10-06 06:58:22,25700.0,700.0,2990700.0
515,2021-10-06 06:58:15,25700.0,800.0,2990000.0
516,2021-10-06 06:58:15,25700.0,200.0,2989200.0
517,2021-10-06 06:57:59,25700.0,2000.0,2989000.0
518,2021-10-06 06:57:56,25700.0,1800.0,2987000.0
519,2021-10-06 06:57:56,25700.0,5200.0,2985200.0
520,2021-10-06 06:57:48,25700.0,100.0,2980000.0
521,2021-10-06 06:57:26,25700.0,2000.0,2979900.0
522,2021-10-06 06:57:22,25700.0,1500.0,2977900.0
523,2021-10-06 06:57:00,25700.0,100.0,2976400.0
524,2021-10-06 06:56:51,25700.0,1100.0,2976300.0
525,2021-10-06 06:56:51,25700.0,100.0,2975200.0
526,2021-10-06 06:56:51,25700.0,500.0,2975100.0
527,2021-10-06 06:56:51,25700.0,1000.0,2974600.0
528,2021-10-06 06:56:51,25700.0,2000.0,2973600.0
529,2021-10-06 06:56:51,25700.0,100.0,2971600.0
530,2021-10-06 06:56:51,25700.0,200.0,2971500.0
531,2021-10-06 06:56:48,25700.0,300.0,2971300.0
532,2021-10-06 06:56:32,25700.0,100.0,2971000.0
533,2021-10-06 06:56:32,25700.0,100.0,2970900.0
534,2021-10-06 06:56:32,25700.0,1900.0,2970800.0
535,2021-10-06 06:56:15,25700.0,100.0,2968900.0
536,2021-10-06 06:55:50,25700.0,1900.0,2968800.0
537,2021-10-06 06:55:50,25700.0,800.0,2966900.0
538,2021-10-06 06:55:50,25700.0,100.0,2966100.0
539,2021-10-06 06:55:50,25700.0,2200.0,2966000.0
540,2021-10-06 06:55:31,25700.0,100.0,2963800.0
541,2021-10-06 06:55:25,25700.0,700.0,2963700.0
542,2021-10-06 06:55:25,25700.0,2300.0,2963000.0
543,2021-10-06 06:55:25,25700.0,700.0,2960700.0
544,2021-10-06 06:55:25,25700.0,1300.0,2960000.0
545,2021-10-06 06:55:25,25700.0,100.0,2958700.0
546,2021-10-06 06:55:25,25700.0,6000.0,2958600.0
547,2021-10-06 06:55:25,25700.0,1000.0,2952600.0
548,2021-10-06 06:55:25,25700.0,900.0,2951600.0
549,2021-10-06 06:55:06,25700.0,200.0,2950700.0
550,2021-10-06 06:55:06,25700.0,100.0,2950500.0
551,2021-10-06 06:54:49,25700.0,4100.0,2950400.0
552,2021-10-06 06:54:31,25700.0,600.0,2946300.0
553,2021-10-06 06:54:17,25700.0,1000.0,2945700.0
554,2021-10-06 06:54:14,25700.0,2500.0,2944700.0
555,2021-10-06 06:54:13,25700.0,1300.0,2942200.0
556,2021-10-06 06:54:13,25700.0,500.0,2940900.0
557,2021-10-06 06:54:13,25700.0,100.0,2940400.0
558,2021-10-06 06:54:13,25700.0,100.0,2940300.0
559,2021-10-06 06:54:10,25700.0,1100.0,2940200.0
560,2021-10-06 06:54:06,25700.0,100.0,2939100.0
561,2021-10-06 06:53:59,25700.0,200.0,2939000.0
562,2021-10-06 06:53:53,25700.0,500.0,2938800.0
563,2021-10-06 06:53:53,25700.0,400.0,2938300.0
564,2021-10-06 06:53:48,25700.0,2000.0,2937900.0
565,2021-10-06 06:53:42,25700.0,100.0,2935900.0
566,2021-10-06 06:53:42,25700.0,200.0,2935800.0
567,2021-10-06 06:53:31,25700.0,500.0,2935600.0
568,2021-10-06 06:53:28,25700.0,100.0,2935100.0
569,2021-10-06 06:53:27,25700.0,1000.0,2935000.0
570,2021-10-06 06:53:26,25700.0,2000.0,2934000.0
571,2021-10-06 06:53:19,25700.0,500.0,2932000.0
572,2021-10-06 06:53:03,25700.0,300.0,2931500.0
573,2021-10-06 06:52:55,25700.0,100.0,2931200.0
574,2021-10-06 06:52:50,25700.0,100.0,2931100.0
575,2021-10-06 06:52:29,25700.0,100.0,2931000.0
576,2021-10-06 06:52:26,25700.0,500.0,2930900.0
577,2021-10-06 06:52:20,25700.0,500.0,2930400.0
578,2021-10-06 06:52:11,25700.0,800.0,2929900.0
579,2021-10-06 06:52:07,25700.0,800.0,2929100.0
580,2021-10-06 06:52:07,25700.0,3000.0,2928300.0
581,2021-10-06 06:52:07,25700.0,1200.0,2925300.0
582,2021-10-06 06:52:04,25700.0,800.0,2924100.0
583,2021-10-06 06:52:04,25700.0,2200.0,2923300.0
584,2021-10-06 06:51:45,25700.0,2800.0,2921100.0
585,2021-10-06 06:51:45,25700.0,800.0,2918300.0
586,2021-10-06 06:51:45,25700.0,2000.0,2917500.0
587,2021-10-06 06:51:45,25700.0,10000.0,2915500.0
588,2021-10-06 06:51:45,25700.0,200.0,2905500.0
589,2021-10-06 06:51:45,25700.0,200.0,2905300.0
590,2021-10-06 06:51:45,25700.0,4000.0,2905100.0
591,2021-10-06 06:51:41,25700.0,1000.0,2901100.0
592,2021-10-06 06:51:32,25700.0,5000.0,2900100.0
593,2021-10-06 06:51:29,25700.0,9000.0,2895100.0
594,2021-10-06 06:51:25,25700.0,100.0,2886100.0
595,2021-10-06 06:51:24,25700.0,3500.0,2886000.0
596,2021-10-06 06:51:24,25700.0,5000.0,2882500.0
597,2021-10-06 06:51:24,25700.0,1500.0,2877500.0
598,2021-10-06 06:51:20,25700.0,2000.0,2876000.0
599,2021-10-06 06:51:18,25700.0,400.0,2874000.0
600,2021-10-06 06:51:11,25700.0,1200.0,2873600.0
601,2021-10-06 06:51:11,25700.0,17700.0,2872400.0
602,2021-10-06 06:51:08,25700.0,200.0,2854700.0
603,2021-10-06 06:50:51,25700.0,600.0,2854500.0
604,2021-10-06 06:50:25,25700.0,3000.0,2853900.0
605,2021-10-06 06:50:21,25700.0,5000.0,2850900.0
606,2021-10-06 06:50:19,25700.0,10000.0,2845900.0
607,2021-10-06 06:49:57,25700.0,100.0,2835900.0
608,2021-10-06 06:49:56,25700.0,200.0,2835800.0
609,2021-10-06 06:49:54,25700.0,1000.0,2835600.0
610,2021-10-06 06:49:49,25700.0,1000.0,2834600.0
611,2021-10-06 06:49:44,25700.0,10000.0,2833600.0
612,2021-10-06 06:49:30,25700.0,1000.0,2823600.0
613,2021-10-06 06:49:21,25700.0,200.0,2822600.0
614,2021-10-06 06:48:58,25700.0,100.0,2822400.0
615,2021-10-06 06:48:36,25700.0,500.0,2822300.0
616,2021-10-06 06:48:22,25700.0,400.0,2821800.0
617,2021-10-06 06:48:15,25700.0,500.0,2821400.0
618,2021-10-06 06:48:05,25700.0,1200.0,2820900.0
619,2021-10-06 06:48:03,25700.0,500.0,2819700.0
620,2021-10-06 06:47:41,25700.0,500.0,2819200.0
621,2021-10-06 06:47:17,25700.0,100.0,2818700.0
622,2021-10-06 06:47:06,25700.0,200.0,2818600.0
623,2021-10-06 06:46:40,25700.0,500.0,2818400.0
624,2021-10-06 06:46:27,25700.0,500.0,2817900.0
625,2021-10-06 06:46:26,25700.0,300.0,2817400.0
626,2021-10-06 06:46:25,25700.0,100.0,2817100.0
627,2021-10-06 06:46:25,25700.0,1100.0,2817000.0
628,2021-10-06 06:46:18,25700.0,200.0,2815900.0
629,2021-10-06 06:46:18,25700.0,100.0,2815700.0
630,2021-10-06 06:46:16,25700.0,200.0,2815600.0
631,2021-10-06 06:46:14,25700.0,200.0,2815400.0
632,2021-10-06 06:46:06,25700.0,2500.0,2815200.0
633,2021-10-06 06:46:05,25700.0,1000.0,2812700.0
634,2021-10-06 06:45:58,25700.0,300.0,2811700.0
635,2021-10-06 06:45:53,25700.0,1000.0,2811400.0
636,2021-10-06 06:45:45,25700.0,3000.0,2810400.0
637,2021-10-06 06:45:44,25700.0,3900.0,2807400.0
638,2021-10-06 06:45:41,25700.0,2000.0,2803500.0
639,2021-10-06 06:45:35,25700.0,2000.0,2801500.0
640,2021-10-06 06:45:31,25700.0,3000.0,2799500.0
641,2021-10-06 06:45:31,25700.0,200.0,2796500.0
642,2021-10-06 06:45:31,25700.0,500.0,2796300.0
643,2021-10-06 06:45:31,25700.0,2000.0,2795800.0
644,2021-10-06 06:45:31,25700.0,2000.0,2793800.0
645,2021-10-06 06:45:31,25700.0,1000.0,2791800.0
646,2021-10-06 06:45:31,25700.0,1000.0,2790800.0
647,2021-10-06 06:45:31,25700.0,1000.0,2789800.0
648,2021-10-06 06:45:31,25700.0,3000.0,2788800.0
649,2021-10-06 06:45:31,25700.0,100.0,2785800.0
650,2021-10-06 06:45:31,25700.0,1000.0,2785700.0
651,2021-10-06 06:45:31,25700.0,200.0,2784700.0
652,2021-10-06 06:45:31,25700.0,500.0,2784500.0
653,2021-10-06 06:45:31,25700.0,5000.0,2784000.0
654,2021-10-06 06:45:31,25700.0,100.0,2779000.0
655,2021-10-06 06:45:31,25700.0,300.0,2778900.0
656,2021-10-06 06:45:31,25700.0,5000.0,2778600.0
657,2021-10-06 06:45:31,25700.0,700.0,2773600.0
658,2021-10-06 06:45:31,25700.0,400.0,2772900.0
659,2021-10-06 06:45:31,25700.0,200.0,2772500.0
660,2021-10-06 06:45:31,25700.0,10000.0,2772300.0
661,2021-10-06 06:45:31,25700.0,500.0,2762300.0
662,2021-10-06 06:45:31,25700.0,200.0,2761800.0
663,2021-10-06 06:45:31,25700.0,200.0,2761600.0
664,2021-10-06 06:45:31,25700.0,500.0,2761400.0
665,2021-10-06 06:45:31,25700.0,1000.0,2760900.0
666,2021-10-06 06:45:31,25700.0,700.0,2759900.0
667,2021-10-06 06:45:31,25700.0,200.0,2759200.0
668,2021-10-06 06:45:31,25700.0,100.0,2759000.0
669,2021-10-06 06:45:31,25700.0,500.0,2758900.0
670,2021-10-06 06:45:31,25700.0,1000.0,2758400.0
671,2021-10-06 06:45:31,25700.0,5000.0,2757400.0
672,2021-10-06 06:45:31,25700.0,100.0,2752400.0
673,2021-10-06 06:45:31,25700.0,100.0,2752300.0
674,2021-10-06 06:45:31,25700.0,1000.0,2752200.0
675,2021-10-06 06:45:31,25700.0,600.0,2751200.0
676,2021-10-06 06:45:31,25700.0,100.0,2750600.0
677,2021-10-06 06:45:31,25700.0,100.0,2750500.0
678,2021-10-06 06:45:31,25700.0,100.0,2750400.0
679,2021-10-06 06:45:31,25700.0,200.0,2750300.0
680,2021-10-06 06:45:31,25700.0,100.0,2750100.0
681,2021-10-06 06:45:31,25700.0,200.0,2750000.0
682,2021-10-06 06:45:31,25700.0,200.0,2749800.0
683,2021-10-06 06:45:31,25700.0,100.0,2749600.0
684,2021-10-06 06:45:31,25700.0,500.0,2749500.0
685,2021-10-06 06:45:31,25700.0,5000.0,2749000.0
686,2021-10-06 06:45:31,25700.0,2000.0,2744000.0
687,2021-10-06 06:45:31,25700.0,3000.0,2742000.0
688,2021-10-06 06:45:31,25700.0,5000.0,2739000.0
689,2021-10-06 06:45:31,25700.0,1000.0,2734000.0
690,2021-10-06 06:45:31,25700.0,100.0,2733000.0
691,2021-10-06 06:45:31,25700.0,1000.0,2732900.0
692,2021-10-06 06:45:31,25700.0,1000.0,2731900.0
693,2021-10-06 06:45:31,25700.0,1000.0,2730900.0
694,2021-10-06 06:45:31,25700.0,2000.0,2729900.0
695,2021-10-06 06:45:31,25700.0,5000.0,2727900.0
696,2021-10-06 06:45:31,25700.0,500.0,2722900.0
697,2021-10-06 06:45:31,25700.0,1300.0,2722400.0
698,2021-10-06 06:45:31,25700.0,100.0,2721100.0
699,2021-10-06 06:45:31,25700.0,300.0,2721000.0
700,2021-10-06 06:45:31,25700.0,4000.0,2720700.0
701,2021-10-06 06:45:31,25700.0,30000.0,2716700.0
702,2021-10-06 06:45:31,25700.0,2000.0,2686700.0
703,2021-10-06 06:45:31,25700.0,800.0,2684700.0
704,2021-10-06 06:45:31,25700.0,2500.0,2683900.0
705,2021-10-06 06:45:31,25700.0,1000.0,2681400.0
706,2021-10-06 06:45:31,25700.0,900.0,2680400.0
707,2021-10-06 06:45:31,25700.0,500.0,2679500.0
708,2021-10-06 06:45:31,25700.0,300.0,2679000.0
709,2021-10-06 06:45:31,25700.0,200.0,2678700.0
710,2021-10-06 06:45:31,25700.0,100.0,2678500.0
711,2021-10-06 06:45:31,25700.0,900.0,2678400.0
712,2021-10-06 06:45:25,25650.0,2400.0,2677500.0
713,2021-10-06 06:45:25,25650.0,1000.0,2675100.0
714,2021-10-06 06:45:25,25650.0,200.0,2674100.0
715,2021-10-06 06:45:25,25650.0,100.0,2673900.0
716,2021-10-06 06:45:25,25650.0,100.0,2673800.0
717,2021-10-06 06:45:25,25650.0,2000.0,2673700.0
718,2021-10-06 06:45:25,25650.0,1200.0,2671700.0
719,2021-10-06 06:45:23,25700.0,100.0,2670500.0
720,2021-10-06 06:45:23,25700.0,500.0,2670400.0
721,2021-10-06 06:45:23,25700.0,500.0,2669900.0
722,2021-10-06 06:45:23,25700.0,300.0,2669400.0
723,2021-10-06 06:45:23,25700.0,500.0,2669100.0
724,2021-10-06 06:45:23,25700.0,2000.0,2668600.0
725,2021-10-06 06:45:23,25700.0,1700.0,2666600.0
726,2021-10-06 06:45:21,25700.0,100.0,2664900.0
727,2021-10-06 06:45:19,25700.0,200.0,2664800.0
728,2021-10-06 06:45:19,25700.0,100.0,2664600.0
729,2021-10-06 06:45:19,25700.0,100.0,2664500.0
730,2021-10-06 06:45:19,25700.0,1600.0,2664400.0
731,2021-10-06 06:45:18,25700.0,1400.0,2662800.0
732,2021-10-06 06:45:18,25700.0,100.0,2661400.0
733,2021-10-06 06:45:15,25700.0,200.0,2661300.0
734,2021-10-06 06:45:15,25700.0,800.0,2661100.0
735,2021-10-06 06:45:14,25700.0,2000.0,2660300.0
736,2021-10-06 06:45:13,25650.0,200.0,2658300.0
737,2021-10-06 06:45:13,25700.0,200.0,2658100.0
738,2021-10-06 06:45:12,25700.0,400.0,2657900.0
739,2021-10-06 06:45:11,25700.0,1600.0,2657500.0
740,2021-10-06 06:45:11,25700.0,100.0,2655900.0
741,2021-10-06 06:45:11,25700.0,500.0,2655800.0
742,2021-10-06 06:45:11,25700.0,300.0,2655300.0
743,2021-10-06 06:45:11,25700.0,3900.0,2655000.0
744,2021-10-06 06:45:11,25700.0,100.0,2651100.0
745,2021-10-06 06:45:11,25700.0,500.0,2651000.0
746,2021-10-06 06:45:11,25700.0,100.0,2650500.0
747,2021-10-06 06:45:11,25700.0,1000.0,2650400.0
748,2021-10-06 06:45:11,25700.0,1900.0,2649400.0
749,2021-10-06 06:45:09,25700.0,100.0,2647500.0
750,2021-10-06 06:45:09,25700.0,100.0,2647400.0
751,2021-10-06 06:45:09,25700.0,1000.0,2647300.0
752,2021-10-06 06:45:09,25700.0,1000.0,2646300.0
753,2021-10-06 06:45:09,25700.0,1000.0,2645300.0
754,2021-10-06 06:45:09,25700.0,300.0,2644300.0
755,2021-10-06 06:45:08,25700.0,300.0,2644000.0
756,2021-10-06 06:45:06,25700.0,100.0,2643700.0
757,2021-10-06 06:45:06,25650.0,1300.0,2643600.0
758,2021-10-06 06:44:59,25700.0,1000.0,2642300.0
759,2021-10-06 06:44:56,25700.0,1000.0,2641300.0
760,2021-10-06 06:44:55,25700.0,500.0,2640300.0
761,2021-10-06 06:44:54,25700.0,200.0,2639800.0
762,2021-10-06 06:44:49,25700.0,1900.0,2639600.0
763,2021-10-06 06:44:49,25700.0,100.0,2637700.0
764,2021-10-06 06:44:49,25700.0,1000.0,2637600.0
765,2021-10-06 06:44:49,25700.0,500.0,2636600.0
766,2021-10-06 06:44:49,25700.0,100.0,2636100.0
767,2021-10-06 06:44:49,25700.0,300.0,2636000.0
768,2021-10-06 06:44:45,25700.0,700.0,2635700.0
769,2021-10-06 06:44:45,25700.0,500.0,2635000.0
770,2021-10-06 06:44:45,25700.0,2500.0,2634500.0
771,2021-10-06 06:44:45,25700.0,100.0,2632000.0
772,2021-10-06 06:44:45,25700.0,2000.0,2631900.0
773,2021-10-06 06:44:45,25700.0,500.0,2629900.0
774,2021-10-06 06:44:45,25700.0,1000.0,2629400.0
775,2021-10-06 06:44:45,25700.0,1000.0,2628400.0
776,2021-10-06 06:44:45,25700.0,300.0,2627400.0
777,2021-10-06 06:44:45,25700.0,1000.0,2627100.0
778,2021-10-06 06:44:45,25700.0,300.0,2626100.0
779,2021-10-06 06:44:45,25700.0,5000.0,2625800.0
780,2021-10-06 06:44:45,25700.0,2000.0,2620800.0
781,2021-10-06 06:44:45,25700.0,1000.0,2618800.0
782,2021-10-06 06:44:45,25700.0,100.0,2617800.0
783,2021-10-06 06:44:41,25700.0,400.0,2617700.0
784,2021-10-06 06:44:41,25700.0,600.0,2617300.0
785,2021-10-06 06:44:40,25700.0,200.0,2616700.0
786,2021-10-06 06:44:35,25650.0,800.0,2616500.0
787,2021-10-06 06:44:35,25650.0,300.0,2615700.0
788,2021-10-06 06:44:35,25650.0,100.0,2615400.0
789,2021-10-06 06:44:35,25650.0,1000.0,2615300.0
790,2021-10-06 06:44:35,25650.0,800.0,2614300.0
791,2021-10-06 06:44:34,25700.0,200.0,2613500.0
792,2021-10-06 06:44:34,25700.0,200.0,2613300.0
793,2021-10-06 06:44:34,25700.0,200.0,2613100.0
794,2021-10-06 06:44:34,25700.0,1000.0,2612900.0
795,2021-10-06 06:44:34,25700.0,100.0,2611900.0
796,2021-10-06 06:44:34,25700.0,200.0,2611800.0
797,2021-10-06 06:44:34,25700.0,500.0,2611600.0
798,2021-10-06 06:44:34,25700.0,100.0,2611100.0
799,2021-10-06 06:44:34,25700.0,1500.0,2611000.0
800,2021-10-06 06:44:33,25700.0,400.0,2609500.0
801,2021-10-06 06:44:32,25700.0,1100.0,2609100.0
802,2021-10-06 06:44:32,25700.0,700.0,2608000.0
803,2021-10-06 06:44:32,25700.0,200.0,2607300.0
804,2021-10-06 06:44:24,25700.0,300.0,2607100.0
805,2021-10-06 06:44:24,25700.0,300.0,2606800.0
806,2021-10-06 06:44:24,25700.0,1000.0,2606500.0
807,2021-10-06 06:44:24,25700.0,500.0,2605500.0
808,2021-10-06 06:44:24,25700.0,1600.0,2605000.0
809,2021-10-06 06:44:24,25700.0,200.0,2603400.0
810,2021-10-06 06:44:24,25700.0,4000.0,2603200.0
811,2021-10-06 06:44:24,25700.0,100.0,2599200.0
812,2021-10-06 06:44:24,25700.0,5000.0,2599100.0
813,2021-10-06 06:44:24,25700.0,500.0,2594100.0
814,2021-10-06 06:44:24,25700.0,3000.0,2593600.0
815,2021-10-06 06:44:24,25700.0,1000.0,2590600.0
816,2021-10-06 06:44:24,25700.0,100.0,2589600.0
817,2021-10-06 06:44:24,25700.0,500.0,2589500.0
818,2021-10-06 06:44:24,25700.0,700.0,2589000.0
819,2021-10-06 06:44:24,25700.0,100.0,2588300.0
820,2021-10-06 06:44:24,25700.0,200.0,2588200.0
821,2021-10-06 06:44:24,25700.0,200.0,2588000.0
822,2021-10-06 06:44:24,25700.0,700.0,2587800.0
823,2021-10-06 06:44:23,25700.0,1300.0,2587100.0
824,2021-10-06 06:44:23,25700.0,200.0,2585800.0
825,2021-10-06 06:44:23,25700.0,1000.0,2585600.0
826,2021-10-06 06:44:23,25700.0,200.0,2584600.0
827,2021-10-06 06:44:23,25700.0,1000.0,2584400.0
828,2021-10-06 06:44:23,25700.0,500.0,2583400.0
829,2021-10-06 06:44:23,25700.0,2500.0,2582900.0
830,2021-10-06 06:44:23,25700.0,1000.0,2580400.0
831,2021-10-06 06:44:23,25700.0,2300.0,2579400.0
832,2021-10-06 06:44:23,25700.0,100.0,2577100.0
833,2021-10-06 06:44:23,25700.0,200.0,2577000.0
834,2021-10-06 06:44:23,25700.0,200.0,2576800.0
835,2021-10-06 06:44:23,25700.0,1100.0,2576600.0
836,2021-10-06 06:44:23,25700.0,3400.0,2575500.0
837,2021-10-06 06:44:20,25700.0,200.0,2572100.0
838,2021-10-06 06:44:17,25700.0,100.0,2571900.0
839,2021-10-06 06:44:14,25700.0,1000.0,2571800.0
840,2021-10-06 06:44:09,25700.0,300.0,2570800.0
841,2021-10-06 06:44:09,25700.0,100.0,2570500.0
842,2021-10-06 06:44:09,25700.0,300.0,2570400.0
843,2021-10-06 06:44:09,25700.0,500.0,2570100.0
844,2021-10-06 06:44:09,25700.0,3800.0,2569600.0
845,2021-10-06 06:44:04,25650.0,200.0,2565800.0
846,2021-10-06 06:44:03,25700.0,200.0,2565600.0
847,2021-10-06 06:44:02,25700.0,1000.0,2565400.0
848,2021-10-06 06:44:02,25700.0,1000.0,2564400.0
849,2021-10-06 06:44:00,25700.0,1000.0,2563400.0
850,2021-10-06 06:44:00,25650.0,500.0,2562400.0
851,2021-10-06 06:43:59,25700.0,400.0,2561900.0
852,2021-10-06 06:43:55,25700.0,500.0,2561500.0
853,2021-10-06 06:43:48,25700.0,1300.0,2561000.0
854,2021-10-06 06:43:46,25700.0,300.0,2559700.0
855,2021-10-06 06:43:43,25700.0,300.0,2559400.0
856,2021-10-06 06:43:34,25700.0,200.0,2559100.0
857,2021-10-06 06:43:34,25700.0,100.0,2558900.0
858,2021-10-06 06:43:34,25700.0,100.0,2558800.0
859,2021-10-06 06:43:34,25700.0,600.0,2558700.0
860,2021-10-06 06:43:34,25700.0,200.0,2558100.0
861,2021-10-06 06:43:34,25700.0,300.0,2557900.0
862,2021-10-06 06:43:34,25700.0,1000.0,2557600.0
863,2021-10-06 06:43:34,25700.0,1500.0,2556600.0
864,2021-10-06 06:43:34,25700.0,200.0,2555100.0
865,2021-10-06 06:43:26,25700.0,700.0,2554900.0
866,2021-10-06 06:43:26,25700.0,100.0,2554200.0
867,2021-10-06 06:43:26,25700.0,100.0,2554100.0
868,2021-10-06 06:43:26,25700.0,5000.0,2554000.0
869,2021-10-06 06:43:26,25700.0,300.0,2549000.0
870,2021-10-06 06:43:26,25700.0,100.0,2548700.0
871,2021-10-06 06:43:26,25700.0,2000.0,2548600.0
872,2021-10-06 06:43:26,25700.0,400.0,2546600.0
873,2021-10-06 06:43:26,25700.0,300.0,2546200.0
874,2021-10-06 06:43:26,25700.0,100.0,2545900.0
875,2021-10-06 06:43:26,25700.0,100.0,2545800.0
876,2021-10-06 06:43:26,25700.0,800.0,2545700.0
877,2021-10-06 06:43:26,25700.0,100.0,2544900.0
878,2021-10-06 06:43:22,25700.0,100.0,2544800.0
879,2021-10-06 06:43:22,25700.0,500.0,2544700.0
880,2021-10-06 06:43:22,25700.0,1000.0,2544200.0
881,2021-10-06 06:43:22,25700.0,1000.0,2543200.0
882,2021-10-06 06:43:22,25700.0,2500.0,2542200.0
883,2021-10-06 06:43:07,25700.0,2000.0,2539700.0
884,2021-10-06 06:43:02,25650.0,200.0,2537700.0
885,2021-10-06 06:43:01,25700.0,500.0,2537500.0
886,2021-10-06 06:43:01,25700.0,100.0,2537000.0
887,2021-10-06 06:43:01,25700.0,100.0,2536900.0
888,2021-10-06 06:43:01,25700.0,100.0,2536800.0
889,2021-10-06 06:42:56,25650.0,500.0,2536700.0
890,2021-10-06 06:42:37,25700.0,100.0,2536200.0
891,2021-10-06 06:42:37,25700.0,1900.0,2536100.0
892,2021-10-06 06:42:32,25700.0,400.0,2534200.0
893,2021-10-06 06:42:32,25650.0,100.0,2533800.0
894,2021-10-06 06:42:32,25650.0,100.0,2533700.0
895,2021-10-06 06:42:31,25650.0,1000.0,2533600.0
896,2021-10-06 06:42:30,25700.0,100.0,2532600.0
897,2021-10-06 06:42:24,25700.0,900.0,2532500.0
898,2021-10-06 06:42:18,25700.0,400.0,2531600.0
899,2021-10-06 06:41:54,25650.0,1100.0,2531200.0
900,2021-10-06 06:41:50,25700.0,1500.0,2530100.0
901,2021-10-06 06:41:47,25700.0,900.0,2528600.0
902,2021-10-06 06:41:41,25700.0,100.0,2527700.0
903,2021-10-06 06:41:41,25700.0,1800.0,2527600.0
904,2021-10-06 06:41:41,25700.0,200.0,2525800.0
905,2021-10-06 06:41:36,25700.0,400.0,2525600.0
906,2021-10-06 06:41:27,25700.0,400.0,2525200.0
907,2021-10-06 06:41:27,25700.0,900.0,2524800.0
908,2021-10-06 06:41:18,25650.0,500.0,2523900.0
909,2021-10-06 06:41:17,25700.0,500.0,2523400.0
910,2021-10-06 06:41:17,25650.0,100.0,2522900.0
911,2021-10-06 06:41:17,25650.0,200.0,2522800.0
912,2021-10-06 06:41:17,25650.0,100.0,2522600.0
913,2021-10-06 06:41:17,25650.0,100.0,2522500.0
914,2021-10-06 06:41:15,25700.0,1500.0,2522400.0
915,2021-10-06 06:41:15,25700.0,100.0,2520900.0
916,2021-10-06 06:41:15,25700.0,400.0,2520800.0
917,2021-10-06 06:41:07,25650.0,500.0,2520400.0
918,2021-10-06 06:41:07,25650.0,400.0,2519900.0
919,2021-10-06 06:40:58,25650.0,400.0,2519500.0
920,2021-10-06 06:40:43,25650.0,100.0,2519100.0
921,2021-10-06 06:40:43,25650.0,100.0,2519000.0
922,2021-10-06 06:40:37,25700.0,100.0,2518900.0
923,2021-10-06 06:40:16,25650.0,3400.0,2518800.0
924,2021-10-06 06:40:14,25650.0,500.0,2515400.0
925,2021-10-06 06:39:58,25650.0,500.0,2514900.0
926,2021-10-06 06:39:58,25650.0,1500.0,2514400.0
927,2021-10-06 06:39:58,25650.0,100.0,2512900.0
928,2021-10-06 06:39:58,25650.0,200.0,2512800.0
929,2021-10-06 06:39:58,25650.0,500.0,2512600.0
930,2021-10-06 06:39:58,25650.0,5000.0,2512100.0
931,2021-10-06 06:39:58,25650.0,1000.0,2507100.0
932,2021-10-06 06:39:55,25650.0,100.0,2506100.0
933,2021-10-06 06:39:50,25650.0,2000.0,2506000.0
934,2021-10-06 06:39:47,25650.0,1900.0,2504000.0
935,2021-10-06 06:39:47,25650.0,500.0,2502100.0
936,2021-10-06 06:39:47,25650.0,300.0,2501600.0
937,2021-10-06 06:39:47,25650.0,2300.0,2501300.0
938,2021-10-06 06:39:44,25650.0,400.0,2499000.0
939,2021-10-06 06:39:39,25650.0,2000.0,2498600.0
940,2021-10-06 06:39:39,25650.0,300.0,2496600.0
941,2021-10-06 06:39:39,25650.0,300.0,2496300.0
942,2021-10-06 06:39:30,25650.0,700.0,2496000.0
943,2021-10-06 06:39:30,25650.0,100.0,2495300.0
944,2021-10-06 06:39:30,25650.0,1000.0,2495200.0
945,2021-10-06 06:39:30,25650.0,200.0,2494200.0
946,2021-10-06 06:39:29,25600.0,300.0,2494000.0
947,2021-10-06 06:39:27,25600.0,500.0,2493700.0
948,2021-10-06 06:39:26,25650.0,200.0,2493200.0
949,2021-10-06 06:39:22,25650.0,100.0,2493000.0
950,2021-10-06 06:39:22,25650.0,1000.0,2492900.0
951,2021-10-06 06:39:22,25650.0,600.0,2491900.0
952,2021-10-06 06:39:22,25600.0,100.0,2491300.0
953,2021-10-06 06:39:10,25650.0,100.0,2491200.0
954,2021-10-06 06:38:58,25650.0,2000.0,2491100.0
955,2021-10-06 06:38:57,25600.0,2400.0,2489100.0
956,2021-10-06 06:38:48,25600.0,200.0,2486700.0
957,2021-10-06 06:38:34,25600.0,600.0,2486500.0
958,2021-10-06 06:38:32,25600.0,1400.0,2485900.0
959,2021-10-06 06:38:31,25600.0,800.0,2484500.0
960,2021-10-06 06:38:31,25600.0,200.0,2483700.0
961,2021-10-06 06:38:31,25600.0,700.0,2483500.0
962,2021-10-06 06:38:29,25600.0,100.0,2482800.0
963,2021-10-06 06:38:29,25600.0,200.0,2482700.0
964,2021-10-06 06:38:26,25600.0,400.0,2482500.0
965,2021-10-06 06:38:25,25600.0,3600.0,2482100.0
966,2021-10-06 06:38:25,25600.0,2400.0,2478500.0
967,2021-10-06 06:38:22,25600.0,3600.0,2476100.0
968,2021-10-06 06:38:22,25600.0,500.0,2472500.0
969,2021-10-06 06:38:22,25600.0,1200.0,2472000.0
970,2021-10-06 06:38:22,25600.0,4700.0,2470800.0
971,2021-10-06 06:38:20,25600.0,2000.0,2466100.0
972,2021-10-06 06:38:18,25600.0,1600.0,2464100.0
973,2021-10-06 06:38:11,25600.0,300.0,2462500.0
974,2021-10-06 06:38:08,25600.0,200.0,2462200.0
975,2021-10-06 06:38:01,25600.0,900.0,2462000.0
976,2021-10-06 06:37:59,25600.0,1000.0,2461100.0
977,2021-10-06 06:37:55,25600.0,4000.0,2460100.0
978,2021-10-06 06:37:52,25600.0,20000.0,2456100.0
979,2021-10-06 06:37:52,25600.0,100.0,2436100.0
980,2021-10-06 06:37:49,25600.0,2000.0,2436000.0
981,2021-10-06 06:37:49,25600.0,500.0,2434000.0
982,2021-10-06 06:37:44,25600.0,300.0,2433500.0
983,2021-10-06 06:37:35,25600.0,400.0,2433200.0
984,2021-10-06 06:37:34,25600.0,200.0,2432800.0
985,2021-10-06 06:37:31,25600.0,400.0,2432600.0
986,2021-10-06 06:37:30,25600.0,400.0,2432200.0
987,2021-10-06 06:37:22,25600.0,1000.0,2431800.0
988,2021-10-06 06:37:13,25600.0,300.0,2430800.0
989,2021-10-06 06:37:13,25600.0,500.0,2430500.0
990,2021-10-06 06:37:13,25600.0,500.0,2430000.0
991,2021-10-06 06:37:11,25600.0,800.0,2429500.0
992,2021-10-06 06:37:11,25600.0,4800.0,2428700.0
993,2021-10-06 06:37:10,25600.0,2000.0,2423900.0
994,2021-10-06 06:37:09,25600.0,1000.0,2421900.0
995,2021-10-06 06:37:06,25600.0,1000.0,2420900.0
996,2021-10-06 06:37:05,25600.0,300.0,2419900.0
997,2021-10-06 06:37:05,25600.0,1000.0,2419600.0
998,2021-10-06 06:36:57,25600.0,100.0,2418600.0
999,2021-10-06 06:36:54,25600.0,900.0,2418500.0
1000,2021-10-06 06:36:46,25600.0,100.0,2417600.0
1001,2021-10-06 06:36:41,25600.0,800.0,2417500.0
1002,2021-10-06 06:36:40,25600.0,1500.0,2416700.0
1003,2021-10-06 06:36:40,25600.0,100.0,2415200.0
1004,2021-10-06 06:36:37,25600.0,100.0,2415100.0
1005,2021-10-06 06:36:32,25600.0,3100.0,2415000.0
1006,2021-10-06 06:36:29,25600.0,200.0,2411900.0
1007,2021-10-06 06:36:20,25600.0,100.0,2411700.0
1008,2021-10-06 06:36:16,25600.0,1000.0,2411600.0
1009,2021-10-06 06:36:14,25600.0,500.0,2410600.0
1010,2021-10-06 06:36:13,25600.0,1000.0,2410100.0
1011,2021-10-06 06:36:12,25600.0,200.0,2409100.0
1012,2021-10-06 06:36:10,25600.0,200.0,2408900.0
1013,2021-10-06 06:36:09,25600.0,1000.0,2408700.0
1014,2021-10-06 06:36:07,25600.0,500.0,2407700.0
1015,2021-10-06 06:36:04,25600.0,100.0,2407200.0
1016,2021-10-06 06:36:04,25600.0,300.0,2407100.0
1017,2021-10-06 06:36:03,25600.0,500.0,2406800.0
1018,2021-10-06 06:36:03,25600.0,500.0,2406300.0
1019,2021-10-06 06:36:01,25600.0,100.0,2405800.0
1020,2021-10-06 06:36:00,25600.0,1000.0,2405700.0
1021,2021-10-06 06:36:00,25600.0,3900.0,2404700.0
1022,2021-10-06 06:35:54,25650.0,9300.0,2400800.0
1023,2021-10-06 06:35:54,25600.0,700.0,2391500.0
1024,2021-10-06 06:35:51,25600.0,100.0,2390800.0
1025,2021-10-06 06:35:51,25600.0,600.0,2390700.0
1026,2021-10-06 06:35:49,25600.0,100.0,2390100.0
1027,2021-10-06 06:35:49,25600.0,200.0,2390000.0
1028,2021-10-06 06:35:49,25600.0,1600.0,2389800.0
1029,2021-10-06 06:35:45,25600.0,100.0,2388200.0
1030,2021-10-06 06:35:45,25600.0,300.0,2388100.0
1031,2021-10-06 06:35:44,25600.0,4700.0,2387800.0
1032,2021-10-06 06:35:44,25600.0,300.0,2383100.0
1033,2021-10-06 06:35:38,25600.0,200.0,2382800.0
1034,2021-10-06 06:35:38,25600.0,3000.0,2382600.0
1035,2021-10-06 06:35:36,25550.0,1000.0,2379600.0
1036,2021-10-06 06:35:34,25600.0,800.0,2378600.0
1037,2021-10-06 06:35:34,25600.0,1000.0,2377800.0
1038,2021-10-06 06:35:34,25600.0,2000.0,2376800.0
1039,2021-10-06 06:35:33,25600.0,1100.0,2374800.0
1040,2021-10-06 06:35:32,25600.0,2000.0,2373700.0
1041,2021-10-06 06:35:28,25600.0,400.0,2371700.0
1042,2021-10-06 06:35:25,25600.0,900.0,2371300.0
1043,2021-10-06 06:35:24,25600.0,1000.0,2370400.0
1044,2021-10-06 06:35:14,25600.0,800.0,2369400.0
1045,2021-10-06 06:35:08,25600.0,300.0,2368600.0
1046,2021-10-06 06:35:05,25600.0,100.0,2368300.0
1047,2021-10-06 06:35:05,25600.0,1500.0,2368200.0
1048,2021-10-06 06:35:03,25600.0,500.0,2366700.0
1049,2021-10-06 06:35:00,25600.0,500.0,2366200.0
1050,2021-10-06 06:34:59,25600.0,300.0,2365700.0
1051,2021-10-06 06:34:59,25600.0,4900.0,2365400.0
1052,2021-10-06 06:34:58,25600.0,100.0,2360500.0
1053,2021-10-06 06:34:57,25600.0,3000.0,2360400.0
1054,2021-10-06 06:34:57,25600.0,5000.0,2357400.0
1055,2021-10-06 06:34:57,25600.0,500.0,2352400.0
1056,2021-10-06 06:34:57,25600.0,300.0,2351900.0
1057,2021-10-06 06:34:54,25650.0,2000.0,2351600.0
1058,2021-10-06 06:34:46,25700.0,100.0,2349600.0
1059,2021-10-06 06:34:46,25600.0,700.0,2349500.0
1060,2021-10-06 06:34:43,25600.0,500.0,2348800.0
1061,2021-10-06 06:34:39,25600.0,6000.0,2348300.0
1062,2021-10-06 06:34:34,25600.0,500.0,2342300.0
1063,2021-10-06 06:34:34,25600.0,600.0,2341800.0
1064,2021-10-06 06:34:34,25600.0,2000.0,2341200.0
1065,2021-10-06 06:34:34,25600.0,1000.0,2339200.0
1066,2021-10-06 06:34:34,25600.0,100.0,2338200.0
1067,2021-10-06 06:34:34,25600.0,2700.0,2338100.0
1068,2021-10-06 06:34:34,25600.0,1500.0,2335400.0
1069,2021-10-06 06:34:34,25600.0,300.0,2333900.0
1070,2021-10-06 06:34:34,25650.0,3100.0,2333600.0
1071,2021-10-06 06:34:28,25700.0,200.0,2330500.0
1072,2021-10-06 06:34:26,25650.0,400.0,2330300.0
1073,2021-10-06 06:34:26,25700.0,1600.0,2329900.0
1074,2021-10-06 06:34:26,25700.0,100.0,2328300.0
1075,2021-10-06 06:34:26,25700.0,100.0,2328200.0
1076,2021-10-06 06:34:25,25650.0,500.0,2328100.0
1077,2021-10-06 06:34:25,25650.0,100.0,2327600.0
1078,2021-10-06 06:34:25,25650.0,5000.0,2327500.0
1079,2021-10-06 06:34:25,25650.0,300.0,2322500.0
1080,2021-10-06 06:34:25,25650.0,100.0,2322200.0
1081,2021-10-06 06:34:25,25650.0,300.0,2322100.0
1082,2021-10-06 06:34:25,25650.0,200.0,2321800.0
1083,2021-10-06 06:34:23,25650.0,100.0,2321600.0
1084,2021-10-06 06:34:23,25650.0,100.0,2321500.0
1085,2021-10-06 06:34:23,25650.0,100.0,2321400.0
1086,2021-10-06 06:34:23,25650.0,100.0,2321300.0
1087,2021-10-06 06:34:23,25650.0,600.0,2321200.0
1088,2021-10-06 06:34:22,25650.0,600.0,2320600.0
1089,2021-10-06 06:34:21,25650.0,1000.0,2320000.0
1090,2021-10-06 06:34:20,25600.0,30000.0,2319000.0
1091,2021-10-06 06:34:16,25650.0,500.0,2289000.0
1092,2021-10-06 06:34:15,25650.0,300.0,2288500.0
1093,2021-10-06 06:34:15,25650.0,900.0,2288200.0
1094,2021-10-06 06:34:13,25650.0,200.0,2287300.0
1095,2021-10-06 06:34:00,25600.0,1000.0,2287100.0
1096,2021-10-06 06:34:00,25600.0,500.0,2286100.0
1097,2021-10-06 06:34:00,25600.0,9800.0,2285600.0
1098,2021-10-06 06:34:00,25600.0,500.0,2275800.0
1099,2021-10-06 06:34:00,25600.0,2000.0,2275300.0
1100,2021-10-06 06:34:00,25600.0,100.0,2273300.0
1101,2021-10-06 06:34:00,25600.0,5800.0,2273200.0
1102,2021-10-06 06:33:57,25600.0,14200.0,2267400.0
1103,2021-10-06 06:33:57,25600.0,500.0,2253200.0
1104,2021-10-06 06:33:57,25600.0,1000.0,2252700.0
1105,2021-10-06 06:33:57,25600.0,6000.0,2251700.0
1106,2021-10-06 06:33:57,25600.0,700.0,2245700.0
1107,2021-10-06 06:33:57,25600.0,300.0,2245000.0
1108,2021-10-06 06:33:57,25600.0,600.0,2244700.0
1109,2021-10-06 06:33:57,25600.0,100.0,2244100.0
1110,2021-10-06 06:33:57,25600.0,600.0,2244000.0
1111,2021-10-06 06:33:57,25600.0,10100.0,2243400.0
1112,2021-10-06 06:33:57,25600.0,1400.0,2233300.0
1113,2021-10-06 06:33:39,25550.0,300.0,2231900.0
1114,2021-10-06 06:33:39,25550.0,200.0,2231600.0
1115,2021-10-06 06:33:39,25550.0,300.0,2231400.0
1116,2021-10-06 06:33:39,25550.0,2000.0,2231100.0
1117,2021-10-06 06:33:39,25550.0,2700.0,2229100.0
1118,2021-10-06 06:33:39,25600.0,500.0,2226400.0
1119,2021-10-06 06:33:39,25600.0,200.0,2225900.0
1120,2021-10-06 06:33:39,25600.0,300.0,2225700.0
1121,2021-10-06 06:33:26,25550.0,7300.0,2225400.0
1122,2021-10-06 06:33:23,25500.0,200.0,2218100.0
1123,2021-10-06 06:33:23,25550.0,1000.0,2217900.0
1124,2021-10-06 06:33:23,25550.0,200.0,2216900.0
1125,2021-10-06 06:33:22,25550.0,500.0,2216700.0
1126,2021-10-06 06:33:20,25550.0,1000.0,2216200.0
1127,2021-10-06 06:33:20,25550.0,500.0,2215200.0
1128,2021-10-06 06:33:20,25500.0,5200.0,2214700.0
1129,2021-10-06 06:33:19,25550.0,200.0,2209500.0
1130,2021-10-06 06:33:18,25550.0,300.0,2209300.0
1131,2021-10-06 06:33:18,25550.0,700.0,2209000.0
1132,2021-10-06 06:33:06,25550.0,300.0,2208300.0
1133,2021-10-06 06:32:59,25550.0,2000.0,2208000.0
1134,2021-10-06 06:32:54,25500.0,100.0,2206000.0
1135,2021-10-06 06:32:54,25500.0,100.0,2205900.0
1136,2021-10-06 06:32:54,25500.0,500.0,2205800.0
1137,2021-10-06 06:32:54,25500.0,100.0,2205300.0
1138,2021-10-06 06:32:54,25500.0,500.0,2205200.0
1139,2021-10-06 06:32:54,25500.0,500.0,2204700.0
1140,2021-10-06 06:32:54,25500.0,500.0,2204200.0
1141,2021-10-06 06:32:54,25500.0,500.0,2203700.0
1142,2021-10-06 06:32:54,25500.0,15200.0,2203200.0
1143,2021-10-06 06:32:54,25500.0,1500.0,2188000.0
1144,2021-10-06 06:32:54,25500.0,500.0,2186500.0
1145,2021-10-06 06:32:54,25500.0,100.0,2186000.0
1146,2021-10-06 06:32:54,25500.0,2000.0,2185900.0
1147,2021-10-06 06:32:54,25500.0,100.0,2183900.0
1148,2021-10-06 06:32:54,25500.0,2000.0,2183800.0
1149,2021-10-06 06:32:54,25500.0,1000.0,2181800.0
1150,2021-10-06 06:32:54,25500.0,500.0,2180800.0
1151,2021-10-06 06:32:54,25500.0,2000.0,2180300.0
1152,2021-10-06 06:32:54,25500.0,300.0,2178300.0
1153,2021-10-06 06:32:54,25500.0,1600.0,2178000.0
1154,2021-10-06 06:32:54,25500.0,4000.0,2176400.0
1155,2021-10-06 06:32:54,25500.0,500.0,2172400.0
1156,2021-10-06 06:32:54,25500.0,1000.0,2171900.0
1157,2021-10-06 06:32:54,25500.0,5300.0,2170900.0
1158,2021-10-06 06:32:54,25500.0,1000.0,2165600.0
1159,2021-10-06 06:32:54,25500.0,1000.0,2164600.0
1160,2021-10-06 06:32:54,25500.0,1000.0,2163600.0
1161,2021-10-06 06:32:54,25500.0,200.0,2162600.0
1162,2021-10-06 06:32:54,25500.0,300.0,2162400.0
1163,2021-10-06 06:32:54,25500.0,5000.0,2162100.0
1164,2021-10-06 06:32:54,25500.0,100.0,2157100.0
1165,2021-10-06 06:32:54,25500.0,300.0,2157000.0
1166,2021-10-06 06:32:54,25500.0,200.0,2156700.0
1167,2021-10-06 06:32:54,25500.0,700.0,2156500.0
1168,2021-10-06 06:32:54,25500.0,1000.0,2155800.0
1169,2021-10-06 06:32:54,25500.0,3400.0,2154800.0
1170,2021-10-06 06:32:54,25500.0,100.0,2151400.0
1171,2021-10-06 06:32:54,25500.0,1000.0,2151300.0
1172,2021-10-06 06:32:54,25500.0,300.0,2150300.0
1173,2021-10-06 06:32:54,25500.0,100.0,2150000.0
1174,2021-10-06 06:32:54,25500.0,2000.0,2149900.0
1175,2021-10-06 06:32:54,25500.0,200.0,2147900.0
1176,2021-10-06 06:32:54,25500.0,1000.0,2147700.0
1177,2021-10-06 06:32:54,25500.0,300.0,2146700.0
1178,2021-10-06 06:32:54,25500.0,800.0,2146400.0
1179,2021-10-06 06:32:54,25500.0,500.0,2145600.0
1180,2021-10-06 06:32:54,25500.0,700.0,2145100.0
1181,2021-10-06 06:32:50,25500.0,300.0,2144400.0
1182,2021-10-06 06:32:50,25500.0,4700.0,2144100.0
1183,2021-10-06 06:32:47,25500.0,200.0,2139400.0
1184,2021-10-06 06:32:45,25500.0,100.0,2139200.0
1185,2021-10-06 06:32:45,25500.0,500.0,2139100.0
1186,2021-10-06 06:32:40,25500.0,500.0,2138600.0
1187,2021-10-06 06:32:40,25500.0,100.0,2138100.0
1188,2021-10-06 06:32:40,25500.0,1000.0,2138000.0
1189,2021-10-06 06:32:40,25500.0,400.0,2137000.0
1190,2021-10-06 06:32:39,25500.0,1100.0,2136600.0
1191,2021-10-06 06:32:39,25500.0,3900.0,2135500.0
1192,2021-10-06 06:32:37,25450.0,500.0,2131600.0
1193,2021-10-06 06:32:36,25500.0,2700.0,2131100.0
1194,2021-10-06 06:32:35,25500.0,1600.0,2128400.0
1195,2021-10-06 06:32:34,25500.0,1000.0,2126800.0
1196,2021-10-06 06:32:31,25500.0,3200.0,2125800.0
1197,2021-10-06 06:32:31,25500.0,500.0,2122600.0
1198,2021-10-06 06:32:31,25500.0,300.0,2122100.0
1199,2021-10-06 06:32:31,25500.0,300.0,2121800.0
1200,2021-10-06 06:32:31,25500.0,100.0,2121500.0
1201,2021-10-06 06:32:31,25500.0,600.0,2121400.0
1202,2021-10-06 06:32:30,25500.0,100.0,2120800.0
1203,2021-10-06 06:32:28,25500.0,4300.0,2120700.0
1204,2021-10-06 06:32:28,25500.0,400.0,2116400.0
1205,2021-10-06 06:32:28,25500.0,300.0,2116000.0
1206,2021-10-06 06:32:27,25500.0,2000.0,2115700.0
1207,2021-10-06 06:32:26,25500.0,3700.0,2113700.0
1208,2021-10-06 06:32:26,25500.0,1300.0,2110000.0
1209,2021-10-06 06:32:23,25500.0,700.0,2108700.0
1210,2021-10-06 06:32:23,25500.0,500.0,2108000.0
1211,2021-10-06 06:32:23,25500.0,2300.0,2107500.0
1212,2021-10-06 06:32:21,25500.0,200.0,2105200.0
1213,2021-10-06 06:32:16,25500.0,700.0,2105000.0
1214,2021-10-06 06:32:16,25500.0,1000.0,2104300.0
1215,2021-10-06 06:32:16,25500.0,300.0,2103300.0
1216,2021-10-06 06:32:15,25500.0,1000.0,2103000.0
1217,2021-10-06 06:32:15,25500.0,100.0,2102000.0
1218,2021-10-06 06:32:12,25500.0,100.0,2101900.0
1219,2021-10-06 06:32:12,25500.0,700.0,2101800.0
1220,2021-10-06 06:32:12,25500.0,2200.0,2101100.0
1221,2021-10-06 06:32:11,25500.0,500.0,2098900.0
1222,2021-10-06 06:32:06,25500.0,600.0,2098400.0
1223,2021-10-06 06:32:06,25500.0,1700.0,2097800.0
1224,2021-10-06 06:32:06,25500.0,4300.0,2096100.0
1225,2021-10-06 06:32:00,25500.0,100.0,2091800.0
1226,2021-10-06 06:32:00,25500.0,1600.0,2091700.0
1227,2021-10-06 06:32:00,25500.0,500.0,2090100.0
1228,2021-10-06 06:32:00,25500.0,400.0,2089600.0
1229,2021-10-06 06:31:56,25500.0,2000.0,2089200.0
1230,2021-10-06 06:31:53,25500.0,1600.0,2087200.0
1231,2021-10-06 06:31:52,25500.0,3500.0,2085600.0
1232,2021-10-06 06:31:49,25500.0,2500.0,2082100.0
1233,2021-10-06 06:31:49,25500.0,500.0,2079600.0
1234,2021-10-06 06:31:49,25500.0,300.0,2079100.0
1235,2021-10-06 06:31:49,25500.0,300.0,2078800.0
1236,2021-10-06 06:31:49,25500.0,1000.0,2078500.0
1237,2021-10-06 06:31:49,25500.0,400.0,2077500.0
1238,2021-10-06 06:31:48,25500.0,300.0,2077100.0
1239,2021-10-06 06:31:46,25500.0,300.0,2076800.0
1240,2021-10-06 06:31:37,25500.0,1000.0,2076500.0
1241,2021-10-06 06:31:37,25500.0,400.0,2075500.0
1242,2021-10-06 06:31:37,25500.0,100.0,2075100.0
1243,2021-10-06 06:31:25,25450.0,2000.0,2075000.0
1244,2021-10-06 06:31:25,25450.0,500.0,2073000.0
1245,2021-10-06 06:31:25,25450.0,500.0,2072500.0
1246,2021-10-06 06:31:19,25450.0,300.0,2072000.0
1247,2021-10-06 06:31:19,25450.0,1000.0,2071700.0
1248,2021-10-06 06:31:07,25450.0,1000.0,2070700.0
1249,2021-10-06 06:31:07,25450.0,500.0,2069700.0
1250,2021-10-06 06:31:07,25450.0,200.0,2069200.0
1251,2021-10-06 06:31:07,25450.0,300.0,2069000.0
1252,2021-10-06 06:31:06,25450.0,200.0,2068700.0
1253,2021-10-06 06:30:57,25400.0,100.0,2068500.0
1254,2021-10-06 06:30:57,25400.0,200.0,2068400.0
1255,2021-10-06 06:30:55,25400.0,300.0,2068200.0
1256,2021-10-06 06:30:55,25400.0,500.0,2067900.0
1257,2021-10-06 06:30:55,25400.0,100.0,2067400.0
1258,2021-10-06 06:30:55,25400.0,200.0,2067300.0
1259,2021-10-06 06:30:52,25400.0,500.0,2067100.0
1260,2021-10-06 06:30:51,25400.0,300.0,2066600.0
1261,2021-10-06 06:30:51,25400.0,1500.0,2066300.0
1262,2021-10-06 06:30:51,25400.0,200.0,2064800.0
1263,2021-10-06 06:30:51,25400.0,200.0,2064600.0
1264,2021-10-06 06:30:51,25400.0,100.0,2064400.0
1265,2021-10-06 06:30:51,25400.0,500.0,2064300.0
1266,2021-10-06 06:30:51,25400.0,1000.0,2063800.0
1267,2021-10-06 06:30:51,25400.0,1200.0,2062800.0
1268,2021-10-06 06:30:48,25400.0,800.0,2061600.0
1269,2021-10-06 06:30:48,25400.0,100.0,2060800.0
1270,2021-10-06 06:30:48,25400.0,200.0,2060700.0
1271,2021-10-06 06:30:48,25400.0,100.0,2060500.0
1272,2021-10-06 06:30:48,25400.0,1000.0,2060400.0
1273,2021-10-06 06:30:48,25400.0,100.0,2059400.0
1274,2021-10-06 06:30:48,25400.0,400.0,2059300.0
1275,2021-10-06 06:30:48,25400.0,500.0,2058900.0
1276,2021-10-06 06:30:48,25400.0,200.0,2058400.0
1277,2021-10-06 06:30:48,25400.0,100.0,2058200.0
1278,2021-10-06 06:30:48,25400.0,400.0,2058100.0
1279,2021-10-06 06:30:48,25400.0,300.0,2057700.0
1280,2021-10-06 06:30:48,25400.0,5000.0,2057400.0
1281,2021-10-06 06:30:48,25400.0,500.0,2052400.0
1282,2021-10-06 06:30:48,25400.0,300.0,2051900.0
1283,2021-10-06 06:30:41,25350.0,500.0,2051600.0
1284,2021-10-06 06:30:36,25350.0,2500.0,2051100.0
1285,2021-10-06 06:30:36,25350.0,500.0,2048600.0
1286,2021-10-06 06:30:36,25350.0,500.0,2048100.0
1287,2021-10-06 06:30:36,25350.0,200.0,2047600.0
1288,2021-10-06 06:30:36,25350.0,2300.0,2047400.0
1289,2021-10-06 06:30:27,25350.0,500.0,2045100.0
1290,2021-10-06 06:30:26,25350.0,1100.0,2044600.0
1291,2021-10-06 06:30:22,25350.0,1100.0,2043500.0
1292,2021-10-06 06:30:22,25350.0,500.0,2042400.0
1293,2021-10-06 06:30:22,25350.0,400.0,2041900.0
1294,2021-10-06 06:30:18,25350.0,600.0,2041500.0
1295,2021-10-06 06:30:18,25350.0,500.0,2040900.0
1296,2021-10-06 06:30:18,25350.0,2300.0,2040400.0
1297,2021-10-06 06:30:18,25350.0,4000.0,2038100.0
1298,2021-10-06 06:30:18,25350.0,100.0,2034100.0
1299,2021-10-06 06:30:18,25350.0,500.0,2034000.0
1300,2021-10-06 06:30:10,25350.0,500.0,2033500.0
1301,2021-10-06 06:29:33,25300.0,2000.0,2033000.0
1302,2021-10-06 06:29:33,25300.0,1500.0,2031000.0
1303,2021-10-06 06:29:33,25300.0,400.0,2029500.0
1304,2021-10-06 06:29:33,25300.0,500.0,2029100.0
1305,2021-10-06 06:29:33,25300.0,100.0,2028600.0
1306,2021-10-06 06:29:33,25300.0,100.0,2028500.0
1307,2021-10-06 06:29:33,25300.0,100.0,2028400.0
1308,2021-10-06 06:29:33,25300.0,500.0,2028300.0
1309,2021-10-06 06:29:33,25300.0,200.0,2027800.0
1310,2021-10-06 06:29:33,25300.0,300.0,2027600.0
1311,2021-10-06 06:29:33,25300.0,100.0,2027300.0
1312,2021-10-06 06:29:33,25300.0,100.0,2027200.0
1313,2021-10-06 06:29:33,25300.0,300.0,2027100.0
1314,2021-10-06 06:29:33,25300.0,300.0,2026800.0
1315,2021-10-06 06:29:33,25300.0,1000.0,2026500.0
1316,2021-10-06 06:29:33,25300.0,100.0,2025500.0
1317,2021-10-06 06:29:33,25300.0,1000.0,2025400.0
1318,2021-10-06 06:29:33,25300.0,2000.0,2024400.0
1319,2021-10-06 06:29:33,25300.0,2100.0,2022400.0
1320,2021-10-06 06:29:33,25300.0,900.0,2020300.0
1321,2021-10-06 06:29:33,25300.0,200.0,2019400.0
1322,2021-10-06 06:29:33,25300.0,500.0,2019200.0
1323,2021-10-06 06:29:33,25300.0,900.0,2018700.0
1324,2021-10-06 06:29:33,25300.0,600.0,2017800.0
1325,2021-10-06 06:29:33,25300.0,200.0,2017200.0
1326,2021-10-06 06:29:33,25300.0,100.0,2017000.0
1327,2021-10-06 06:29:33,25300.0,1600.0,2016900.0
1328,2021-10-06 06:29:29,25300.0,1800.0,2015300.0
1329,2021-10-06 06:29:29,25300.0,1000.0,2013500.0
1330,2021-10-06 06:29:23,25300.0,600.0,2012500.0
1331,2021-10-06 06:29:23,25300.0,200.0,2011900.0
1332,2021-10-06 06:29:23,25300.0,3000.0,2011700.0
1333,2021-10-06 06:29:23,25300.0,500.0,2008700.0
1334,2021-10-06 06:29:23,25300.0,700.0,2008200.0
1335,2021-10-06 06:29:23,25300.0,2000.0,2007500.0
1336,2021-10-06 06:29:21,25300.0,200.0,2005500.0
1337,2021-10-06 06:29:21,25300.0,500.0,2005300.0
1338,2021-10-06 06:29:21,25300.0,1000.0,2004800.0
1339,2021-10-06 06:29:21,25300.0,300.0,2003800.0
1340,2021-10-06 06:29:21,25300.0,1000.0,2003500.0
1341,2021-10-06 06:29:21,25300.0,2000.0,2002500.0
1342,2021-10-06 06:29:18,25300.0,300.0,2000500.0
1343,2021-10-06 06:29:18,25300.0,1700.0,2000200.0
1344,2021-10-06 06:29:17,25300.0,400.0,1998500.0
1345,2021-10-06 06:29:15,25300.0,1500.0,1998100.0
1346,2021-10-06 06:29:12,25300.0,200.0,1996600.0
1347,2021-10-06 06:28:56,25300.0,200.0,1996400.0
1348,2021-10-06 06:28:31,25300.0,100.0,1996200.0
1349,2021-10-06 06:28:31,25300.0,500.0,1996100.0
1350,2021-10-06 06:28:31,25300.0,100.0,1995600.0
1351,2021-10-06 06:28:31,25300.0,100.0,1995500.0
1352,2021-10-06 06:28:31,25300.0,1000.0,1995400.0
1353,2021-10-06 06:28:31,25300.0,200.0,1994400.0
1354,2021-10-06 06:28:31,25300.0,5000.0,1994200.0
1355,2021-10-06 06:28:31,25300.0,2000.0,1989200.0
1356,2021-10-06 06:28:31,25300.0,4000.0,1987200.0
1357,2021-10-06 06:28:31,25300.0,200.0,1983200.0
1358,2021-10-06 06:28:31,25300.0,100.0,1983000.0
1359,2021-10-06 06:28:31,25300.0,1000.0,1982900.0
1360,2021-10-06 06:28:31,25300.0,400.0,1981900.0
1361,2021-10-06 06:28:31,25300.0,300.0,1981500.0
1362,2021-10-06 06:28:31,25300.0,2000.0,1981200.0
1363,2021-10-06 06:28:31,25300.0,500.0,1979200.0
1364,2021-10-06 06:28:31,25300.0,500.0,1978700.0
1365,2021-10-06 06:28:31,25300.0,200.0,1978200.0
1366,2021-10-06 06:28:31,25300.0,100.0,1978000.0
1367,2021-10-06 06:28:31,25300.0,5000.0,1977900.0
1368,2021-10-06 06:28:31,25300.0,100.0,1972900.0
1369,2021-10-06 06:28:31,25300.0,2500.0,1972800.0
1370,2021-10-06 06:28:31,25300.0,500.0,1970300.0
1371,2021-10-06 06:28:31,25300.0,100.0,1969800.0
1372,2021-10-06 06:28:31,25300.0,100.0,1969700.0
1373,2021-10-06 06:28:31,25300.0,1900.0,1969600.0
1374,2021-10-06 06:28:31,25300.0,300.0,1967700.0
1375,2021-10-06 06:28:31,25300.0,200.0,1967400.0
1376,2021-10-06 06:28:27,25250.0,400.0,1967200.0
1377,2021-10-06 06:28:13,25250.0,300.0,1966800.0
1378,2021-10-06 06:27:49,25250.0,2000.0,1966500.0
1379,2021-10-06 06:27:41,25250.0,100.0,1964500.0
1380,2021-10-06 06:27:25,25300.0,100.0,1964400.0
1381,2021-10-06 06:27:18,25300.0,1000.0,1964300.0
1382,2021-10-06 06:27:13,25300.0,500.0,1963300.0
1383,2021-10-06 06:26:49,25300.0,400.0,1962800.0
1384,2021-10-06 06:26:49,25300.0,1000.0,1962400.0
1385,2021-10-06 06:26:49,25300.0,1000.0,1961400.0
1386,2021-10-06 06:26:49,25300.0,1000.0,1960400.0
1387,2021-10-06 06:26:49,25300.0,600.0,1959400.0
1388,2021-10-06 06:26:36,25300.0,100.0,1958800.0
1389,2021-10-06 06:26:35,25250.0,2000.0,1958700.0
1390,2021-10-06 06:26:35,25250.0,2800.0,1956700.0
1391,2021-10-06 06:26:35,25250.0,200.0,1953900.0
1392,2021-10-06 06:26:35,25300.0,1000.0,1953700.0
1393,2021-10-06 06:25:52,25250.0,300.0,1952700.0
1394,2021-10-06 06:25:12,25300.0,100.0,1952400.0
1395,2021-10-06 06:25:12,25300.0,100.0,1952300.0
1396,2021-10-06 06:25:12,25300.0,100.0,1952200.0
1397,2021-10-06 06:25:12,25300.0,200.0,1952100.0
1398,2021-10-06 06:25:12,25300.0,100.0,1951900.0
1399,2021-10-06 06:25:12,25300.0,1000.0,1951800.0
1400,2021-10-06 06:25:12,25300.0,3000.0,1950800.0
1401,2021-10-06 06:25:12,25300.0,100.0,1947800.0
1402,2021-10-06 06:25:12,25300.0,100.0,1947700.0
1403,2021-10-06 06:25:12,25300.0,1000.0,1947600.0
1404,2021-10-06 06:25:12,25300.0,100.0,1946600.0
1405,2021-10-06 06:25:12,25300.0,100.0,1946500.0
1406,2021-10-06 06:25:12,25300.0,5000.0,1946400.0
1407,2021-10-06 06:25:12,25300.0,700.0,1941400.0
1408,2021-10-06 06:25:12,25300.0,100.0,1940700.0
1409,2021-10-06 06:25:12,25300.0,200.0,1940600.0
1410,2021-10-06 06:25:07,25250.0,500.0,1940400.0
1411,2021-10-06 06:24:38,25250.0,100.0,1939900.0
1412,2021-10-06 06:24:34,25250.0,100.0,1939800.0
1413,2021-10-06 06:24:27,25250.0,100.0,1939700.0
1414,2021-10-06 06:24:27,25250.0,100.0,1939600.0
1415,2021-10-06 06:24:27,25250.0,800.0,1939500.0
1416,2021-10-06 06:24:27,25250.0,200.0,1938700.0
1417,2021-10-06 06:24:23,25250.0,2400.0,1938500.0
1418,2021-10-06 06:24:20,25250.0,100.0,1936100.0
1419,2021-10-06 06:24:14,25250.0,100.0,1936000.0
1420,2021-10-06 06:24:13,25250.0,100.0,1935900.0
1421,2021-10-06 06:24:11,25250.0,500.0,1935800.0
1422,2021-10-06 06:24:08,25250.0,800.0,1935300.0
1423,2021-10-06 06:24:03,25250.0,6200.0,1934500.0
1424,2021-10-06 06:24:03,25250.0,3800.0,1928300.0
1425,2021-10-06 06:23:56,25250.0,3200.0,1924500.0
1426,2021-10-06 06:23:56,25250.0,500.0,1921300.0
1427,2021-10-06 06:23:56,25250.0,300.0,1920800.0
1428,2021-10-06 06:23:56,25250.0,2500.0,1920500.0
1429,2021-10-06 06:23:56,25250.0,1000.0,1918000.0
1430,2021-10-06 06:23:56,25250.0,1000.0,1917000.0
1431,2021-10-06 06:23:56,25250.0,200.0,1916000.0
1432,2021-10-06 06:23:56,25250.0,400.0,1915800.0
1433,2021-10-06 06:23:56,25250.0,900.0,1915400.0
1434,2021-10-06 06:23:55,25250.0,300.0,1914500.0
1435,2021-10-06 06:23:55,25250.0,200.0,1914200.0
1436,2021-10-06 06:23:30,25250.0,100.0,1914000.0
1437,2021-10-06 06:22:51,25250.0,600.0,1913900.0
1438,2021-10-06 06:22:51,25250.0,500.0,1913300.0
1439,2021-10-06 06:22:51,25250.0,100.0,1912800.0
1440,2021-10-06 06:22:51,25250.0,1000.0,1912700.0
1441,2021-10-06 06:22:51,25250.0,1000.0,1911700.0
1442,2021-10-06 06:22:51,25250.0,1800.0,1910700.0
1443,2021-10-06 06:22:51,25250.0,900.0,1908900.0
1444,2021-10-06 06:22:51,25250.0,100.0,1908000.0
1445,2021-10-06 06:22:43,25200.0,200.0,1907900.0
1446,2021-10-06 06:22:43,25200.0,600.0,1907700.0
1447,2021-10-06 06:22:43,25200.0,1000.0,1907100.0
1448,2021-10-06 06:22:24,25200.0,300.0,1906100.0
1449,2021-10-06 06:22:24,25200.0,500.0,1905800.0
1450,2021-10-06 06:22:24,25200.0,100.0,1905300.0
1451,2021-10-06 06:22:24,25200.0,100.0,1905200.0
1452,2021-10-06 06:22:23,25200.0,900.0,1905100.0
1453,2021-10-06 06:22:23,25200.0,100.0,1904200.0
1454,2021-10-06 06:22:16,25200.0,300.0,1904100.0
1455,2021-10-06 06:21:31,25200.0,1000.0,1903800.0
1456,2021-10-06 06:20:53,25200.0,500.0,1902800.0
1457,2021-10-06 06:20:30,25200.0,100.0,1902300.0
1458,2021-10-06 06:20:30,25200.0,900.0,1902200.0
1459,2021-10-06 06:19:50,25250.0,1000.0,1901300.0
1460,2021-10-06 06:19:50,25250.0,100.0,1900300.0
1461,2021-10-06 06:19:50,25250.0,300.0,1900200.0
1462,2021-10-06 06:19:38,25250.0,400.0,1899900.0
1463,2021-10-06 06:19:38,25250.0,400.0,1899500.0
1464,2021-10-06 06:19:14,25250.0,100.0,1899100.0
1465,2021-10-06 06:18:52,25300.0,300.0,1899000.0
1466,2021-10-06 06:18:52,25300.0,900.0,1898700.0
1467,2021-10-06 06:18:52,25250.0,300.0,1897800.0
1468,2021-10-06 06:18:49,25250.0,200.0,1897500.0
1469,2021-10-06 06:18:46,25250.0,100.0,1897300.0
1470,2021-10-06 06:18:41,25250.0,500.0,1897200.0
1471,2021-10-06 06:18:33,25250.0,100.0,1896700.0
1472,2021-10-06 06:18:28,25200.0,100.0,1896600.0
1473,2021-10-06 06:17:59,25250.0,200.0,1896500.0
1474,2021-10-06 06:17:56,25250.0,1000.0,1896300.0
1475,2021-10-06 06:17:41,25250.0,800.0,1895300.0
1476,2021-10-06 06:17:41,25250.0,100.0,1894500.0
1477,2021-10-06 06:17:38,25250.0,100.0,1894400.0
1478,2021-10-06 06:17:38,25250.0,500.0,1894300.0
1479,2021-10-06 06:17:35,25250.0,700.0,1893800.0
1480,2021-10-06 06:17:35,25250.0,200.0,1893100.0
1481,2021-10-06 06:17:34,25250.0,200.0,1892900.0
1482,2021-10-06 06:17:19,25250.0,500.0,1892700.0
1483,2021-10-06 06:17:14,25250.0,100.0,1892200.0
1484,2021-10-06 06:17:14,25250.0,900.0,1892100.0
1485,2021-10-06 06:16:48,25250.0,3000.0,1891200.0
1486,2021-10-06 06:16:48,25250.0,1000.0,1888200.0
1487,2021-10-06 06:16:48,25250.0,100.0,1887200.0
1488,2021-10-06 06:16:47,25250.0,400.0,1887100.0
1489,2021-10-06 06:16:47,25250.0,2000.0,1886700.0
1490,2021-10-06 06:16:47,25250.0,500.0,1884700.0
1491,2021-10-06 06:16:47,25250.0,500.0,1884200.0
1492,2021-10-06 06:16:47,25250.0,6100.0,1883700.0
1493,2021-10-06 06:16:31,25250.0,500.0,1877600.0
1494,2021-10-06 06:16:09,25300.0,400.0,1877100.0
1495,2021-10-06 06:15:49,25300.0,200.0,1876700.0
1496,2021-10-06 06:15:49,25300.0,100.0,1876500.0
1497,2021-10-06 06:15:28,25300.0,100.0,1876400.0
1498,2021-10-06 06:15:28,25300.0,500.0,1876300.0
1499,2021-10-06 06:15:28,25300.0,100.0,1875800.0
1500,2021-10-06 06:15:28,25300.0,800.0,1875700.0
1501,2021-10-06 06:15:28,25250.0,100.0,1874900.0
1502,2021-10-06 06:15:25,25300.0,200.0,1874800.0
1503,2021-10-06 06:15:13,25300.0,100.0,1874600.0
1504,2021-10-06 06:15:13,25300.0,100.0,1874500.0
1505,2021-10-06 06:15:06,25300.0,1000.0,1874400.0
1506,2021-10-06 06:14:55,25300.0,400.0,1873400.0
1507,2021-10-06 06:14:49,25300.0,1100.0,1873000.0
1508,2021-10-06 06:14:45,25300.0,400.0,1871900.0
1509,2021-10-06 06:14:45,25300.0,300.0,1871500.0
1510,2021-10-06 06:14:39,25300.0,200.0,1871200.0
1511,2021-10-06 06:14:39,25300.0,500.0,1871000.0
1512,2021-10-06 06:14:39,25300.0,300.0,1870500.0
1513,2021-10-06 06:13:58,25250.0,400.0,1870200.0
1514,2021-10-06 06:13:41,25250.0,200.0,1869800.0
1515,2021-10-06 06:12:46,25250.0,700.0,1869600.0
1516,2021-10-06 06:12:35,25250.0,300.0,1868900.0
1517,2021-10-06 06:12:35,25250.0,400.0,1868600.0
1518,2021-10-06 06:12:34,25250.0,5000.0,1868200.0
1519,2021-10-06 06:12:34,25250.0,200.0,1863200.0
1520,2021-10-06 06:12:34,25250.0,500.0,1863000.0
1521,2021-10-06 06:12:34,25250.0,100.0,1862500.0
1522,2021-10-06 06:12:34,25250.0,400.0,1862400.0
1523,2021-10-06 06:12:34,25250.0,3000.0,1862000.0
1524,2021-10-06 06:12:34,25250.0,100.0,1859000.0
1525,2021-10-06 06:12:34,25250.0,200.0,1858900.0
1526,2021-10-06 06:12:34,25250.0,500.0,1858700.0
1527,2021-10-06 06:12:34,25250.0,2000.0,1858200.0
1528,2021-10-06 06:12:34,25250.0,5000.0,1856200.0
1529,2021-10-06 06:12:34,25250.0,1000.0,1851200.0
1530,2021-10-06 06:12:34,25250.0,1000.0,1850200.0
1531,2021-10-06 06:12:34,25250.0,300.0,1849200.0
1532,2021-10-06 06:12:34,25250.0,500.0,1848900.0
1533,2021-10-06 06:12:34,25250.0,100.0,1848400.0
1534,2021-10-06 06:12:34,25250.0,100.0,1848300.0
1535,2021-10-06 06:12:16,25250.0,500.0,1848200.0
1536,2021-10-06 06:12:01,25250.0,400.0,1847700.0
1537,2021-10-06 06:12:01,25250.0,400.0,1847300.0
1538,2021-10-06 06:11:55,25250.0,1000.0,1846900.0
1539,2021-10-06 06:11:50,25250.0,700.0,1845900.0
1540,2021-10-06 06:11:48,25250.0,4000.0,1845200.0
1541,2021-10-06 06:11:48,25250.0,1000.0,1841200.0
1542,2021-10-06 06:11:43,25250.0,900.0,1840200.0
1543,2021-10-06 06:11:37,25250.0,5000.0,1839300.0
1544,2021-10-06 06:11:36,25250.0,2800.0,1834300.0
1545,2021-10-06 06:11:34,25250.0,300.0,1831500.0
1546,2021-10-06 06:11:22,25250.0,400.0,1831200.0
1547,2021-10-06 06:11:14,25250.0,5000.0,1830800.0
1548,2021-10-06 06:11:14,25250.0,1000.0,1825800.0
1549,2021-10-06 06:11:08,25250.0,200.0,1824800.0
1550,2021-10-06 06:11:07,25250.0,1600.0,1824600.0
1551,2021-10-06 06:10:54,25250.0,900.0,1823000.0
1552,2021-10-06 06:10:47,25250.0,800.0,1822100.0
1553,2021-10-06 06:10:41,25250.0,200.0,1821300.0
1554,2021-10-06 06:10:35,25250.0,200.0,1821100.0
1555,2021-10-06 06:10:26,25250.0,800.0,1820900.0
1556,2021-10-06 06:10:16,25250.0,900.0,1820100.0
1557,2021-10-06 06:10:09,25250.0,500.0,1819200.0
1558,2021-10-06 06:09:59,25250.0,1500.0,1818700.0
1559,2021-10-06 06:09:59,25250.0,200.0,1817200.0
1560,2021-10-06 06:09:28,25200.0,3400.0,1817000.0
1561,2021-10-06 06:09:28,25200.0,1000.0,1813600.0
1562,2021-10-06 06:09:23,25250.0,1100.0,1812600.0
1563,2021-10-06 06:09:23,25250.0,100.0,1811500.0
1564,2021-10-06 06:08:54,25250.0,200.0,1811400.0
1565,2021-10-06 06:08:54,25250.0,1000.0,1811200.0
1566,2021-10-06 06:08:54,25250.0,5000.0,1810200.0
1567,2021-10-06 06:08:54,25250.0,200.0,1805200.0
1568,2021-10-06 06:08:54,25250.0,2000.0,1805000.0
1569,2021-10-06 06:08:54,25250.0,200.0,1803000.0
1570,2021-10-06 06:08:54,25250.0,100.0,1802800.0
1571,2021-10-06 06:08:54,25250.0,200.0,1802700.0
1572,2021-10-06 06:08:23,25250.0,100.0,1802500.0
1573,2021-10-06 06:08:07,25200.0,2000.0,1802400.0
1574,2021-10-06 06:08:07,25200.0,200.0,1800400.0
1575,2021-10-06 06:08:07,25200.0,2000.0,1800200.0
1576,2021-10-06 06:08:07,25200.0,1000.0,1798200.0
1577,2021-10-06 06:08:07,25200.0,400.0,1797200.0
1578,2021-10-06 06:08:07,25200.0,100.0,1796800.0
1579,2021-10-06 06:08:07,25200.0,100.0,1796700.0
1580,2021-10-06 06:08:07,25200.0,1000.0,1796600.0
1581,2021-10-06 06:08:07,25200.0,2100.0,1795600.0
1582,2021-10-06 06:08:07,25200.0,1000.0,1793500.0
1583,2021-10-06 06:08:07,25200.0,1300.0,1792500.0
1584,2021-10-06 06:08:07,25200.0,800.0,1791200.0
1585,2021-10-06 06:07:56,25200.0,400.0,1790400.0
1586,2021-10-06 06:07:56,25200.0,4600.0,1790000.0
1587,2021-10-06 06:07:51,25250.0,1000.0,1785400.0
1588,2021-10-06 06:07:18,25250.0,100.0,1784400.0
1589,2021-10-06 06:07:04,25250.0,1600.0,1784300.0
1590,2021-10-06 06:07:04,25250.0,100.0,1782700.0
1591,2021-10-06 06:07:04,25250.0,3300.0,1782600.0
1592,2021-10-06 06:06:50,25250.0,400.0,1779300.0
1593,2021-10-06 06:06:48,25250.0,500.0,1778900.0
1594,2021-10-06 06:05:47,25200.0,5000.0,1778400.0
1595,2021-10-06 06:05:38,25250.0,800.0,1773400.0
1596,2021-10-06 06:05:38,25250.0,300.0,1772600.0
1597,2021-10-06 06:05:38,25250.0,600.0,1772300.0
1598,2021-10-06 06:05:16,25250.0,400.0,1771700.0
1599,2021-10-06 06:05:16,25250.0,300.0,1771300.0
1600,2021-10-06 06:05:16,25250.0,200.0,1771000.0
1601,2021-10-06 06:05:16,25250.0,100.0,1770800.0
1602,2021-10-06 06:05:08,25200.0,100.0,1770700.0
1603,2021-10-06 06:04:34,25200.0,5000.0,1770600.0
1604,2021-10-06 06:03:27,25200.0,2000.0,1765600.0
1605,2021-10-06 06:03:27,25200.0,200.0,1763600.0
1606,2021-10-06 06:03:27,25200.0,2000.0,1763400.0
1607,2021-10-06 06:03:27,25200.0,3000.0,1761400.0
1608,2021-10-06 06:03:27,25200.0,200.0,1758400.0
1609,2021-10-06 06:03:27,25200.0,200.0,1758200.0
1610,2021-10-06 06:03:27,25200.0,700.0,1758000.0
1611,2021-10-06 06:03:27,25200.0,100.0,1757300.0
1612,2021-10-06 06:03:27,25200.0,200.0,1757200.0
1613,2021-10-06 06:03:27,25200.0,2000.0,1757000.0
1614,2021-10-06 06:03:27,25200.0,100.0,1755000.0
1615,2021-10-06 06:03:27,25200.0,200.0,1754900.0
1616,2021-10-06 06:03:27,25200.0,4400.0,1754700.0
1617,2021-10-06 06:03:14,25200.0,200.0,1750300.0
1618,2021-10-06 06:02:24,25200.0,500.0,1750100.0
1619,2021-10-06 06:01:37,25200.0,200.0,1749600.0
1620,2021-10-06 06:00:57,25200.0,500.0,1749400.0
1621,2021-10-06 06:00:46,25200.0,4200.0,1748900.0
1622,2021-10-06 06:00:46,25200.0,500.0,1744700.0
1623,2021-10-06 06:00:46,25200.0,500.0,1744200.0
1624,2021-10-06 06:00:46,25200.0,1000.0,1743700.0
1625,2021-10-06 06:00:46,25200.0,1000.0,1742700.0
1626,2021-10-06 06:00:46,25200.0,1000.0,1741700.0
1627,2021-10-06 06:00:46,25200.0,100.0,1740700.0
1628,2021-10-06 06:00:46,25200.0,5000.0,1740600.0
1629,2021-10-06 06:00:46,25200.0,2000.0,1735600.0
1630,2021-10-06 06:00:46,25200.0,2000.0,1733600.0
1631,2021-10-06 06:00:46,25200.0,500.0,1731600.0
1632,2021-10-06 06:00:46,25200.0,300.0,1731100.0
1633,2021-10-06 06:00:46,25200.0,15000.0,1730800.0
1634,2021-10-06 06:00:46,25200.0,1000.0,1715800.0
1635,2021-10-06 06:00:46,25200.0,500.0,1714800.0
1636,2021-10-06 06:00:46,25200.0,2000.0,1714300.0
1637,2021-10-06 06:00:46,25200.0,300.0,1712300.0
1638,2021-10-06 06:00:46,25200.0,300.0,1712000.0
1639,2021-10-06 06:00:46,25200.0,1000.0,1711700.0
1640,2021-10-06 06:00:46,25200.0,200.0,1710700.0
1641,2021-10-06 06:00:46,25200.0,100.0,1710500.0
1642,2021-10-06 06:00:46,25200.0,800.0,1710400.0
1643,2021-10-06 06:00:46,25200.0,1000.0,1709600.0
1644,2021-10-06 06:00:46,25200.0,100.0,1708600.0
1645,2021-10-06 06:00:46,25200.0,100.0,1708500.0
1646,2021-10-06 06:00:46,25200.0,500.0,1708400.0
1647,2021-10-06 06:00:46,25200.0,100.0,1707900.0
1648,2021-10-06 06:00:46,25200.0,100.0,1707800.0
1649,2021-10-06 06:00:46,25200.0,600.0,1707700.0
1650,2021-10-06 06:00:15,25200.0,1400.0,1707100.0
1651,2021-10-06 06:00:15,25200.0,400.0,1705700.0
1652,2021-10-06 06:00:15,25200.0,200.0,1705300.0
1653,2021-10-06 06:00:15,25200.0,100.0,1705100.0
1654,2021-10-06 06:00:14,25200.0,700.0,1705000.0
1655,2021-10-06 06:00:14,25200.0,200.0,1704300.0
1656,2021-10-06 06:00:14,25200.0,100.0,1704100.0
1657,2021-10-06 06:00:09,25200.0,400.0,1704000.0
1658,2021-10-06 06:00:09,25200.0,100.0,1703600.0
1659,2021-10-06 06:00:08,25200.0,100.0,1703500.0
1660,2021-10-06 06:00:06,25200.0,300.0,1703400.0
1661,2021-10-06 06:00:05,25200.0,200.0,1703100.0
1662,2021-10-06 06:00:03,25200.0,800.0,1702900.0
1663,2021-10-06 06:00:03,25200.0,200.0,1702100.0
1664,2021-10-06 06:00:03,25200.0,100.0,1701900.0
1665,2021-10-06 06:00:03,25200.0,100.0,1701800.0
1666,2021-10-06 06:00:03,25200.0,1000.0,1701700.0
1667,2021-10-06 06:00:03,25200.0,300.0,1700700.0
1668,2021-10-06 06:00:00,25200.0,1700.0,1700400.0
1669,2021-10-06 06:00:00,25200.0,300.0,1698700.0
1670,2021-10-06 06:00:00,25150.0,300.0,1698400.0
1671,2021-10-06 06:00:00,25150.0,300.0,1698100.0
1672,2021-10-06 06:00:00,25150.0,500.0,1697800.0
1673,2021-10-06 04:30:00,25200.0,300.0,1697300.0
1674,2021-10-06 04:29:40,25150.0,100.0,1697000.0
1675,2021-10-06 04:29:29,25150.0,100.0,1696900.0
1676,2021-10-06 04:28:57,25150.0,300.0,1696800.0
1677,2021-10-06 04:28:48,25150.0,2700.0,1696500.0
1678,2021-10-06 04:28:48,25150.0,100.0,1693800.0
1679,2021-10-06 04:28:48,25150.0,100.0,1693700.0
1680,2021-10-06 04:28:48,25150.0,100.0,1693600.0
1681,2021-10-06 04:28:12,25150.0,300.0,1693500.0
1682,2021-10-06 04:28:12,25150.0,200.0,1693200.0
1683,2021-10-06 04:27:25,25150.0,500.0,1693000.0
1684,2021-10-06 04:27:22,25150.0,500.0,1692500.0
1685,2021-10-06 04:27:13,25150.0,900.0,1692000.0
1686,2021-10-06 04:26:21,25150.0,200.0,1691100.0
1687,2021-10-06 04:26:21,25150.0,700.0,1690900.0
1688,2021-10-06 04:25:55,25150.0,100.0,1690200.0
1689,2021-10-06 04:25:35,25150.0,500.0,1690100.0
1690,2021-10-06 04:25:35,25150.0,200.0,1689600.0
1691,2021-10-06 04:25:33,25150.0,100.0,1689400.0
1692,2021-10-06 04:24:32,25150.0,1000.0,1689300.0
1693,2021-10-06 04:24:32,25150.0,300.0,1688300.0
1694,2021-10-06 04:24:24,25150.0,100.0,1688000.0
1695,2021-10-06 04:24:19,25150.0,600.0,1687900.0
1696,2021-10-06 04:24:19,25150.0,400.0,1687300.0
1697,2021-10-06 04:24:16,25150.0,100.0,1686900.0
1698,2021-10-06 04:24:05,25150.0,200.0,1686800.0
1699,2021-10-06 04:23:49,25150.0,2300.0,1686600.0
1700,2021-10-06 04:23:49,25150.0,1000.0,1684300.0
1701,2021-10-06 04:23:49,25150.0,2000.0,1683300.0
1702,2021-10-06 04:23:49,25150.0,700.0,1681300.0
1703,2021-10-06 04:23:27,25150.0,500.0,1680600.0
1704,2021-10-06 04:23:14,25150.0,2900.0,1680100.0
1705,2021-10-06 04:23:07,25150.0,500.0,1677200.0
1706,2021-10-06 04:23:06,25150.0,400.0,1676700.0
1707,2021-10-06 04:23:06,25150.0,400.0,1676300.0
1708,2021-10-06 04:22:52,25150.0,6500.0,1675900.0
1709,2021-10-06 04:22:52,25150.0,3700.0,1669400.0
1710,2021-10-06 04:22:42,25150.0,1300.0,1665700.0
1711,2021-10-06 04:22:42,25150.0,100.0,1664400.0
1712,2021-10-06 04:22:42,25150.0,1600.0,1664300.0
1713,2021-10-06 04:21:44,25150.0,600.0,1662700.0
1714,2021-10-06 04:21:18,25150.0,2700.0,1662100.0
1715,2021-10-06 04:20:59,25100.0,400.0,1659400.0
1716,2021-10-06 04:20:47,25150.0,100.0,1659000.0
1717,2021-10-06 04:20:47,25150.0,1900.0,1658900.0
1718,2021-10-06 04:20:12,25100.0,1000.0,1657000.0
1719,2021-10-06 04:19:59,25100.0,300.0,1656000.0
1720,2021-10-06 04:19:59,25100.0,100.0,1655700.0
1721,2021-10-06 04:19:59,25100.0,100.0,1655600.0
1722,2021-10-06 04:19:23,25150.0,100.0,1655500.0
1723,2021-10-06 04:19:23,25150.0,900.0,1655400.0
1724,2021-10-06 04:18:34,25150.0,2000.0,1654500.0
1725,2021-10-06 04:16:55,25100.0,100.0,1652500.0
1726,2021-10-06 04:16:41,25100.0,200.0,1652400.0
1727,2021-10-06 04:16:15,25100.0,500.0,1652200.0
1728,2021-10-06 04:16:15,25100.0,1400.0,1651700.0
1729,2021-10-06 04:16:15,25100.0,2700.0,1650300.0
1730,2021-10-06 04:15:30,25100.0,800.0,1647600.0
1731,2021-10-06 04:15:19,25100.0,1500.0,1646800.0
1732,2021-10-06 04:14:22,25100.0,100.0,1645300.0
1733,2021-10-06 04:13:58,25100.0,400.0,1645200.0
1734,2021-10-06 04:13:58,25100.0,100.0,1644800.0
1735,2021-10-06 04:13:50,25100.0,300.0,1644700.0
1736,2021-10-06 04:13:31,25100.0,500.0,1644400.0
1737,2021-10-06 04:13:28,25100.0,1000.0,1643900.0
1738,2021-10-06 04:13:28,25100.0,200.0,1642900.0
1739,2021-10-06 04:13:28,25100.0,1800.0,1642700.0
1740,2021-10-06 04:13:08,25100.0,200.0,1640900.0
1741,2021-10-06 04:12:25,25050.0,400.0,1640700.0
1742,2021-10-06 04:12:25,25050.0,100.0,1640300.0
1743,2021-10-06 04:11:33,25100.0,1800.0,1640200.0
1744,2021-10-06 04:11:33,25100.0,1200.0,1638400.0
1745,2021-10-06 04:11:26,25100.0,100.0,1637200.0
1746,2021-10-06 04:11:01,25100.0,100.0,1637100.0
1747,2021-10-06 04:10:52,25100.0,100.0,1637000.0
1748,2021-10-06 04:10:52,25100.0,100.0,1636900.0
1749,2021-10-06 04:10:52,25100.0,100.0,1636800.0
1750,2021-10-06 04:10:35,25100.0,400.0,1636700.0
1751,2021-10-06 04:10:35,25100.0,500.0,1636300.0
1752,2021-10-06 04:10:35,25100.0,100.0,1635800.0
1753,2021-10-06 04:10:35,25100.0,1000.0,1635700.0
1754,2021-10-06 04:10:28,25100.0,100.0,1634700.0
1755,2021-10-06 04:10:27,25100.0,100.0,1634600.0
1756,2021-10-06 04:09:47,25100.0,5000.0,1634500.0
1757,2021-10-06 04:08:49,25100.0,100.0,1629500.0
1758,2021-10-06 04:08:49,25100.0,100.0,1629400.0
1759,2021-10-06 04:08:32,25100.0,200.0,1629300.0
1760,2021-10-06 04:08:32,25100.0,4700.0,1629100.0
1761,2021-10-06 04:07:34,25100.0,200.0,1624400.0
1762,2021-10-06 04:07:10,25100.0,100.0,1624200.0
1763,2021-10-06 04:06:15,25100.0,2000.0,1624100.0
1764,2021-10-06 04:05:54,25150.0,100.0,1622100.0
1765,2021-10-06 04:05:44,25100.0,1000.0,1622000.0
1766,2021-10-06 04:05:26,25100.0,1000.0,1621000.0
1767,2021-10-06 04:05:11,25100.0,1000.0,1620000.0
1768,2021-10-06 04:05:11,25100.0,100.0,1619000.0
1769,2021-10-06 04:05:11,25100.0,100.0,1618900.0
1770,2021-10-06 04:05:11,25100.0,100.0,1618800.0
1771,2021-10-06 04:05:11,25100.0,200.0,1618700.0
1772,2021-10-06 04:05:00,25100.0,100.0,1618500.0
1773,2021-10-06 04:04:54,25100.0,500.0,1618400.0
1774,2021-10-06 04:04:44,25100.0,2000.0,1617900.0
1775,2021-10-06 04:04:28,25150.0,100.0,1615900.0
1776,2021-10-06 04:03:58,25100.0,500.0,1615800.0
1777,2021-10-06 04:03:50,25100.0,2000.0,1615300.0
1778,2021-10-06 04:03:49,25150.0,2000.0,1613300.0
1779,2021-10-06 04:03:45,25100.0,300.0,1611300.0
1780,2021-10-06 04:03:18,25150.0,400.0,1611000.0
1781,2021-10-06 04:02:45,25100.0,500.0,1610600.0
1782,2021-10-06 04:02:30,25100.0,500.0,1610100.0
1783,2021-10-06 04:02:27,25150.0,300.0,1609600.0
1784,2021-10-06 04:02:27,25150.0,500.0,1609300.0
1785,2021-10-06 04:02:27,25150.0,400.0,1608800.0
1786,2021-10-06 04:02:12,25150.0,500.0,1608400.0
1787,2021-10-06 04:01:16,25100.0,500.0,1607900.0
1788,2021-10-06 04:01:16,25100.0,1000.0,1607400.0
1789,2021-10-06 04:01:16,25100.0,500.0,1606400.0
1790,2021-10-06 04:00:52,25150.0,2000.0,1605900.0
1791,2021-10-06 04:00:35,25100.0,4500.0,1603900.0
1792,2021-10-06 04:00:35,25100.0,100.0,1599400.0
1793,2021-10-06 04:00:35,25100.0,100.0,1599300.0
1794,2021-10-06 04:00:35,25100.0,100.0,1599200.0
1795,2021-10-06 04:00:35,25100.0,200.0,1599100.0
1796,2021-10-06 04:00:33,25100.0,300.0,1598900.0
1797,2021-10-06 04:00:28,25100.0,200.0,1598600.0
1798,2021-10-06 03:59:23,25100.0,200.0,1598400.0
1799,2021-10-06 03:58:58,25100.0,1000.0,1598200.0
1800,2021-10-06 03:58:58,25100.0,100.0,1597200.0
1801,2021-10-06 03:58:58,25100.0,100.0,1597100.0
1802,2021-10-06 03:58:58,25100.0,100.0,1597000.0
1803,2021-10-06 03:58:58,25100.0,200.0,1596900.0
1804,2021-10-06 03:58:45,25100.0,400.0,1596700.0
1805,2021-10-06 03:58:45,25100.0,400.0,1596300.0
1806,2021-10-06 03:58:45,25100.0,100.0,1595900.0
1807,2021-10-06 03:58:45,25100.0,1000.0,1595800.0
1808,2021-10-06 03:58:45,25100.0,2000.0,1594800.0
1809,2021-10-06 03:58:45,25100.0,500.0,1592800.0
1810,2021-10-06 03:58:45,25100.0,500.0,1592300.0
1811,2021-10-06 03:58:45,25100.0,200.0,1591800.0
1812,2021-10-06 03:58:22,25100.0,1600.0,1591600.0
1813,2021-10-06 03:57:54,25100.0,300.0,1590000.0
1814,2021-10-06 03:57:54,25100.0,3000.0,1589700.0
1815,2021-10-06 03:57:54,25100.0,300.0,1586700.0
1816,2021-10-06 03:57:54,25100.0,600.0,1586400.0
1817,2021-10-06 03:57:54,25100.0,200.0,1585800.0
1818,2021-10-06 03:57:54,25100.0,600.0,1585600.0
1819,2021-10-06 03:57:54,25100.0,1000.0,1585000.0
1820,2021-10-06 03:57:54,25100.0,100.0,1584000.0
1821,2021-10-06 03:57:54,25100.0,700.0,1583900.0
1822,2021-10-06 03:57:54,25100.0,1000.0,1583200.0
1823,2021-10-06 03:57:54,25100.0,100.0,1582200.0
1824,2021-10-06 03:57:54,25100.0,1100.0,1582100.0
1825,2021-10-06 03:57:45,25100.0,1000.0,1581000.0
1826,2021-10-06 03:57:43,25150.0,1500.0,1580000.0
1827,2021-10-06 03:57:30,25100.0,900.0,1578500.0
1828,2021-10-06 03:57:30,25100.0,100.0,1577600.0
1829,2021-10-06 03:56:46,25150.0,300.0,1577500.0
1830,2021-10-06 03:56:26,25150.0,300.0,1577200.0
1831,2021-10-06 03:56:26,25150.0,200.0,1576900.0
1832,2021-10-06 03:55:36,25150.0,800.0,1576700.0
1833,2021-10-06 03:54:46,25150.0,200.0,1575900.0
1834,2021-10-06 03:54:24,25150.0,1000.0,1575700.0
1835,2021-10-06 03:53:51,25150.0,1000.0,1574700.0
1836,2021-10-06 03:53:42,25150.0,1800.0,1573700.0
1837,2021-10-06 03:53:42,25150.0,500.0,1571900.0
1838,2021-10-06 03:53:42,25150.0,700.0,1571400.0
1839,2021-10-06 03:52:53,25150.0,100.0,1570700.0
1840,2021-10-06 03:52:53,25150.0,200.0,1570600.0
1841,2021-10-06 03:52:30,25150.0,100.0,1570400.0
1842,2021-10-06 03:52:30,25150.0,300.0,1570300.0
1843,2021-10-06 03:52:30,25150.0,300.0,1570000.0
1844,2021-10-06 03:52:30,25150.0,900.0,1569700.0
1845,2021-10-06 03:52:30,25150.0,300.0,1568800.0
1846,2021-10-06 03:52:30,25150.0,2900.0,1568500.0
1847,2021-10-06 03:52:30,25150.0,400.0,1565600.0
1848,2021-10-06 03:52:30,25150.0,100.0,1565200.0
1849,2021-10-06 03:52:30,25150.0,100.0,1565100.0
1850,2021-10-06 03:52:30,25150.0,4000.0,1565000.0
1851,2021-10-06 03:52:30,25150.0,3000.0,1561000.0
1852,2021-10-06 03:52:30,25150.0,500.0,1558000.0
1853,2021-10-06 03:52:30,25150.0,100.0,1557500.0
1854,2021-10-06 03:52:30,25150.0,2500.0,1557400.0
1855,2021-10-06 03:52:30,25150.0,300.0,1554900.0
1856,2021-10-06 03:52:30,25150.0,400.0,1554600.0
1857,2021-10-06 03:52:30,25150.0,200.0,1554200.0
1858,2021-10-06 03:52:30,25150.0,500.0,1554000.0
1859,2021-10-06 03:52:30,25150.0,100.0,1553500.0
1860,2021-10-06 03:52:30,25150.0,1000.0,1553400.0
1861,2021-10-06 03:52:16,25200.0,400.0,1552400.0
1862,2021-10-06 03:51:18,25200.0,400.0,1552000.0
1863,2021-10-06 03:51:18,25200.0,300.0,1551600.0
1864,2021-10-06 03:51:18,25200.0,300.0,1551300.0
1865,2021-10-06 03:50:45,25200.0,1200.0,1551000.0
1866,2021-10-06 03:50:28,25200.0,700.0,1549800.0
1867,2021-10-06 03:50:05,25150.0,1000.0,1549100.0
1868,2021-10-06 03:50:05,25150.0,200.0,1548100.0
1869,2021-10-06 03:49:52,25150.0,300.0,1547900.0
1870,2021-10-06 03:49:52,25150.0,1700.0,1547600.0
1871,2021-10-06 03:49:33,25150.0,200.0,1545900.0
1872,2021-10-06 03:49:03,25150.0,100.0,1545700.0
1873,2021-10-06 03:48:57,25150.0,100.0,1545600.0
1874,2021-10-06 03:48:55,25150.0,4000.0,1545500.0
1875,2021-10-06 03:48:04,25150.0,200.0,1541500.0
1876,2021-10-06 03:47:43,25150.0,1000.0,1541300.0
1877,2021-10-06 03:47:36,25200.0,100.0,1540300.0
1878,2021-10-06 03:47:23,25200.0,100.0,1540200.0
1879,2021-10-06 03:47:12,25150.0,2400.0,1540100.0
1880,2021-10-06 03:46:04,25200.0,1000.0,1537700.0
1881,2021-10-06 03:45:31,25200.0,200.0,1536700.0
1882,2021-10-06 03:45:21,25200.0,400.0,1536500.0
1883,2021-10-06 03:45:21,25200.0,200.0,1536100.0
1884,2021-10-06 03:45:21,25200.0,1400.0,1535900.0
1885,2021-10-06 03:44:50,25200.0,600.0,1534500.0
1886,2021-10-06 03:44:50,25200.0,300.0,1533900.0
1887,2021-10-06 03:44:28,25200.0,3200.0,1533600.0
1888,2021-10-06 03:44:24,25150.0,1000.0,1530400.0
1889,2021-10-06 03:43:53,25200.0,1000.0,1529400.0
1890,2021-10-06 03:43:32,25200.0,400.0,1528400.0
1891,2021-10-06 03:43:26,25200.0,100.0,1528000.0
1892,2021-10-06 03:43:26,25200.0,100.0,1527900.0
1893,2021-10-06 03:43:26,25200.0,100.0,1527800.0
1894,2021-10-06 03:43:26,25200.0,700.0,1527700.0
1895,2021-10-06 03:43:22,25200.0,100.0,1527000.0
1896,2021-10-06 03:43:08,25200.0,200.0,1526900.0
1897,2021-10-06 03:43:08,25200.0,100.0,1526700.0
1898,2021-10-06 03:43:08,25200.0,600.0,1526600.0
1899,2021-10-06 03:43:08,25200.0,200.0,1526000.0
1900,2021-10-06 03:43:03,25200.0,200.0,1525800.0
1901,2021-10-06 03:42:33,25200.0,100.0,1525600.0
1902,2021-10-06 03:42:33,25150.0,300.0,1525500.0
1903,2021-10-06 03:42:33,25150.0,200.0,1525200.0
1904,2021-10-06 03:42:33,25150.0,600.0,1525000.0
1905,2021-10-06 03:42:28,25200.0,500.0,1524400.0
1906,2021-10-06 03:42:27,25200.0,400.0,1523900.0
1907,2021-10-06 03:42:27,25200.0,100.0,1523500.0
1908,2021-10-06 03:42:27,25200.0,100.0,1523400.0
1909,2021-10-06 03:42:27,25200.0,400.0,1523300.0
1910,2021-10-06 03:42:14,25200.0,400.0,1522900.0
1911,2021-10-06 03:41:39,25200.0,200.0,1522500.0
1912,2021-10-06 03:41:39,25200.0,200.0,1522300.0
1913,2021-10-06 03:41:34,25200.0,400.0,1522100.0
1914,2021-10-06 03:41:28,25200.0,400.0,1521700.0
1915,2021-10-06 03:41:28,25200.0,500.0,1521300.0
1916,2021-10-06 03:41:28,25200.0,200.0,1520800.0
1917,2021-10-06 03:41:28,25200.0,500.0,1520600.0
1918,2021-10-06 03:41:28,25200.0,400.0,1520100.0
1919,2021-10-06 03:41:28,25200.0,500.0,1519700.0
1920,2021-10-06 03:41:28,25200.0,100.0,1519200.0
1921,2021-10-06 03:41:28,25200.0,100.0,1519100.0
1922,2021-10-06 03:41:28,25200.0,200.0,1519000.0
1923,2021-10-06 03:41:28,25200.0,200.0,1518800.0
1924,2021-10-06 03:41:28,25200.0,100.0,1518600.0
1925,2021-10-06 03:41:28,25200.0,100.0,1518500.0
1926,2021-10-06 03:41:28,25200.0,100.0,1518400.0
1927,2021-10-06 03:41:28,25200.0,100.0,1518300.0
1928,2021-10-06 03:41:20,25200.0,800.0,1518200.0
1929,2021-10-06 03:41:05,25200.0,600.0,1517400.0
1930,2021-10-06 03:41:05,25200.0,400.0,1516800.0
1931,2021-10-06 03:41:05,25200.0,8000.0,1516400.0
1932,2021-10-06 03:40:59,25200.0,5000.0,1508400.0
1933,2021-10-06 03:40:51,25200.0,800.0,1503400.0
1934,2021-10-06 03:40:38,25200.0,1200.0,1502600.0
1935,2021-10-06 03:40:38,25200.0,500.0,1501400.0
1936,2021-10-06 03:40:11,25200.0,3500.0,1500900.0
1937,2021-10-06 03:40:11,25200.0,1000.0,1497400.0
1938,2021-10-06 03:40:11,25200.0,800.0,1496400.0
1939,2021-10-06 03:40:09,25200.0,200.0,1495600.0
1940,2021-10-06 03:40:07,25150.0,2400.0,1495400.0
1941,2021-10-06 03:40:07,25150.0,1000.0,1493000.0
1942,2021-10-06 03:40:07,25150.0,1000.0,1492000.0
1943,2021-10-06 03:40:07,25150.0,600.0,1491000.0
1944,2021-10-06 03:40:04,25200.0,200.0,1490400.0
1945,2021-10-06 03:40:04,25200.0,100.0,1490200.0
1946,2021-10-06 03:40:04,25200.0,300.0,1490100.0
1947,2021-10-06 03:40:04,25200.0,100.0,1489800.0
1948,2021-10-06 03:40:04,25200.0,800.0,1489700.0
1949,2021-10-06 03:40:04,25200.0,100.0,1488900.0
1950,2021-10-06 03:40:04,25200.0,2000.0,1488800.0
1951,2021-10-06 03:40:04,25200.0,1400.0,1486800.0
1952,2021-10-06 03:40:00,25200.0,600.0,1485400.0
1953,2021-10-06 03:40:00,25200.0,400.0,1484800.0
1954,2021-10-06 03:39:58,25200.0,2000.0,1484400.0
1955,2021-10-06 03:39:49,25200.0,600.0,1482400.0
1956,2021-10-06 03:39:49,25200.0,200.0,1481800.0
1957,2021-10-06 03:39:46,25200.0,800.0,1481600.0
1958,2021-10-06 03:39:46,25200.0,100.0,1480800.0
1959,2021-10-06 03:39:46,25200.0,500.0,1480700.0
1960,2021-10-06 03:39:46,25200.0,300.0,1480200.0
1961,2021-10-06 03:39:46,25200.0,500.0,1479900.0
1962,2021-10-06 03:39:46,25200.0,400.0,1479400.0
1963,2021-10-06 03:39:46,25200.0,200.0,1479000.0
1964,2021-10-06 03:39:46,25200.0,100.0,1478800.0
1965,2021-10-06 03:39:46,25200.0,1000.0,1478700.0
1966,2021-10-06 03:39:46,25200.0,200.0,1477700.0
1967,2021-10-06 03:39:46,25200.0,100.0,1477500.0
1968,2021-10-06 03:39:46,25200.0,300.0,1477400.0
1969,2021-10-06 03:39:46,25200.0,500.0,1477100.0
1970,2021-10-06 03:39:39,25200.0,500.0,1476600.0
1971,2021-10-06 03:39:39,25200.0,200.0,1476100.0
1972,2021-10-06 03:39:39,25200.0,700.0,1475900.0
1973,2021-10-06 03:39:30,25200.0,2400.0,1475200.0
1974,2021-10-06 03:39:29,25200.0,1200.0,1472800.0
1975,2021-10-06 03:39:28,25200.0,500.0,1471600.0
1976,2021-10-06 03:39:28,25200.0,300.0,1471100.0
1977,2021-10-06 03:39:28,25200.0,200.0,1470800.0
1978,2021-10-06 03:39:26,25200.0,100.0,1470600.0
1979,2021-10-06 03:39:26,25200.0,200.0,1470500.0
1980,2021-10-06 03:39:26,25200.0,200.0,1470300.0
1981,2021-10-06 03:39:25,25200.0,200.0,1470100.0
1982,2021-10-06 03:39:20,25200.0,600.0,1469900.0
1983,2021-10-06 03:39:19,25200.0,900.0,1469300.0
1984,2021-10-06 03:39:12,25200.0,1200.0,1468400.0
1985,2021-10-06 03:39:12,25200.0,2100.0,1467200.0
1986,2021-10-06 03:39:12,25200.0,700.0,1465100.0
1987,2021-10-06 03:39:03,25200.0,300.0,1464400.0
1988,2021-10-06 03:38:57,25200.0,200.0,1464100.0
1989,2021-10-06 03:38:50,25200.0,400.0,1463900.0
1990,2021-10-06 03:38:42,25200.0,400.0,1463500.0
1991,2021-10-06 03:38:42,25200.0,100.0,1463100.0
1992,2021-10-06 03:38:42,25200.0,400.0,1463000.0
1993,2021-10-06 03:38:37,25200.0,200.0,1462600.0
1994,2021-10-06 03:38:33,25200.0,2000.0,1462400.0
1995,2021-10-06 03:38:26,25200.0,900.0,1460400.0
1996,2021-10-06 03:38:20,25200.0,600.0,1459500.0
1997,2021-10-06 03:38:14,25200.0,900.0,1458900.0
1998,2021-10-06 03:38:14,25200.0,100.0,1458000.0
1999,2021-10-06 03:38:14,25200.0,5100.0,1457900.0
2000,2021-10-06 03:38:12,25150.0,1000.0,1452800.0
2001,2021-10-06 03:38:12,25150.0,200.0,1451800.0
2002,2021-10-06 03:38:12,25150.0,3800.0,1451600.0
2003,2021-10-06 03:37:47,25200.0,600.0,1447800.0
2004,2021-10-06 03:37:41,25200.0,100.0,1447200.0
2005,2021-10-06 03:37:36,25200.0,300.0,1447100.0
2006,2021-10-06 03:37:18,25200.0,1000.0,1446800.0
2007,2021-10-06 03:37:16,25200.0,1000.0,1445800.0
2008,2021-10-06 03:37:11,25200.0,1000.0,1444800.0
2009,2021-10-06 03:37:10,25200.0,900.0,1443800.0
2010,2021-10-06 03:37:10,25200.0,100.0,1442900.0
2011,2021-10-06 03:37:06,25200.0,100.0,1442800.0
2012,2021-10-06 03:37:04,25200.0,1000.0,1442700.0
2013,2021-10-06 03:36:58,25200.0,200.0,1441700.0
2014,2021-10-06 03:36:47,25200.0,1600.0,1441500.0
2015,2021-10-06 03:36:47,25200.0,3400.0,1439900.0
2016,2021-10-06 03:36:41,25200.0,1500.0,1436500.0
2017,2021-10-06 03:36:36,25200.0,100.0,1435000.0
2018,2021-10-06 03:36:36,25200.0,500.0,1434900.0
2019,2021-10-06 03:36:36,25200.0,200.0,1434400.0
2020,2021-10-06 03:36:36,25200.0,300.0,1434200.0
2021,2021-10-06 03:36:36,25200.0,200.0,1433900.0
2022,2021-10-06 03:36:36,25200.0,200.0,1433700.0
2023,2021-10-06 03:36:36,25200.0,100.0,1433500.0
2024,2021-10-06 03:36:36,25200.0,500.0,1433400.0
2025,2021-10-06 03:36:36,25200.0,5000.0,1432900.0
2026,2021-10-06 03:36:36,25200.0,2900.0,1427900.0
2027,2021-10-06 03:36:30,25200.0,100.0,1425000.0
2028,2021-10-06 03:36:26,25150.0,300.0,1424900.0
2029,2021-10-06 03:36:26,25150.0,100.0,1424600.0
2030,2021-10-06 03:36:26,25150.0,3000.0,1424500.0
2031,2021-10-06 03:36:26,25150.0,100.0,1421500.0
2032,2021-10-06 03:36:26,25150.0,300.0,1421400.0
2033,2021-10-06 03:36:26,25150.0,2400.0,1421100.0
2034,2021-10-06 03:36:26,25150.0,100.0,1418700.0
2035,2021-10-06 03:36:21,25150.0,500.0,1418600.0
2036,2021-10-06 03:36:21,25150.0,600.0,1418100.0
2037,2021-10-06 03:36:21,25150.0,300.0,1417500.0
2038,2021-10-06 03:36:21,25150.0,1600.0,1417200.0
2039,2021-10-06 03:36:16,25150.0,700.0,1415600.0
2040,2021-10-06 03:36:16,25150.0,100.0,1414900.0
2041,2021-10-06 03:36:16,25150.0,1000.0,1414800.0
2042,2021-10-06 03:36:16,25150.0,300.0,1413800.0
2043,2021-10-06 03:36:16,25150.0,3000.0,1413500.0
2044,2021-10-06 03:36:16,25150.0,200.0,1410500.0
2045,2021-10-06 03:36:16,25150.0,5000.0,1410300.0
2046,2021-10-06 03:36:16,25150.0,200.0,1405300.0
2047,2021-10-06 03:36:16,25150.0,200.0,1405100.0
2048,2021-10-06 03:36:16,25150.0,1200.0,1404900.0
