,Time,Price,Volume_per_trade,Volume
0,2021-10-19 14:45:03,31100.0,5200.0,210619.0
1,2021-10-19 14:28:40,31100.0,600.0,205419.0
2,2021-10-19 14:28:18,31100.0,200.0,204819.0
3,2021-10-19 14:27:33,31100.0,100.0,204619.0
4,2021-10-19 14:24:31,31100.0,1000.0,204519.0
5,2021-10-19 14:23:54,31100.0,1000.0,203519.0
6,2021-10-19 14:23:40,31100.0,600.0,202519.0
7,2021-10-19 14:23:27,31100.0,200.0,201919.0
8,2021-10-19 14:23:05,31100.0,700.0,201719.0
9,2021-10-19 14:20:25,31200.0,1400.0,201019.0
10,2021-10-19 14:17:08,31300.0,700.0,199619.0
11,2021-10-19 14:15:19,31300.0,300.0,198919.0
12,2021-10-19 14:14:05,31200.0,100.0,198619.0
13,2021-10-19 14:13:58,31200.0,100.0,198519.0
14,2021-10-19 14:13:22,31200.0,900.0,198419.0
15,2021-10-19 14:06:09,31200.0,100.0,197519.0
16,2021-10-19 14:06:06,31200.0,100.0,197419.0
17,2021-10-19 14:01:59,31200.0,1000.0,197319.0
18,2021-10-19 14:01:07,31200.0,1000.0,196319.0
19,2021-10-19 13:56:57,31300.0,400.0,195319.0
20,2021-10-19 13:55:58,31300.0,400.0,194919.0
21,2021-10-19 13:55:08,31300.0,200.0,194519.0
22,2021-10-19 13:54:21,31200.0,200.0,194319.0
23,2021-10-19 13:53:30,31100.0,400.0,194119.0
24,2021-10-19 13:52:30,31200.0,3000.0,193719.0
25,2021-10-19 13:51:09,31200.0,100.0,190719.0
26,2021-10-19 13:50:25,31200.0,500.0,190619.0
27,2021-10-19 13:50:14,31200.0,1900.0,190119.0
28,2021-10-19 13:50:13,31200.0,500.0,188219.0
29,2021-10-19 13:48:46,31300.0,300.0,187719.0
30,2021-10-19 13:48:34,31300.0,100.0,187419.0
31,2021-10-19 13:47:50,31300.0,3900.0,187319.0
32,2021-10-19 13:47:49,31300.0,100.0,183419.0
33,2021-10-19 13:47:21,31300.0,200.0,183319.0
34,2021-10-19 13:45:23,31300.0,2000.0,183119.0
35,2021-10-19 13:43:07,31400.0,300.0,181119.0
36,2021-10-19 13:42:23,31400.0,1200.0,180819.0
37,2021-10-19 13:38:23,31400.0,500.0,179619.0
38,2021-10-19 13:31:52,31400.0,1500.0,179119.0
39,2021-10-19 13:29:11,31400.0,100.0,177619.0
40,2021-10-19 13:27:56,31400.0,5400.0,177519.0
41,2021-10-19 13:26:05,31400.0,300.0,172119.0
42,2021-10-19 13:25:31,31200.0,100.0,171819.0
43,2021-10-19 13:24:27,31200.0,200.0,171719.0
44,2021-10-19 13:23:18,31200.0,6000.0,171519.0
45,2021-10-19 13:23:15,31300.0,1000.0,165519.0
46,2021-10-19 13:22:00,31300.0,200.0,164519.0
47,2021-10-19 13:21:47,31300.0,800.0,164319.0
48,2021-10-19 13:21:41,31300.0,1000.0,163519.0
49,2021-10-19 13:21:20,31300.0,5000.0,162519.0
50,2021-10-19 13:19:01,31300.0,9.0,157519.0
51,2021-10-19 13:18:49,31300.0,100.0,157510.0
52,2021-10-19 13:18:07,31400.0,200.0,157410.0
53,2021-10-19 13:17:45,31400.0,200.0,157210.0
54,2021-10-19 13:15:46,31400.0,200.0,157010.0
55,2021-10-19 13:12:25,31400.0,300.0,156810.0
56,2021-10-19 13:12:10,31400.0,500.0,156510.0
57,2021-10-19 13:11:38,31400.0,500.0,156010.0
58,2021-10-19 13:11:35,31400.0,500.0,155510.0
59,2021-10-19 13:11:01,31400.0,300.0,155010.0
60,2021-10-19 13:10:48,31300.0,500.0,154710.0
61,2021-10-19 13:08:54,31300.0,100.0,154210.0
62,2021-10-19 13:00:09,31300.0,100.0,154110.0
63,2021-10-19 13:00:06,31400.0,900.0,154010.0
64,2021-10-19 13:00:03,31400.0,300.0,153110.0
65,2021-10-19 11:27:46,31300.0,2000.0,152810.0
66,2021-10-19 11:25:23,31300.0,200.0,150810.0
67,2021-10-19 11:21:07,31400.0,500.0,150610.0
68,2021-10-19 11:20:01,31400.0,1300.0,150110.0
69,2021-10-19 11:20:00,31400.0,1000.0,148810.0
70,2021-10-19 11:19:15,31400.0,1000.0,147810.0
71,2021-10-19 11:19:01,31400.0,500.0,146810.0
72,2021-10-19 11:15:56,31400.0,1000.0,146310.0
73,2021-10-19 11:09:47,31400.0,500.0,145310.0
74,2021-10-19 11:08:50,31400.0,500.0,144810.0
75,2021-10-19 11:07:56,31400.0,100.0,144310.0
76,2021-10-19 11:07:51,31400.0,1000.0,144210.0
77,2021-10-19 11:05:54,31400.0,800.0,143210.0
78,2021-10-19 11:05:32,31400.0,2000.0,142410.0
79,2021-10-19 10:54:48,31400.0,100.0,140410.0
80,2021-10-19 10:50:03,31400.0,5.0,140310.0
81,2021-10-19 10:47:55,31400.0,100.0,140305.0
82,2021-10-19 10:45:58,31400.0,300.0,140205.0
83,2021-10-19 10:45:20,31400.0,800.0,139905.0
84,2021-10-19 10:44:36,31400.0,200.0,139105.0
85,2021-10-19 10:43:35,31400.0,100.0,138905.0
86,2021-10-19 10:42:23,31400.0,500.0,138805.0
87,2021-10-19 10:41:34,31400.0,500.0,138305.0
88,2021-10-19 10:38:27,31400.0,200.0,137805.0
89,2021-10-19 10:38:01,31400.0,200.0,137605.0
90,2021-10-19 10:37:17,31400.0,200.0,137405.0
91,2021-10-19 10:35:50,31400.0,500.0,137205.0
92,2021-10-19 10:32:15,31300.0,200.0,136705.0
93,2021-10-19 10:30:18,31300.0,800.0,136505.0
94,2021-10-19 10:27:13,31300.0,1500.0,135705.0
95,2021-10-19 10:25:51,31300.0,1000.0,134205.0
96,2021-10-19 10:23:05,31400.0,200.0,133205.0
97,2021-10-19 10:22:01,31400.0,700.0,133005.0
98,2021-10-19 10:21:26,31400.0,1000.0,132305.0
99,2021-10-19 10:20:15,31400.0,200.0,131305.0
100,2021-10-19 10:19:54,31400.0,100.0,131105.0
101,2021-10-19 10:16:11,31400.0,2000.0,131005.0
102,2021-10-19 10:16:00,31400.0,700.0,129005.0
103,2021-10-19 10:14:27,31400.0,100.0,128305.0
104,2021-10-19 10:12:37,31400.0,2000.0,128205.0
105,2021-10-19 10:10:47,31500.0,1000.0,126205.0
106,2021-10-19 10:09:39,31500.0,900.0,125205.0
107,2021-10-19 10:09:11,31500.0,1500.0,124305.0
108,2021-10-19 10:07:18,31500.0,1000.0,122805.0
109,2021-10-19 10:05:31,31500.0,3000.0,121805.0
110,2021-10-19 10:05:20,31500.0,200.0,118805.0
111,2021-10-19 10:03:14,31500.0,5.0,118605.0
112,2021-10-19 10:02:49,31500.0,800.0,118600.0
113,2021-10-19 10:02:18,31500.0,400.0,117800.0
114,2021-10-19 10:02:14,31600.0,100.0,117400.0
115,2021-10-19 10:01:15,31600.0,500.0,117300.0
116,2021-10-19 10:01:13,31600.0,100.0,116800.0
117,2021-10-19 10:01:08,31600.0,2300.0,116700.0
118,2021-10-19 09:59:52,31600.0,200.0,114400.0
119,2021-10-19 09:59:12,31600.0,500.0,114200.0
120,2021-10-19 09:58:25,31600.0,400.0,113700.0
121,2021-10-19 09:57:56,31600.0,3100.0,113300.0
122,2021-10-19 09:54:11,31600.0,600.0,110200.0
123,2021-10-19 09:54:08,31600.0,2000.0,109600.0
124,2021-10-19 09:52:58,31600.0,100.0,107600.0
125,2021-10-19 09:52:40,31600.0,1400.0,107500.0
126,2021-10-19 09:50:50,31600.0,800.0,106100.0
127,2021-10-19 09:49:46,31600.0,400.0,105300.0
128,2021-10-19 09:49:41,31600.0,600.0,104900.0
129,2021-10-19 09:49:32,31600.0,100.0,104300.0
130,2021-10-19 09:49:22,31600.0,300.0,104200.0
131,2021-10-19 09:48:59,31500.0,300.0,103900.0
132,2021-10-19 09:48:31,31500.0,11500.0,103600.0
133,2021-10-19 09:48:09,31500.0,3000.0,92100.0
134,2021-10-19 09:48:05,31500.0,1000.0,89100.0
135,2021-10-19 09:48:02,31500.0,100.0,88100.0
136,2021-10-19 09:47:22,31500.0,200.0,88000.0
137,2021-10-19 09:46:22,31600.0,200.0,87800.0
138,2021-10-19 09:45:46,31600.0,100.0,87600.0
139,2021-10-19 09:42:17,31600.0,100.0,87500.0
140,2021-10-19 09:39:50,31600.0,400.0,87400.0
141,2021-10-19 09:39:45,31600.0,200.0,87000.0
142,2021-10-19 09:38:43,31600.0,100.0,86800.0
143,2021-10-19 09:37:46,31600.0,300.0,86700.0
144,2021-10-19 09:36:54,31600.0,500.0,86400.0
145,2021-10-19 09:36:34,31600.0,4000.0,85900.0
146,2021-10-19 09:36:32,31700.0,200.0,81900.0
147,2021-10-19 09:36:18,31700.0,1000.0,81700.0
148,2021-10-19 09:36:05,31700.0,100.0,80700.0
149,2021-10-19 09:36:00,31700.0,200.0,80600.0
150,2021-10-19 09:35:40,31700.0,1300.0,80400.0
151,2021-10-19 09:35:29,31700.0,1000.0,79100.0
152,2021-10-19 09:34:19,31700.0,100.0,78100.0
153,2021-10-19 09:33:28,31700.0,200.0,78000.0
154,2021-10-19 09:33:25,31700.0,500.0,77800.0
155,2021-10-19 09:33:10,31700.0,500.0,77300.0
156,2021-10-19 09:33:02,31700.0,1300.0,76800.0
157,2021-10-19 09:32:41,31700.0,2000.0,75500.0
158,2021-10-19 09:32:38,31800.0,4500.0,73500.0
159,2021-10-19 09:32:34,31800.0,200.0,69000.0
160,2021-10-19 09:32:29,31800.0,100.0,68800.0
161,2021-10-19 09:31:40,31800.0,100.0,68700.0
162,2021-10-19 09:31:36,31800.0,100.0,68600.0
163,2021-10-19 09:31:23,31800.0,500.0,68500.0
164,2021-10-19 09:30:58,31700.0,400.0,68000.0
165,2021-10-19 09:30:54,31700.0,3400.0,67600.0
166,2021-10-19 09:30:52,31600.0,100.0,64200.0
167,2021-10-19 09:30:15,31600.0,400.0,64100.0
168,2021-10-19 09:29:44,31500.0,500.0,63700.0
169,2021-10-19 09:29:08,31500.0,1000.0,63200.0
170,2021-10-19 09:29:03,31600.0,1000.0,62200.0
171,2021-10-19 09:28:11,31500.0,1200.0,61200.0
172,2021-10-19 09:27:45,31500.0,100.0,60000.0
173,2021-10-19 09:27:05,31400.0,1000.0,59900.0
174,2021-10-19 09:26:56,31500.0,7000.0,58900.0
175,2021-10-19 09:26:54,31400.0,300.0,51900.0
176,2021-10-19 09:26:28,31500.0,700.0,51600.0
177,2021-10-19 09:26:22,31500.0,200.0,50900.0
178,2021-10-19 09:26:13,31500.0,1300.0,50700.0
179,2021-10-19 09:25:46,31500.0,600.0,49400.0
180,2021-10-19 09:25:34,31500.0,300.0,48800.0
181,2021-10-19 09:25:33,31500.0,1500.0,48500.0
182,2021-10-19 09:25:29,31400.0,500.0,47000.0
183,2021-10-19 09:25:26,31500.0,300.0,46500.0
184,2021-10-19 09:24:40,31500.0,100.0,46200.0
185,2021-10-19 09:24:08,31500.0,1900.0,46100.0
186,2021-10-19 09:23:48,31300.0,200.0,44200.0
187,2021-10-19 09:23:45,31300.0,200.0,44000.0
188,2021-10-19 09:23:10,31300.0,100.0,43800.0
189,2021-10-19 09:23:06,31300.0,3500.0,43700.0
190,2021-10-19 09:22:42,31300.0,1000.0,40200.0
191,2021-10-19 09:22:25,31300.0,1000.0,39200.0
192,2021-10-19 09:22:06,31200.0,100.0,38200.0
193,2021-10-19 09:21:41,31300.0,100.0,38100.0
194,2021-10-19 09:21:30,31500.0,800.0,38000.0
195,2021-10-19 09:21:23,31500.0,100.0,37200.0
196,2021-10-19 09:21:20,31500.0,100.0,37100.0
197,2021-10-19 09:21:17,31500.0,100.0,37000.0
198,2021-10-19 09:21:14,31500.0,400.0,36900.0
199,2021-10-19 09:21:09,31500.0,1000.0,36500.0
200,2021-10-19 09:21:04,31500.0,600.0,35500.0
201,2021-10-19 09:21:02,31500.0,300.0,34900.0
202,2021-10-19 09:20:58,31500.0,100.0,34600.0
203,2021-10-19 09:20:55,31500.0,600.0,34500.0
204,2021-10-19 09:20:48,31500.0,100.0,33900.0
205,2021-10-19 09:20:27,31600.0,100.0,33800.0
206,2021-10-19 09:20:26,31500.0,1000.0,33700.0
207,2021-10-19 09:20:08,31600.0,100.0,32700.0
208,2021-10-19 09:19:47,31700.0,100.0,32600.0
209,2021-10-19 09:18:59,31700.0,100.0,32500.0
210,2021-10-19 09:17:54,31800.0,100.0,32400.0
211,2021-10-19 09:16:35,31900.0,2000.0,32300.0
212,2021-10-19 09:16:27,31800.0,200.0,30300.0
213,2021-10-19 09:15:19,31900.0,100.0,30100.0
214,2021-10-19 09:15:11,31900.0,900.0,30000.0
215,2021-10-19 09:15:09,31900.0,100.0,29100.0
216,2021-10-19 09:14:56,31900.0,3000.0,29000.0
217,2021-10-19 09:14:38,31900.0,300.0,26000.0
218,2021-10-19 09:14:19,31900.0,1700.0,25700.0
219,2021-10-19 09:14:16,31900.0,3700.0,24000.0
220,2021-10-19 09:14:09,31800.0,200.0,20300.0
221,2021-10-19 09:14:01,31800.0,1600.0,20100.0
222,2021-10-19 09:13:49,31700.0,100.0,18500.0
223,2021-10-19 09:13:37,31700.0,2500.0,18400.0
224,2021-10-19 09:13:23,31700.0,200.0,15900.0
225,2021-10-19 09:13:14,31700.0,300.0,15700.0
226,2021-10-19 09:13:00,31700.0,400.0,15400.0
227,2021-10-19 09:12:33,31600.0,100.0,15000.0
228,2021-10-19 09:12:31,31600.0,1000.0,14900.0
229,2021-10-19 09:12:07,31500.0,4300.0,13900.0
230,2021-10-19 09:08:46,31200.0,300.0,9600.0
231,2021-10-19 09:06:38,31100.0,1600.0,9300.0
232,2021-10-19 09:04:53,31100.0,300.0,7700.0
233,2021-10-19 09:04:31,31100.0,3500.0,7400.0
234,2021-10-19 09:03:07,31200.0,100.0,3900.0
235,2021-10-19 09:03:06,31200.0,800.0,3800.0
236,2021-10-19 09:02:53,31200.0,1000.0,3000.0
237,2021-10-19 09:02:44,31100.0,200.0,2000.0
238,2021-10-19 09:02:07,31200.0,500.0,1800.0
239,2021-10-19 09:01:13,31200.0,1300.0,1300.0
