,Time,Price,Volume_per_trade,Volume
0,2021-10-06 14:57:39,37000.0,100.0,357608.0
1,2021-10-06 14:45:02,37000.0,17100.0,357508.0
2,2021-10-06 14:29:58,37000.0,700.0,340408.0
3,2021-10-06 14:29:55,37000.0,5000.0,339708.0
4,2021-10-06 14:29:44,37000.0,1000.0,334708.0
5,2021-10-06 14:29:41,37000.0,3300.0,333708.0
6,2021-10-06 14:29:06,37000.0,100.0,330408.0
7,2021-10-06 14:28:49,37100.0,8000.0,330308.0
8,2021-10-06 14:28:30,37000.0,4000.0,322308.0
9,2021-10-06 14:27:50,37000.0,5000.0,318308.0
10,2021-10-06 14:27:39,36000.0,1000.0,313308.0
11,2021-10-06 14:27:38,36900.0,100.0,312308.0
12,2021-10-06 14:27:35,36400.0,300.0,312208.0
13,2021-10-06 14:27:26,36400.0,1300.0,311908.0
14,2021-10-06 14:27:24,36000.0,3000.0,310608.0
15,2021-10-06 14:27:20,36000.0,500.0,307608.0
16,2021-10-06 14:27:17,36000.0,500.0,307108.0
17,2021-10-06 14:27:13,36000.0,200.0,306608.0
18,2021-10-06 14:27:04,36000.0,10000.0,306408.0
19,2021-10-06 14:27:00,35600.0,300.0,296408.0
20,2021-10-06 14:26:52,35600.0,1000.0,296108.0
21,2021-10-06 14:26:51,35600.0,700.0,295108.0
22,2021-10-06 14:26:44,35500.0,800.0,294408.0
23,2021-10-06 14:26:39,35400.0,5500.0,293608.0
24,2021-10-06 14:26:27,35400.0,6700.0,288108.0
25,2021-10-06 14:26:19,35000.0,1000.0,281408.0
26,2021-10-06 14:26:13,35000.0,3000.0,280408.0
27,2021-10-06 14:25:57,35000.0,5000.0,277408.0
28,2021-10-06 14:25:46,35000.0,200.0,272408.0
29,2021-10-06 14:25:39,35000.0,2000.0,272208.0
30,2021-10-06 14:25:38,35000.0,900.0,270208.0
31,2021-10-06 14:25:13,35000.0,100.0,269308.0
32,2021-10-06 14:24:51,35000.0,200.0,269208.0
33,2021-10-06 14:24:09,35000.0,10000.0,269008.0
34,2021-10-06 14:23:00,34000.0,100.0,259008.0
35,2021-10-06 14:22:55,34000.0,3300.0,258908.0
36,2021-10-06 14:21:49,33900.0,4100.0,255608.0
37,2021-10-06 14:21:36,33900.0,2000.0,251508.0
38,2021-10-06 14:21:21,33800.0,600.0,249508.0
39,2021-10-06 14:21:15,33800.0,2000.0,248908.0
40,2021-10-06 14:21:07,33800.0,5000.0,246908.0
41,2021-10-06 14:20:56,33800.0,2000.0,241908.0
42,2021-10-06 14:20:48,33700.0,1000.0,239908.0
43,2021-10-06 14:20:47,33700.0,2100.0,238908.0
44,2021-10-06 14:20:14,33600.0,900.0,236808.0
45,2021-10-06 14:20:07,33700.0,2000.0,235908.0
46,2021-10-06 14:19:37,33600.0,400.0,233908.0
47,2021-10-06 14:19:17,33500.0,2600.0,233508.0
48,2021-10-06 14:19:01,33400.0,1500.0,230908.0
49,2021-10-06 14:18:44,33000.0,500.0,229408.0
50,2021-10-06 14:17:49,33000.0,500.0,228908.0
51,2021-10-06 14:17:15,33000.0,4100.0,228408.0
52,2021-10-06 14:16:23,32900.0,1300.0,224308.0
53,2021-10-06 14:16:19,32900.0,2000.0,223008.0
54,2021-10-06 14:16:17,32600.0,4700.0,221008.0
55,2021-10-06 14:15:23,32600.0,200.0,216308.0
56,2021-10-06 14:14:51,32700.0,400.0,216108.0
57,2021-10-06 14:13:02,32700.0,100.0,215708.0
58,2021-10-06 14:07:23,32800.0,900.0,215608.0
59,2021-10-06 14:06:40,32800.0,2000.0,214708.0
60,2021-10-06 14:04:26,32600.0,2900.0,212708.0
61,2021-10-06 14:02:56,32600.0,400.0,209808.0
62,2021-10-06 14:02:35,32700.0,100.0,209408.0
63,2021-10-06 14:00:32,32800.0,300.0,209308.0
64,2021-10-06 13:58:39,32800.0,1700.0,209008.0
65,2021-10-06 13:58:08,32700.0,1000.0,207308.0
66,2021-10-06 13:54:35,32600.0,1000.0,206308.0
67,2021-10-06 13:54:08,32600.0,1000.0,205308.0
68,2021-10-06 13:53:43,32600.0,1000.0,204308.0
69,2021-10-06 13:53:06,32600.0,100.0,203308.0
70,2021-10-06 13:52:19,32600.0,100.0,203208.0
71,2021-10-06 13:51:21,32600.0,5000.0,203108.0
72,2021-10-06 13:50:16,32500.0,3000.0,198108.0
73,2021-10-06 13:48:15,32800.0,200.0,195108.0
74,2021-10-06 13:48:11,32800.0,100.0,194908.0
75,2021-10-06 13:40:18,32800.0,1000.0,194808.0
76,2021-10-06 13:39:20,32500.0,2800.0,193808.0
77,2021-10-06 13:35:41,32500.0,200.0,191008.0
78,2021-10-06 13:32:27,32500.0,100.0,190808.0
79,2021-10-06 13:32:08,32500.0,200.0,190708.0
80,2021-10-06 13:30:26,32500.0,100.0,190508.0
81,2021-10-06 13:27:00,32500.0,500.0,190408.0
82,2021-10-06 13:24:56,32500.0,3000.0,189908.0
83,2021-10-06 13:24:29,32500.0,5000.0,186908.0
84,2021-10-06 13:21:55,32500.0,100.0,181908.0
85,2021-10-06 13:19:35,32500.0,5500.0,181808.0
86,2021-10-06 13:18:40,32800.0,2000.0,176308.0
87,2021-10-06 13:18:12,32800.0,5000.0,174308.0
88,2021-10-06 13:17:23,32600.0,300.0,169308.0
89,2021-10-06 13:17:02,32600.0,700.0,169008.0
90,2021-10-06 13:06:11,32800.0,200.0,168308.0
91,2021-10-06 13:04:31,32800.0,500.0,168108.0
92,2021-10-06 13:02:37,32800.0,5000.0,167608.0
93,2021-10-06 13:01:21,32500.0,300.0,162608.0
94,2021-10-06 13:00:07,32500.0,300.0,162308.0
95,2021-10-06 13:00:01,32500.0,4400.0,162008.0
96,2021-10-06 11:29:32,32600.0,8.0,157608.0
97,2021-10-06 11:28:40,32600.0,6000.0,157600.0
98,2021-10-06 11:26:19,32800.0,300.0,151600.0
99,2021-10-06 11:23:53,33000.0,100.0,151300.0
100,2021-10-06 11:21:32,33000.0,800.0,151200.0
101,2021-10-06 11:21:05,33000.0,2000.0,150400.0
102,2021-10-06 11:19:55,33000.0,400.0,148400.0
103,2021-10-06 11:18:32,33000.0,500.0,148000.0
104,2021-10-06 11:17:24,33000.0,8000.0,147500.0
105,2021-10-06 11:14:39,32800.0,200.0,139500.0
106,2021-10-06 11:10:53,32400.0,900.0,139300.0
107,2021-10-06 11:10:47,32400.0,2000.0,138400.0
108,2021-10-06 11:10:08,32400.0,4100.0,136400.0
109,2021-10-06 11:09:23,32800.0,100.0,132300.0
110,2021-10-06 11:03:42,32400.0,100.0,132200.0
111,2021-10-06 11:03:34,32400.0,300.0,132100.0
112,2021-10-06 11:03:19,32400.0,500.0,131800.0
113,2021-10-06 11:03:14,32400.0,500.0,131300.0
114,2021-10-06 11:03:13,32400.0,1000.0,130800.0
115,2021-10-06 11:02:53,32400.0,2000.0,129800.0
116,2021-10-06 11:01:34,32400.0,5800.0,127800.0
117,2021-10-06 10:55:28,32400.0,100.0,122000.0
118,2021-10-06 10:54:07,33000.0,800.0,121900.0
119,2021-10-06 10:52:54,33000.0,100.0,121100.0
120,2021-10-06 10:51:04,33000.0,800.0,121000.0
121,2021-10-06 10:50:34,33000.0,200.0,120200.0
122,2021-10-06 10:49:40,33000.0,100.0,120000.0
123,2021-10-06 10:49:32,33000.0,1000.0,119900.0
124,2021-10-06 10:49:25,33000.0,900.0,118900.0
125,2021-10-06 10:48:36,33000.0,100.0,118000.0
126,2021-10-06 10:48:26,33000.0,200.0,117900.0
127,2021-10-06 10:46:52,33000.0,2000.0,117700.0
128,2021-10-06 10:45:38,32300.0,200.0,115700.0
129,2021-10-06 10:44:45,32500.0,800.0,115500.0
130,2021-10-06 10:44:10,32500.0,7300.0,114700.0
131,2021-10-06 10:42:05,32800.0,1000.0,107400.0
132,2021-10-06 10:40:41,33000.0,2000.0,106400.0
133,2021-10-06 10:40:22,33000.0,1000.0,104400.0
134,2021-10-06 10:32:58,32800.0,3000.0,103400.0
135,2021-10-06 10:30:24,33000.0,500.0,100400.0
136,2021-10-06 10:23:19,33000.0,3000.0,99900.0
137,2021-10-06 10:21:18,33000.0,500.0,96900.0
138,2021-10-06 10:21:08,33000.0,1000.0,96400.0
139,2021-10-06 10:19:27,33000.0,5000.0,95400.0
140,2021-10-06 10:14:54,33600.0,500.0,90400.0
141,2021-10-06 10:14:51,33000.0,100.0,89900.0
142,2021-10-06 10:14:35,33000.0,2000.0,89800.0
143,2021-10-06 10:14:30,33000.0,5000.0,87800.0
144,2021-10-06 10:13:30,32800.0,100.0,82800.0
145,2021-10-06 10:13:06,32800.0,5000.0,82700.0
146,2021-10-06 10:12:26,33000.0,1900.0,77700.0
147,2021-10-06 10:10:47,33000.0,8000.0,75800.0
148,2021-10-06 10:03:09,33800.0,100.0,67800.0
149,2021-10-06 10:00:01,33800.0,5000.0,67700.0
150,2021-10-06 09:58:44,33800.0,500.0,62700.0
151,2021-10-06 09:58:26,33800.0,4000.0,62200.0
152,2021-10-06 09:58:09,33300.0,1300.0,58200.0
153,2021-10-06 09:57:51,33300.0,2000.0,56900.0
154,2021-10-06 09:57:16,33100.0,200.0,54900.0
155,2021-10-06 09:55:54,33300.0,1000.0,54700.0
156,2021-10-06 09:55:53,33300.0,200.0,53700.0
157,2021-10-06 09:54:56,33300.0,800.0,53500.0
158,2021-10-06 09:54:40,33300.0,2000.0,52700.0
159,2021-10-06 09:54:12,33000.0,500.0,50700.0
160,2021-10-06 09:53:59,33300.0,2000.0,50200.0
161,2021-10-06 09:53:02,33000.0,800.0,48200.0
162,2021-10-06 09:52:40,33000.0,1000.0,47400.0
163,2021-10-06 09:52:04,33000.0,200.0,46400.0
164,2021-10-06 09:47:19,32800.0,100.0,46200.0
165,2021-10-06 09:45:52,32800.0,100.0,46100.0
166,2021-10-06 09:39:35,32800.0,1000.0,46000.0
167,2021-10-06 09:37:45,32800.0,2000.0,45000.0
168,2021-10-06 09:35:22,33000.0,100.0,43000.0
169,2021-10-06 09:35:04,33000.0,200.0,42900.0
170,2021-10-06 09:34:43,33000.0,1000.0,42700.0
171,2021-10-06 09:34:36,32800.0,500.0,41700.0
172,2021-10-06 09:33:56,32800.0,2000.0,41200.0
173,2021-10-06 09:33:21,33000.0,100.0,39200.0
174,2021-10-06 09:33:05,33000.0,1100.0,39100.0
175,2021-10-06 09:32:29,33000.0,500.0,38000.0
176,2021-10-06 09:32:09,33000.0,3000.0,37500.0
177,2021-10-06 09:32:05,33500.0,100.0,34500.0
178,2021-10-06 09:30:44,33200.0,1200.0,34400.0
179,2021-10-06 09:30:20,33200.0,2700.0,33200.0
180,2021-10-06 09:30:00,33300.0,200.0,30500.0
181,2021-10-06 09:29:59,33500.0,100.0,30300.0
182,2021-10-06 09:29:36,33500.0,100.0,30200.0
183,2021-10-06 09:26:41,33500.0,400.0,30100.0
184,2021-10-06 09:26:36,33500.0,2000.0,29700.0
185,2021-10-06 09:25:58,33500.0,600.0,27700.0
186,2021-10-06 09:25:55,33500.0,200.0,27100.0
187,2021-10-06 09:23:34,33500.0,100.0,26900.0
188,2021-10-06 09:22:50,33500.0,1000.0,26800.0
189,2021-10-06 09:22:26,33500.0,100.0,25800.0
190,2021-10-06 09:21:09,33900.0,400.0,25700.0
191,2021-10-06 09:19:38,33900.0,600.0,25300.0
192,2021-10-06 09:19:16,33900.0,400.0,24700.0
193,2021-10-06 09:19:12,33900.0,2000.0,24300.0
194,2021-10-06 09:18:55,33900.0,5000.0,22300.0
195,2021-10-06 09:18:35,33900.0,10000.0,17300.0
196,2021-10-06 09:17:14,33000.0,300.0,7300.0
197,2021-10-06 09:16:43,33000.0,300.0,7000.0
198,2021-10-06 09:16:11,33000.0,400.0,6700.0
199,2021-10-06 09:14:16,33000.0,300.0,6300.0
200,2021-10-06 09:13:28,32800.0,500.0,6000.0
201,2021-10-06 09:12:46,33100.0,1500.0,5500.0
202,2021-10-06 09:11:19,33800.0,1300.0,4000.0
203,2021-10-06 09:07:20,33800.0,500.0,2700.0
204,2021-10-06 09:00:53,33800.0,1400.0,2200.0
205,2021-10-06 09:00:43,33800.0,500.0,800.0
206,2021-10-06 09:00:36,33800.0,100.0,300.0
207,2021-10-06 09:00:05,31100.0,200.0,200.0
