,Time,Price,Volume_per_trade,Volume
0,2021-10-21 07:45:01,112200.0,400.0,1640500.0
1,2021-10-21 07:45:01,112200.0,2000.0,1640100.0
2,2021-10-21 07:45:01,112200.0,26100.0,1638100.0
3,2021-10-21 07:45:01,112200.0,100.0,1612000.0
4,2021-10-21 07:45:01,112200.0,100.0,1611900.0
5,2021-10-21 07:45:01,112200.0,100.0,1611800.0
6,2021-10-21 07:45:01,112200.0,100.0,1611700.0
7,2021-10-21 07:45:01,112200.0,100.0,1611600.0
8,2021-10-21 07:45:01,112200.0,300.0,1611500.0
9,2021-10-21 07:45:01,112200.0,100.0,1611200.0
10,2021-10-21 07:45:01,112200.0,600.0,1611100.0
11,2021-10-21 07:45:01,112200.0,1000.0,1610500.0
12,2021-10-21 07:45:01,112200.0,1000.0,1609500.0
13,2021-10-21 07:45:01,112200.0,100.0,1608500.0
14,2021-10-21 07:45:01,112200.0,500.0,1608400.0
15,2021-10-21 07:45:01,112200.0,200.0,1607900.0
16,2021-10-21 07:45:01,112200.0,1000.0,1607700.0
17,2021-10-21 07:45:01,112200.0,100.0,1606700.0
18,2021-10-21 07:45:01,112200.0,10000.0,1606600.0
19,2021-10-21 07:45:01,112200.0,200.0,1596600.0
20,2021-10-21 07:45:01,112200.0,3000.0,1596400.0
21,2021-10-21 07:45:01,112200.0,100.0,1593400.0
22,2021-10-21 07:45:01,112200.0,100.0,1593300.0
23,2021-10-21 07:45:01,112200.0,2000.0,1593200.0
24,2021-10-21 07:45:01,112200.0,100.0,1591200.0
25,2021-10-21 07:45:01,112200.0,100.0,1591100.0
26,2021-10-21 07:45:01,112200.0,6000.0,1591000.0
27,2021-10-21 07:45:01,112200.0,300.0,1585000.0
28,2021-10-21 07:45:01,112200.0,100.0,1584700.0
29,2021-10-21 07:45:01,112200.0,1000.0,1584600.0
30,2021-10-21 07:45:01,112200.0,500.0,1583600.0
31,2021-10-21 07:45:01,112200.0,500.0,1583100.0
32,2021-10-21 07:45:01,112200.0,100.0,1582600.0
33,2021-10-21 07:45:01,112200.0,100.0,1582500.0
34,2021-10-21 07:45:01,112200.0,4300.0,1582400.0
35,2021-10-21 07:45:01,112200.0,5700.0,1578100.0
36,2021-10-21 07:45:01,112200.0,2300.0,1572400.0
37,2021-10-21 07:45:01,112200.0,1700.0,1570100.0
38,2021-10-21 07:45:01,112200.0,400.0,1568400.0
39,2021-10-21 07:45:01,112200.0,100.0,1568000.0
40,2021-10-21 07:45:01,112200.0,200.0,1567900.0
41,2021-10-21 07:45:01,112200.0,300.0,1567700.0
42,2021-10-21 07:45:01,112200.0,500.0,1567400.0
43,2021-10-21 07:45:01,112200.0,1000.0,1566900.0
44,2021-10-21 07:45:01,112200.0,200.0,1565900.0
45,2021-10-21 07:45:01,112200.0,3200.0,1565700.0
46,2021-10-21 07:45:01,112200.0,100.0,1562500.0
47,2021-10-21 07:45:01,112200.0,1200.0,1562400.0
48,2021-10-21 07:45:01,112200.0,1100.0,1561200.0
49,2021-10-21 07:45:01,112200.0,100.0,1560100.0
50,2021-10-21 07:45:01,112200.0,500.0,1560000.0
51,2021-10-21 07:45:01,112200.0,1300.0,1559500.0
52,2021-10-21 07:45:01,112200.0,1000.0,1558200.0
53,2021-10-21 07:45:01,112200.0,4700.0,1557200.0
54,2021-10-21 07:45:01,112200.0,2000.0,1552500.0
55,2021-10-21 07:45:01,112200.0,100.0,1550500.0
56,2021-10-21 07:45:01,112200.0,400.0,1550400.0
57,2021-10-21 07:45:01,112200.0,200.0,1550000.0
58,2021-10-21 07:45:01,112200.0,200.0,1549800.0
59,2021-10-21 07:45:01,112200.0,3000.0,1549600.0
60,2021-10-21 07:45:01,112200.0,1300.0,1546600.0
61,2021-10-21 07:45:01,112200.0,500.0,1545300.0
62,2021-10-21 07:45:01,112200.0,1500.0,1544800.0
63,2021-10-21 07:45:01,112200.0,300.0,1543300.0
64,2021-10-21 07:45:01,112200.0,100.0,1543000.0
65,2021-10-21 07:45:01,112200.0,100.0,1542900.0
66,2021-10-21 07:45:01,112200.0,100.0,1542800.0
67,2021-10-21 07:45:01,112200.0,1000.0,1542700.0
68,2021-10-21 07:45:01,112200.0,500.0,1541700.0
69,2021-10-21 07:45:01,112200.0,100.0,1541200.0
70,2021-10-21 07:45:01,112200.0,2000.0,1541100.0
71,2021-10-21 07:45:01,112200.0,100.0,1539100.0
72,2021-10-21 07:45:01,112200.0,2000.0,1539000.0
73,2021-10-21 07:45:01,112200.0,400.0,1537000.0
74,2021-10-21 07:45:01,112200.0,800.0,1536600.0
75,2021-10-21 07:45:01,112200.0,900.0,1535800.0
76,2021-10-21 07:45:01,112200.0,12000.0,1534900.0
77,2021-10-21 07:45:01,112200.0,100.0,1522900.0
78,2021-10-21 07:45:01,112200.0,500.0,1522800.0
79,2021-10-21 07:45:01,112200.0,1400.0,1522300.0
80,2021-10-21 07:45:01,112200.0,2000.0,1520900.0
81,2021-10-21 07:45:01,112200.0,100.0,1518900.0
82,2021-10-21 07:45:01,112200.0,7800.0,1518800.0
83,2021-10-21 07:45:01,112200.0,1500.0,1511000.0
84,2021-10-21 07:45:01,112200.0,100.0,1509500.0
85,2021-10-21 07:45:01,112200.0,500.0,1509400.0
86,2021-10-21 07:45:01,112200.0,100.0,1508900.0
87,2021-10-21 07:45:01,112200.0,300.0,1508800.0
88,2021-10-21 07:45:01,112200.0,200.0,1508500.0
89,2021-10-21 07:45:01,112200.0,200.0,1508300.0
90,2021-10-21 07:45:01,112200.0,1400.0,1508100.0
91,2021-10-21 07:45:01,112200.0,200.0,1506700.0
92,2021-10-21 07:45:01,112200.0,500.0,1506500.0
93,2021-10-21 07:45:01,112200.0,100.0,1506000.0
94,2021-10-21 07:45:01,112200.0,5000.0,1505900.0
95,2021-10-21 07:45:01,112200.0,1100.0,1500900.0
96,2021-10-21 07:45:01,112200.0,100.0,1499800.0
97,2021-10-21 07:45:01,112200.0,100.0,1499700.0
98,2021-10-21 07:45:01,112200.0,200.0,1499600.0
99,2021-10-21 07:45:01,112200.0,100.0,1499400.0
100,2021-10-21 07:45:01,112200.0,3000.0,1499300.0
101,2021-10-21 07:45:01,112200.0,3700.0,1496300.0
102,2021-10-21 07:45:01,112200.0,3900.0,1492600.0
103,2021-10-21 07:45:01,112200.0,1000.0,1488700.0
104,2021-10-21 07:45:01,112200.0,200.0,1487700.0
105,2021-10-21 07:45:01,112200.0,2500.0,1487500.0
106,2021-10-21 07:45:01,112200.0,2500.0,1485000.0
107,2021-10-21 07:45:01,112200.0,1000.0,1482500.0
108,2021-10-21 07:45:01,112200.0,5500.0,1481500.0
109,2021-10-21 07:45:01,112200.0,100.0,1476000.0
110,2021-10-21 07:45:01,112200.0,500.0,1475900.0
111,2021-10-21 07:45:01,112200.0,5000.0,1475400.0
112,2021-10-21 07:45:01,112200.0,100.0,1470400.0
113,2021-10-21 07:45:01,112200.0,5000.0,1470300.0
114,2021-10-21 07:45:01,112200.0,2000.0,1465300.0
115,2021-10-21 07:45:01,112200.0,1800.0,1463300.0
116,2021-10-21 07:45:01,112200.0,100.0,1461500.0
117,2021-10-21 07:45:01,112200.0,500.0,1461400.0
118,2021-10-21 07:45:01,112200.0,200.0,1460900.0
119,2021-10-21 07:45:01,112200.0,300.0,1460700.0
120,2021-10-21 07:45:01,112200.0,1000.0,1460400.0
121,2021-10-21 07:45:01,112200.0,1000.0,1459400.0
122,2021-10-21 07:45:01,112200.0,100.0,1458400.0
123,2021-10-21 07:45:01,112200.0,5000.0,1458300.0
124,2021-10-21 07:45:01,112200.0,300.0,1453300.0
125,2021-10-21 07:45:01,112200.0,100.0,1453000.0
126,2021-10-21 07:45:01,112200.0,4600.0,1452900.0
127,2021-10-21 07:45:01,112200.0,100.0,1448300.0
128,2021-10-21 07:45:01,112200.0,3000.0,1448200.0
129,2021-10-21 07:45:01,112200.0,100.0,1445200.0
130,2021-10-21 07:45:01,112200.0,200.0,1445100.0
131,2021-10-21 07:45:01,112200.0,1000.0,1444900.0
132,2021-10-21 07:45:01,112200.0,200.0,1443900.0
133,2021-10-21 07:45:01,112200.0,300.0,1443700.0
134,2021-10-21 07:45:01,112200.0,100.0,1443400.0
135,2021-10-21 07:45:01,112200.0,100.0,1443300.0
136,2021-10-21 07:45:01,112200.0,2000.0,1443200.0
137,2021-10-21 07:45:01,112200.0,100.0,1441200.0
138,2021-10-21 07:45:01,112200.0,1800.0,1441100.0
139,2021-10-21 07:45:01,112200.0,300.0,1439300.0
140,2021-10-21 07:45:01,112200.0,1700.0,1439000.0
141,2021-10-21 07:45:01,112200.0,200.0,1437300.0
142,2021-10-21 07:45:01,112200.0,100.0,1437100.0
143,2021-10-21 07:45:01,112200.0,100.0,1437000.0
144,2021-10-21 07:30:00,112500.0,200.0,1436900.0
145,2021-10-21 07:30:00,112600.0,300.0,1436700.0
146,2021-10-21 07:29:52,112600.0,300.0,1436400.0
147,2021-10-21 07:29:33,112600.0,100.0,1436100.0
148,2021-10-21 07:29:19,112500.0,1700.0,1436000.0
149,2021-10-21 07:29:19,112500.0,200.0,1434300.0
150,2021-10-21 07:29:19,112500.0,100.0,1434100.0
151,2021-10-21 07:29:19,112500.0,400.0,1434000.0
152,2021-10-21 07:29:19,112500.0,300.0,1433600.0
153,2021-10-21 07:29:19,112500.0,300.0,1433300.0
154,2021-10-21 07:29:18,112600.0,1000.0,1433000.0
155,2021-10-21 07:29:14,112600.0,500.0,1432000.0
156,2021-10-21 07:29:13,112600.0,200.0,1431500.0
157,2021-10-21 07:29:04,112500.0,3000.0,1431300.0
158,2021-10-21 07:29:04,112500.0,300.0,1428300.0
159,2021-10-21 07:28:50,112600.0,700.0,1428000.0
160,2021-10-21 07:28:49,112600.0,500.0,1427300.0
161,2021-10-21 07:28:49,112600.0,200.0,1426800.0
162,2021-10-21 07:28:49,112600.0,5000.0,1426600.0
163,2021-10-21 07:28:49,112600.0,300.0,1421600.0
164,2021-10-21 07:28:49,112700.0,500.0,1421300.0
165,2021-10-21 07:28:46,112700.0,1300.0,1420800.0
166,2021-10-21 07:28:36,112600.0,700.0,1419500.0
167,2021-10-21 07:28:36,112600.0,700.0,1418800.0
168,2021-10-21 07:28:36,112600.0,100.0,1418100.0
169,2021-10-21 07:28:36,112600.0,100.0,1418000.0
170,2021-10-21 07:28:36,112600.0,400.0,1417900.0
171,2021-10-21 07:28:14,112600.0,100.0,1417500.0
172,2021-10-21 07:28:14,112600.0,200.0,1417400.0
173,2021-10-21 07:28:14,112600.0,100.0,1417200.0
174,2021-10-21 07:28:14,112600.0,100.0,1417100.0
175,2021-10-21 07:27:55,112600.0,100.0,1417000.0
176,2021-10-21 07:27:55,112600.0,100.0,1416900.0
177,2021-10-21 07:27:52,112600.0,100.0,1416800.0
178,2021-10-21 07:27:52,112600.0,900.0,1416700.0
179,2021-10-21 07:27:35,112600.0,100.0,1415800.0
180,2021-10-21 07:27:35,112600.0,4900.0,1415700.0
181,2021-10-21 07:27:15,112600.0,800.0,1410800.0
182,2021-10-21 07:27:04,112600.0,6000.0,1410000.0
183,2021-10-21 07:26:28,112600.0,300.0,1404000.0
184,2021-10-21 07:26:10,112500.0,500.0,1403700.0
185,2021-10-21 07:25:58,112500.0,1000.0,1403200.0
186,2021-10-21 07:25:56,112500.0,1800.0,1402200.0
187,2021-10-21 07:25:56,112500.0,1000.0,1400400.0
188,2021-10-21 07:25:56,112500.0,100.0,1399400.0
189,2021-10-21 07:25:56,112500.0,1000.0,1399300.0
190,2021-10-21 07:25:56,112500.0,1100.0,1398300.0
191,2021-10-21 07:25:28,112500.0,200.0,1397200.0
192,2021-10-21 07:25:28,112500.0,100.0,1397000.0
193,2021-10-21 07:25:28,112500.0,400.0,1396900.0
194,2021-10-21 07:25:28,112500.0,2000.0,1396500.0
195,2021-10-21 07:25:28,112500.0,1000.0,1394500.0
196,2021-10-21 07:25:28,112500.0,100.0,1393500.0
197,2021-10-21 07:25:28,112500.0,100.0,1393400.0
198,2021-10-21 07:25:28,112500.0,400.0,1393300.0
199,2021-10-21 07:25:28,112500.0,400.0,1392900.0
200,2021-10-21 07:25:28,112500.0,100.0,1392500.0
201,2021-10-21 07:25:28,112500.0,200.0,1392400.0
202,2021-10-21 07:25:11,112500.0,100.0,1392200.0
203,2021-10-21 07:25:11,112500.0,300.0,1392100.0
204,2021-10-21 07:24:36,112500.0,200.0,1391800.0
205,2021-10-21 07:24:36,112500.0,500.0,1391600.0
206,2021-10-21 07:24:36,112500.0,300.0,1391100.0
207,2021-10-21 07:24:36,112500.0,500.0,1390800.0
208,2021-10-21 07:24:36,112500.0,300.0,1390300.0
209,2021-10-21 07:24:36,112500.0,100.0,1390000.0
210,2021-10-21 07:24:36,112500.0,300.0,1389900.0
211,2021-10-21 07:24:36,112500.0,400.0,1389600.0
212,2021-10-21 07:24:36,112500.0,100.0,1389200.0
213,2021-10-21 07:24:36,112500.0,500.0,1389100.0
214,2021-10-21 07:24:36,112500.0,300.0,1388600.0
215,2021-10-21 07:24:36,112500.0,5500.0,1388300.0
216,2021-10-21 07:24:12,112500.0,1800.0,1382800.0
217,2021-10-21 07:24:12,112600.0,200.0,1381000.0
218,2021-10-21 07:24:08,112800.0,500.0,1380800.0
219,2021-10-21 07:23:17,112500.0,2700.0,1380300.0
220,2021-10-21 07:23:17,112500.0,100.0,1377600.0
221,2021-10-21 07:23:17,112500.0,100.0,1377500.0
222,2021-10-21 07:23:17,112500.0,100.0,1377400.0
223,2021-10-21 07:23:17,112500.0,500.0,1377300.0
224,2021-10-21 07:23:17,112500.0,1000.0,1376800.0
225,2021-10-21 07:23:17,112500.0,500.0,1375800.0
226,2021-10-21 07:23:17,112500.0,5000.0,1375300.0
227,2021-10-21 07:23:06,112500.0,100.0,1370300.0
228,2021-10-21 07:23:06,112500.0,100.0,1370200.0
229,2021-10-21 07:23:06,112500.0,100.0,1370100.0
230,2021-10-21 07:22:51,112500.0,100.0,1370000.0
231,2021-10-21 07:22:51,112500.0,100.0,1369900.0
232,2021-10-21 07:22:19,112500.0,400.0,1369800.0
233,2021-10-21 07:22:19,112500.0,300.0,1369400.0
234,2021-10-21 07:22:19,112500.0,200.0,1369100.0
235,2021-10-21 07:22:19,112500.0,100.0,1368900.0
236,2021-10-21 07:22:19,112500.0,800.0,1368800.0
237,2021-10-21 07:22:19,112500.0,200.0,1368000.0
238,2021-10-21 07:22:19,112500.0,5000.0,1367800.0
239,2021-10-21 07:22:19,112500.0,200.0,1362800.0
240,2021-10-21 07:22:19,112500.0,1400.0,1362600.0
241,2021-10-21 07:22:19,112500.0,1000.0,1361200.0
242,2021-10-21 07:22:19,112500.0,300.0,1360200.0
243,2021-10-21 07:22:19,112500.0,100.0,1359900.0
244,2021-10-21 07:22:09,112500.0,300.0,1359800.0
245,2021-10-21 07:22:09,112700.0,1800.0,1359500.0
246,2021-10-21 07:22:09,112700.0,200.0,1357700.0
247,2021-10-21 07:22:06,112700.0,200.0,1357500.0
248,2021-10-21 07:22:06,112700.0,100.0,1357300.0
249,2021-10-21 07:22:06,112700.0,700.0,1357200.0
250,2021-10-21 07:21:24,112700.0,200.0,1356500.0
251,2021-10-21 07:21:20,112700.0,100.0,1356300.0
252,2021-10-21 07:21:12,112500.0,400.0,1356200.0
253,2021-10-21 07:21:12,112600.0,200.0,1355800.0
254,2021-10-21 07:21:12,112600.0,1000.0,1355600.0
255,2021-10-21 07:21:12,112600.0,3000.0,1354600.0
256,2021-10-21 07:21:12,112600.0,1000.0,1351600.0
257,2021-10-21 07:21:12,112600.0,500.0,1350600.0
258,2021-10-21 07:21:12,112600.0,100.0,1350100.0
259,2021-10-21 07:21:12,112600.0,300.0,1350000.0
260,2021-10-21 07:21:12,112600.0,100.0,1349700.0
261,2021-10-21 07:21:12,112700.0,3400.0,1349600.0
262,2021-10-21 07:21:08,112700.0,5000.0,1346200.0
263,2021-10-21 07:21:00,112700.0,300.0,1341200.0
264,2021-10-21 07:20:45,112700.0,1300.0,1340900.0
265,2021-10-21 07:20:42,112600.0,100.0,1339600.0
266,2021-10-21 07:20:42,112700.0,1000.0,1339500.0
267,2021-10-21 07:20:35,112700.0,100.0,1338500.0
268,2021-10-21 07:20:35,112700.0,100.0,1338400.0
269,2021-10-21 07:20:35,112700.0,300.0,1338300.0
270,2021-10-21 07:20:35,112700.0,7200.0,1338000.0
271,2021-10-21 07:20:26,112800.0,1000.0,1330800.0
272,2021-10-21 07:20:19,112800.0,100.0,1329800.0
273,2021-10-21 07:20:08,112800.0,100.0,1329700.0
274,2021-10-21 07:20:00,112700.0,2800.0,1329600.0
275,2021-10-21 07:20:00,112700.0,200.0,1326800.0
276,2021-10-21 07:20:00,112700.0,1000.0,1326600.0
277,2021-10-21 07:20:00,112700.0,200.0,1325600.0
278,2021-10-21 07:20:00,112700.0,200.0,1325400.0
279,2021-10-21 07:20:00,112700.0,100.0,1325200.0
280,2021-10-21 07:20:00,112700.0,5500.0,1325100.0
281,2021-10-21 07:19:54,112800.0,1000.0,1319600.0
282,2021-10-21 07:19:41,112800.0,2000.0,1318600.0
283,2021-10-21 07:19:41,112800.0,20000.0,1316600.0
284,2021-10-21 07:19:41,112800.0,1000.0,1296600.0
285,2021-10-21 07:19:41,112800.0,300.0,1295600.0
286,2021-10-21 07:19:41,112900.0,1100.0,1295300.0
287,2021-10-21 07:19:38,112900.0,100.0,1294200.0
288,2021-10-21 07:19:34,112800.0,3700.0,1294100.0
289,2021-10-21 07:19:34,112800.0,100.0,1290400.0
290,2021-10-21 07:19:34,112800.0,500.0,1290300.0
291,2021-10-21 07:19:34,112800.0,5700.0,1289800.0
292,2021-10-21 07:19:23,112900.0,2000.0,1284100.0
293,2021-10-21 07:19:16,112900.0,800.0,1282100.0
294,2021-10-21 07:19:15,112900.0,2000.0,1281300.0
295,2021-10-21 07:19:15,112900.0,15000.0,1279300.0
296,2021-10-21 07:19:15,112900.0,500.0,1264300.0
297,2021-10-21 07:19:15,112900.0,100.0,1263800.0
298,2021-10-21 07:19:15,112900.0,1000.0,1263700.0
299,2021-10-21 07:19:15,112900.0,200.0,1262700.0
300,2021-10-21 07:19:15,112900.0,500.0,1262500.0
301,2021-10-21 07:19:15,112900.0,100.0,1262000.0
302,2021-10-21 07:19:15,112900.0,6600.0,1261900.0
303,2021-10-21 07:19:15,113000.0,500.0,1255300.0
304,2021-10-21 07:19:15,113000.0,100.0,1254800.0
305,2021-10-21 07:19:15,113000.0,500.0,1254700.0
306,2021-10-21 07:18:58,113000.0,400.0,1254200.0
307,2021-10-21 07:18:56,113000.0,1000.0,1253800.0
308,2021-10-21 07:18:56,113200.0,500.0,1252800.0
309,2021-10-21 07:18:56,113200.0,100.0,1252300.0
310,2021-10-21 07:18:56,113200.0,500.0,1252200.0
311,2021-10-21 07:18:10,113200.0,100.0,1251700.0
312,2021-10-21 07:18:10,113200.0,1400.0,1251600.0
313,2021-10-21 07:17:55,113200.0,1600.0,1250200.0
314,2021-10-21 07:17:55,113200.0,400.0,1248600.0
315,2021-10-21 07:17:46,113000.0,100.0,1248200.0
316,2021-10-21 07:17:40,113000.0,100.0,1248100.0
317,2021-10-21 07:17:38,113000.0,200.0,1248000.0
318,2021-10-21 07:17:38,113000.0,800.0,1247800.0
319,2021-10-21 07:17:36,113000.0,200.0,1247000.0
320,2021-10-21 07:17:36,113000.0,200.0,1246800.0
321,2021-10-21 07:17:34,113000.0,1900.0,1246600.0
322,2021-10-21 07:17:23,113000.0,1700.0,1244700.0
323,2021-10-21 07:17:21,113000.0,15000.0,1243000.0
324,2021-10-21 07:17:17,113000.0,6300.0,1228000.0
325,2021-10-21 07:17:08,113000.0,2000.0,1221700.0
326,2021-10-21 07:17:03,113000.0,200.0,1219700.0
327,2021-10-21 07:16:49,113000.0,800.0,1219500.0
328,2021-10-21 07:16:48,112900.0,500.0,1218700.0
329,2021-10-21 07:16:47,112900.0,100.0,1218200.0
330,2021-10-21 07:16:43,113000.0,100.0,1218100.0
331,2021-10-21 07:16:42,113000.0,700.0,1218000.0
332,2021-10-21 07:16:34,113000.0,200.0,1217300.0
333,2021-10-21 07:16:32,113000.0,900.0,1217100.0
334,2021-10-21 07:16:22,112900.0,900.0,1216200.0
335,2021-10-21 07:15:32,112900.0,400.0,1215300.0
336,2021-10-21 07:15:32,112900.0,1800.0,1214900.0
337,2021-10-21 07:15:01,112900.0,200.0,1213100.0
338,2021-10-21 07:14:40,112800.0,500.0,1212900.0
339,2021-10-21 07:12:28,112700.0,400.0,1212400.0
340,2021-10-21 07:12:23,113000.0,4600.0,1212000.0
341,2021-10-21 07:12:16,113000.0,1000.0,1207400.0
342,2021-10-21 07:12:16,113000.0,100.0,1206400.0
343,2021-10-21 07:12:16,113000.0,500.0,1206300.0
344,2021-10-21 07:12:16,113000.0,2000.0,1205800.0
345,2021-10-21 07:12:16,113000.0,800.0,1203800.0
346,2021-10-21 07:12:16,113000.0,100.0,1203000.0
347,2021-10-21 07:11:58,112700.0,100.0,1202900.0
348,2021-10-21 07:11:57,112700.0,900.0,1202800.0
349,2021-10-21 07:11:20,112700.0,100.0,1201900.0
350,2021-10-21 07:11:16,112600.0,1300.0,1201800.0
351,2021-10-21 07:11:16,112600.0,500.0,1200500.0
352,2021-10-21 07:11:12,112700.0,5000.0,1200000.0
353,2021-10-21 07:11:12,112700.0,1500.0,1195000.0
354,2021-10-21 07:11:12,112700.0,100.0,1193500.0
355,2021-10-21 07:11:12,112700.0,100.0,1193400.0
356,2021-10-21 07:11:11,112600.0,100.0,1193300.0
357,2021-10-21 07:10:22,112600.0,400.0,1193200.0
358,2021-10-21 07:10:17,112700.0,100.0,1192800.0
359,2021-10-21 07:08:28,112600.0,300.0,1192700.0
360,2021-10-21 07:08:19,112600.0,200.0,1192400.0
361,2021-10-21 07:08:19,112600.0,200.0,1192200.0
362,2021-10-21 07:08:12,112600.0,100.0,1192000.0
363,2021-10-21 07:06:14,112600.0,300.0,1191900.0
364,2021-10-21 07:06:13,112600.0,3900.0,1191600.0
365,2021-10-21 07:06:08,112600.0,200.0,1187700.0
366,2021-10-21 07:05:28,112500.0,2000.0,1187500.0
367,2021-10-21 07:05:17,112500.0,4200.0,1185500.0
368,2021-10-21 07:05:17,112500.0,100.0,1181300.0
369,2021-10-21 07:05:17,112500.0,100.0,1181200.0
370,2021-10-21 07:05:17,112500.0,2500.0,1181100.0
371,2021-10-21 07:05:17,112500.0,1000.0,1178600.0
372,2021-10-21 07:05:17,112500.0,500.0,1177600.0
373,2021-10-21 07:05:17,112500.0,5700.0,1177100.0
374,2021-10-21 07:05:10,112600.0,100.0,1171400.0
375,2021-10-21 07:04:49,112600.0,100.0,1171300.0
376,2021-10-21 07:04:49,112600.0,300.0,1171200.0
377,2021-10-21 07:04:49,112600.0,400.0,1170900.0
378,2021-10-21 07:04:45,112600.0,100.0,1170500.0
379,2021-10-21 07:04:45,112600.0,400.0,1170400.0
380,2021-10-21 07:04:10,112600.0,200.0,1170000.0
381,2021-10-21 07:04:08,112600.0,200.0,1169800.0
382,2021-10-21 07:04:04,112600.0,100.0,1169600.0
383,2021-10-21 07:03:56,112600.0,100.0,1169500.0
384,2021-10-21 07:03:56,112600.0,200.0,1169400.0
385,2021-10-21 07:03:46,112600.0,300.0,1169200.0
386,2021-10-21 07:03:38,112700.0,500.0,1168900.0
387,2021-10-21 07:03:37,112600.0,1600.0,1168400.0
388,2021-10-21 07:03:35,112500.0,400.0,1166800.0
389,2021-10-21 07:03:31,112600.0,500.0,1166400.0
390,2021-10-21 07:03:25,112500.0,200.0,1165900.0
391,2021-10-21 07:03:22,112600.0,100.0,1165700.0
392,2021-10-21 07:03:22,112600.0,100.0,1165600.0
393,2021-10-21 07:03:22,112600.0,700.0,1165500.0
394,2021-10-21 07:03:18,112600.0,500.0,1164800.0
395,2021-10-21 07:02:54,112700.0,200.0,1164300.0
396,2021-10-21 07:02:47,112600.0,800.0,1164100.0
397,2021-10-21 07:02:33,112700.0,100.0,1163300.0
398,2021-10-21 07:02:15,112700.0,100.0,1163200.0
399,2021-10-21 07:02:07,112500.0,300.0,1163100.0
400,2021-10-21 07:01:43,112700.0,200.0,1162800.0
401,2021-10-21 07:01:39,112500.0,500.0,1162600.0
402,2021-10-21 07:01:19,112500.0,100.0,1162100.0
403,2021-10-21 07:01:19,112500.0,900.0,1162000.0
404,2021-10-21 07:01:13,112500.0,900.0,1161100.0
405,2021-10-21 07:01:02,112500.0,1000.0,1160200.0
406,2021-10-21 07:00:59,112500.0,100.0,1159200.0
407,2021-10-21 07:00:59,112500.0,100.0,1159100.0
408,2021-10-21 07:00:59,112500.0,2000.0,1159000.0
409,2021-10-21 07:00:59,112500.0,6300.0,1157000.0
410,2021-10-21 07:00:59,112500.0,2800.0,1150700.0
411,2021-10-21 07:00:59,112600.0,500.0,1147900.0
412,2021-10-21 07:00:34,112500.0,1100.0,1147400.0
413,2021-10-21 07:00:34,112600.0,200.0,1146300.0
414,2021-10-21 07:00:15,112500.0,1100.0,1146100.0
415,2021-10-21 06:59:58,112400.0,400.0,1145000.0
416,2021-10-21 06:59:52,112400.0,100.0,1144600.0
417,2021-10-21 06:58:43,112300.0,200.0,1144500.0
418,2021-10-21 06:58:40,112300.0,200.0,1144300.0
419,2021-10-21 06:58:30,112300.0,100.0,1144100.0
420,2021-10-21 06:58:30,112300.0,200.0,1144000.0
421,2021-10-21 06:58:21,112300.0,200.0,1143800.0
422,2021-10-21 06:58:11,112300.0,300.0,1143600.0
423,2021-10-21 06:58:03,112300.0,300.0,1143300.0
424,2021-10-21 06:57:47,112300.0,200.0,1143000.0
425,2021-10-21 06:57:47,112300.0,200.0,1142800.0
426,2021-10-21 06:57:27,112500.0,500.0,1142600.0
427,2021-10-21 06:57:27,112500.0,200.0,1142100.0
428,2021-10-21 06:57:27,112500.0,1400.0,1141900.0
429,2021-10-21 06:57:27,112500.0,500.0,1140500.0
430,2021-10-21 06:57:27,112500.0,1000.0,1140000.0
431,2021-10-21 06:57:27,112500.0,100.0,1139000.0
432,2021-10-21 06:57:27,112500.0,200.0,1138900.0
433,2021-10-21 06:57:27,112500.0,2000.0,1138700.0
434,2021-10-21 06:57:27,112500.0,100.0,1136700.0
435,2021-10-21 06:57:27,112500.0,5000.0,1136600.0
436,2021-10-21 06:57:27,112500.0,100.0,1131600.0
437,2021-10-21 06:57:27,112500.0,1000.0,1131500.0
438,2021-10-21 06:57:27,112500.0,200.0,1130500.0
439,2021-10-21 06:57:27,112500.0,100.0,1130300.0
440,2021-10-21 06:57:27,112500.0,2000.0,1130200.0
441,2021-10-21 06:57:27,112500.0,2000.0,1128200.0
442,2021-10-21 06:57:27,112500.0,300.0,1126200.0
443,2021-10-21 06:57:27,112500.0,1000.0,1125900.0
444,2021-10-21 06:57:27,112500.0,400.0,1124900.0
445,2021-10-21 06:57:27,112500.0,700.0,1124500.0
446,2021-10-21 06:57:27,112500.0,400.0,1123800.0
447,2021-10-21 06:57:27,112600.0,100.0,1123400.0
448,2021-10-21 06:57:27,112600.0,300.0,1123300.0
449,2021-10-21 06:57:27,112600.0,6000.0,1123000.0
450,2021-10-21 06:57:27,112600.0,200.0,1117000.0
451,2021-10-21 06:57:27,112700.0,100.0,1116800.0
452,2021-10-21 06:57:27,112700.0,100.0,1116700.0
453,2021-10-21 06:57:27,112700.0,100.0,1116600.0
454,2021-10-21 06:57:27,112700.0,7000.0,1116500.0
455,2021-10-21 06:57:27,112700.0,600.0,1109500.0
456,2021-10-21 06:57:15,112700.0,400.0,1108900.0
457,2021-10-21 06:57:08,112800.0,500.0,1108500.0
458,2021-10-21 06:56:38,112800.0,500.0,1108000.0
459,2021-10-21 06:56:34,112800.0,100.0,1107500.0
460,2021-10-21 06:56:34,112800.0,500.0,1107400.0
461,2021-10-21 06:56:34,112800.0,1000.0,1106900.0
462,2021-10-21 06:56:34,112800.0,100.0,1105900.0
463,2021-10-21 06:56:34,112800.0,3000.0,1105800.0
464,2021-10-21 06:56:34,112800.0,500.0,1102800.0
465,2021-10-21 06:56:34,112800.0,1000.0,1102300.0
466,2021-10-21 06:56:34,112800.0,700.0,1101300.0
467,2021-10-21 06:56:34,112800.0,100.0,1100600.0
468,2021-10-21 06:56:34,112800.0,100.0,1100500.0
469,2021-10-21 06:56:34,112800.0,1100.0,1100400.0
470,2021-10-21 06:56:34,112800.0,900.0,1099300.0
471,2021-10-21 06:56:34,112800.0,1000.0,1098400.0
472,2021-10-21 06:56:34,112800.0,100.0,1097400.0
473,2021-10-21 06:56:34,112800.0,200.0,1097300.0
474,2021-10-21 06:56:34,112900.0,500.0,1097100.0
475,2021-10-21 06:56:34,112900.0,500.0,1096600.0
476,2021-10-21 06:56:34,112900.0,500.0,1096100.0
477,2021-10-21 06:56:34,112900.0,100.0,1095600.0
478,2021-10-21 06:55:56,113000.0,100.0,1095500.0
479,2021-10-21 06:55:39,112900.0,100.0,1095400.0
480,2021-10-21 06:55:39,112900.0,100.0,1095300.0
481,2021-10-21 06:54:47,112900.0,4200.0,1095200.0
482,2021-10-21 06:54:47,112900.0,800.0,1091000.0
483,2021-10-21 06:54:43,113000.0,200.0,1090200.0
484,2021-10-21 06:54:43,113000.0,500.0,1090000.0
485,2021-10-21 06:54:43,113000.0,2000.0,1089500.0
486,2021-10-21 06:54:17,113000.0,100.0,1087500.0
487,2021-10-21 06:53:53,112900.0,200.0,1087400.0
488,2021-10-21 06:53:36,112900.0,100.0,1087200.0
489,2021-10-21 06:51:36,112800.0,500.0,1087100.0
490,2021-10-21 06:51:36,112800.0,300.0,1086600.0
491,2021-10-21 06:51:36,112800.0,200.0,1086300.0
492,2021-10-21 06:51:29,112800.0,100.0,1086100.0
493,2021-10-21 06:51:29,112800.0,100.0,1086000.0
494,2021-10-21 06:51:29,112900.0,100.0,1085900.0
495,2021-10-21 06:51:18,112800.0,100.0,1085800.0
496,2021-10-21 06:51:18,112800.0,100.0,1085700.0
497,2021-10-21 06:51:18,112800.0,500.0,1085600.0
498,2021-10-21 06:51:18,112900.0,200.0,1085100.0
499,2021-10-21 06:51:18,112900.0,100.0,1084900.0
500,2021-10-21 06:51:10,112900.0,400.0,1084800.0
501,2021-10-21 06:50:56,112900.0,100.0,1084400.0
502,2021-10-21 06:50:53,112900.0,500.0,1084300.0
503,2021-10-21 06:50:36,112900.0,500.0,1083800.0
504,2021-10-21 06:50:34,112900.0,100.0,1083300.0
505,2021-10-21 06:50:25,112900.0,900.0,1083200.0
506,2021-10-21 06:50:18,112900.0,100.0,1082300.0
507,2021-10-21 06:49:37,112900.0,100.0,1082200.0
508,2021-10-21 06:49:31,112800.0,400.0,1082100.0
509,2021-10-21 06:49:24,112900.0,100.0,1081700.0
510,2021-10-21 06:49:20,112900.0,300.0,1081600.0
511,2021-10-21 06:48:59,112900.0,700.0,1081300.0
512,2021-10-21 06:48:59,112900.0,100.0,1080600.0
513,2021-10-21 06:48:10,113000.0,1000.0,1080500.0
514,2021-10-21 06:47:49,113000.0,200.0,1079500.0
515,2021-10-21 06:47:20,113000.0,200.0,1079300.0
516,2021-10-21 06:47:11,112900.0,300.0,1079100.0
517,2021-10-21 06:46:59,112800.0,1500.0,1078800.0
518,2021-10-21 06:46:24,112800.0,4600.0,1077300.0
519,2021-10-21 06:46:24,112800.0,400.0,1072700.0
520,2021-10-21 06:45:53,113000.0,2000.0,1072300.0
521,2021-10-21 06:45:53,113000.0,10000.0,1070300.0
522,2021-10-21 06:45:53,113000.0,4500.0,1060300.0
523,2021-10-21 06:45:27,113200.0,100.0,1055800.0
524,2021-10-21 06:45:01,113200.0,200.0,1055700.0
525,2021-10-21 06:45:01,113200.0,100.0,1055500.0
526,2021-10-21 06:44:38,113200.0,100.0,1055400.0
527,2021-10-21 06:44:38,113200.0,400.0,1055300.0
528,2021-10-21 06:44:06,113200.0,500.0,1054900.0
529,2021-10-21 06:44:05,113200.0,3000.0,1054400.0
530,2021-10-21 06:44:05,113200.0,600.0,1051400.0
531,2021-10-21 06:44:05,113200.0,500.0,1050800.0
532,2021-10-21 06:43:59,113000.0,300.0,1050300.0
533,2021-10-21 06:43:48,113000.0,200.0,1050000.0
534,2021-10-21 06:43:44,113000.0,600.0,1049800.0
535,2021-10-21 06:43:44,113000.0,100.0,1049200.0
536,2021-10-21 06:43:44,113000.0,600.0,1049100.0
537,2021-10-21 06:43:44,113000.0,100.0,1048500.0
538,2021-10-21 06:43:44,113000.0,600.0,1048400.0
539,2021-10-21 06:43:44,113000.0,600.0,1047800.0
540,2021-10-21 06:43:44,113000.0,300.0,1047200.0
541,2021-10-21 06:43:44,113000.0,1400.0,1046900.0
542,2021-10-21 06:43:44,113000.0,600.0,1045500.0
543,2021-10-21 06:43:44,113000.0,100.0,1044900.0
544,2021-10-21 06:43:21,112800.0,100.0,1044800.0
545,2021-10-21 06:42:58,112800.0,300.0,1044700.0
546,2021-10-21 06:42:34,113000.0,1000.0,1044400.0
547,2021-10-21 06:41:16,113000.0,1600.0,1043400.0
548,2021-10-21 06:41:09,113000.0,200.0,1041800.0
549,2021-10-21 06:41:09,113000.0,100.0,1041600.0
550,2021-10-21 06:41:09,113000.0,2000.0,1041500.0
551,2021-10-21 06:41:09,113000.0,2200.0,1039500.0
552,2021-10-21 06:41:09,113000.0,5500.0,1037300.0
553,2021-10-21 06:40:55,113000.0,600.0,1031800.0
554,2021-10-21 06:40:54,113000.0,300.0,1031200.0
555,2021-10-21 06:40:49,113000.0,300.0,1030900.0
556,2021-10-21 06:40:21,113200.0,300.0,1030600.0
557,2021-10-21 06:40:11,113000.0,300.0,1030300.0
558,2021-10-21 06:39:51,113000.0,700.0,1030000.0
559,2021-10-21 06:39:43,113000.0,500.0,1029300.0
560,2021-10-21 06:39:43,113000.0,700.0,1028800.0
561,2021-10-21 06:39:43,113000.0,600.0,1028100.0
562,2021-10-21 06:39:43,113000.0,600.0,1027500.0
563,2021-10-21 06:39:43,113000.0,700.0,1026900.0
564,2021-10-21 06:39:43,113000.0,600.0,1026200.0
565,2021-10-21 06:39:43,113000.0,600.0,1025600.0
566,2021-10-21 06:39:33,113000.0,1600.0,1025000.0
567,2021-10-21 06:38:47,112800.0,200.0,1023400.0
568,2021-10-21 06:38:47,112800.0,200.0,1023200.0
569,2021-10-21 06:38:25,112800.0,100.0,1023000.0
570,2021-10-21 06:38:25,112800.0,200.0,1022900.0
571,2021-10-21 06:38:15,112800.0,300.0,1022700.0
572,2021-10-21 06:38:07,112800.0,200.0,1022400.0
573,2021-10-21 06:38:00,112800.0,500.0,1022200.0
574,2021-10-21 06:37:58,112800.0,200.0,1021700.0
575,2021-10-21 06:37:46,112800.0,100.0,1021500.0
576,2021-10-21 06:37:46,112800.0,100.0,1021400.0
577,2021-10-21 06:37:39,112800.0,100.0,1021300.0
578,2021-10-21 06:37:39,112800.0,200.0,1021200.0
579,2021-10-21 06:37:04,112800.0,200.0,1021000.0
580,2021-10-21 06:37:03,113000.0,900.0,1020800.0
581,2021-10-21 06:37:03,113000.0,5000.0,1019900.0
582,2021-10-21 06:37:03,113000.0,300.0,1014900.0
583,2021-10-21 06:37:03,113000.0,200.0,1014600.0
584,2021-10-21 06:37:03,113000.0,700.0,1014400.0
585,2021-10-21 06:37:03,113000.0,700.0,1013700.0
586,2021-10-21 06:37:03,113000.0,10000.0,1013000.0
587,2021-10-21 06:36:50,113200.0,100.0,1003000.0
588,2021-10-21 06:36:40,113000.0,300.0,1002900.0
589,2021-10-21 06:36:39,113200.0,100.0,1002600.0
590,2021-10-21 06:36:38,113200.0,400.0,1002500.0
591,2021-10-21 06:36:17,113000.0,100.0,1002100.0
592,2021-10-21 06:36:17,113000.0,100.0,1002000.0
593,2021-10-21 06:36:07,113000.0,100.0,1001900.0
594,2021-10-21 06:36:07,113000.0,200.0,1001800.0
595,2021-10-21 06:36:07,113100.0,300.0,1001600.0
596,2021-10-21 06:35:35,113000.0,500.0,1001300.0
597,2021-10-21 06:35:35,113100.0,200.0,1000800.0
598,2021-10-21 06:35:18,113000.0,10000.0,1000600.0
599,2021-10-21 06:35:18,113000.0,300.0,990600.0
600,2021-10-21 06:35:18,113000.0,700.0,990300.0
601,2021-10-21 06:35:18,113000.0,100.0,989600.0
602,2021-10-21 06:35:18,113000.0,5000.0,989500.0
603,2021-10-21 06:35:18,113000.0,3000.0,984500.0
604,2021-10-21 06:35:18,113000.0,5000.0,981500.0
605,2021-10-21 06:35:18,113000.0,500.0,976500.0
606,2021-10-21 06:35:18,113000.0,1700.0,976000.0
607,2021-10-21 06:35:18,113100.0,100.0,974300.0
608,2021-10-21 06:35:18,113100.0,300.0,974200.0
609,2021-10-21 06:35:18,113100.0,3300.0,973900.0
610,2021-10-21 06:35:03,113100.0,700.0,970600.0
611,2021-10-21 06:34:43,113100.0,100.0,969900.0
612,2021-10-21 06:34:37,113100.0,300.0,969800.0
613,2021-10-21 06:34:33,113100.0,600.0,969500.0
614,2021-10-21 06:33:59,113000.0,700.0,968900.0
615,2021-10-21 06:33:56,113000.0,600.0,968200.0
616,2021-10-21 06:33:56,113100.0,5000.0,967600.0
617,2021-10-21 06:33:56,113100.0,1000.0,962600.0
618,2021-10-21 06:33:56,113300.0,100.0,961600.0
619,2021-10-21 06:33:56,113300.0,200.0,961500.0
620,2021-10-21 06:33:56,113300.0,100.0,961300.0
621,2021-10-21 06:33:28,113300.0,100.0,961200.0
622,2021-10-21 06:33:28,113300.0,100.0,961100.0
623,2021-10-21 06:33:28,113300.0,400.0,961000.0
624,2021-10-21 06:32:55,113300.0,500.0,960600.0
625,2021-10-21 06:32:55,113300.0,100.0,960100.0
626,2021-10-21 06:32:36,113300.0,300.0,960000.0
627,2021-10-21 06:32:31,113300.0,200.0,959700.0
628,2021-10-21 06:32:13,113500.0,400.0,959500.0
629,2021-10-21 06:31:55,113500.0,100.0,959100.0
630,2021-10-21 06:31:55,113500.0,10000.0,959000.0
631,2021-10-21 06:31:55,113500.0,3000.0,949000.0
632,2021-10-21 06:31:55,113500.0,100.0,946000.0
633,2021-10-21 06:31:55,113500.0,1000.0,945900.0
634,2021-10-21 06:31:55,113500.0,500.0,944900.0
635,2021-10-21 06:31:55,113500.0,900.0,944400.0
636,2021-10-21 06:31:51,113500.0,600.0,943500.0
637,2021-10-21 06:31:19,113500.0,600.0,942900.0
638,2021-10-21 06:31:06,113500.0,2000.0,942300.0
639,2021-10-21 06:30:48,113800.0,500.0,940300.0
640,2021-10-21 06:30:37,113800.0,200.0,939800.0
641,2021-10-21 06:30:28,113800.0,100.0,939600.0
642,2021-10-21 06:30:25,114000.0,9400.0,939500.0
643,2021-10-21 06:30:15,114000.0,600.0,930100.0
644,2021-10-21 06:29:43,114000.0,600.0,929500.0
645,2021-10-21 06:29:11,114000.0,600.0,928900.0
646,2021-10-21 06:29:07,114000.0,1000.0,928300.0
647,2021-10-21 06:29:07,114000.0,300.0,927300.0
648,2021-10-21 06:29:00,114000.0,100.0,927000.0
649,2021-10-21 06:28:40,114000.0,100.0,926900.0
650,2021-10-21 06:28:40,114000.0,500.0,926800.0
651,2021-10-21 06:28:38,114000.0,1000.0,926300.0
652,2021-10-21 06:28:21,114000.0,300.0,925300.0
653,2021-10-21 06:28:09,114000.0,2000.0,925000.0
654,2021-10-21 06:28:09,114000.0,100.0,923000.0
655,2021-10-21 06:28:09,114000.0,100.0,922900.0
656,2021-10-21 06:28:09,114000.0,1000.0,922800.0
657,2021-10-21 06:28:08,113800.0,600.0,921800.0
658,2021-10-21 06:28:01,113800.0,4000.0,921200.0
659,2021-10-21 06:28:01,113800.0,600.0,917200.0
660,2021-10-21 06:28:01,113800.0,700.0,916600.0
661,2021-10-21 06:28:01,113800.0,100.0,915900.0
662,2021-10-21 06:28:01,113800.0,700.0,915800.0
663,2021-10-21 06:28:01,113800.0,800.0,915100.0
664,2021-10-21 06:26:54,113800.0,400.0,914300.0
665,2021-10-21 06:26:32,113500.0,700.0,913900.0
666,2021-10-21 06:26:12,113500.0,200.0,913200.0
667,2021-10-21 06:25:51,113800.0,200.0,913000.0
668,2021-10-21 06:25:51,113800.0,500.0,912800.0
669,2021-10-21 06:25:51,113800.0,200.0,912300.0
670,2021-10-21 06:25:51,113800.0,900.0,912100.0
671,2021-10-21 06:25:38,113800.0,2500.0,911200.0
672,2021-10-21 06:25:34,113800.0,200.0,908700.0
673,2021-10-21 06:25:28,113800.0,700.0,908500.0
674,2021-10-21 06:25:14,113800.0,500.0,907800.0
675,2021-10-21 06:25:03,113800.0,200.0,907300.0
676,2021-10-21 06:25:03,113800.0,300.0,907100.0
677,2021-10-21 06:25:03,113900.0,100.0,906800.0
678,2021-10-21 06:25:03,113900.0,1400.0,906700.0
679,2021-10-21 06:25:03,114000.0,2500.0,905300.0
680,2021-10-21 06:24:58,114000.0,100.0,902800.0
681,2021-10-21 06:24:56,114000.0,700.0,902700.0
682,2021-10-21 06:24:47,114000.0,300.0,902000.0
683,2021-10-21 06:24:40,114000.0,3400.0,901700.0
684,2021-10-21 06:24:35,114000.0,1000.0,898300.0
685,2021-10-21 06:24:33,114000.0,1800.0,897300.0
686,2021-10-21 06:24:33,114000.0,1700.0,895500.0
687,2021-10-21 06:24:33,114000.0,1200.0,893800.0
688,2021-10-21 06:24:33,114000.0,900.0,892600.0
689,2021-10-21 06:24:33,114000.0,400.0,891700.0
690,2021-10-21 06:24:27,114000.0,700.0,891300.0
691,2021-10-21 06:24:17,114000.0,500.0,890600.0
692,2021-10-21 06:24:15,114000.0,1500.0,890100.0
693,2021-10-21 06:24:00,114000.0,300.0,888600.0
694,2021-10-21 06:23:53,114300.0,100.0,888300.0
695,2021-10-21 06:23:52,114300.0,700.0,888200.0
696,2021-10-21 06:23:31,114300.0,700.0,887500.0
697,2021-10-21 06:23:31,114300.0,1500.0,886800.0
698,2021-10-21 06:23:31,114300.0,2400.0,885300.0
699,2021-10-21 06:23:19,114300.0,500.0,882900.0
700,2021-10-21 06:22:48,114000.0,700.0,882400.0
701,2021-10-21 06:22:46,113900.0,500.0,881700.0
702,2021-10-21 06:22:39,114000.0,100.0,881200.0
703,2021-10-21 06:22:39,114000.0,100.0,881100.0
704,2021-10-21 06:22:33,114000.0,600.0,881000.0
705,2021-10-21 06:22:33,114000.0,100.0,880400.0
706,2021-10-21 06:22:29,113900.0,100.0,880300.0
707,2021-10-21 06:22:24,114000.0,9900.0,880200.0
708,2021-10-21 06:22:24,114000.0,100.0,870300.0
709,2021-10-21 06:21:58,114000.0,100.0,870200.0
710,2021-10-21 06:21:57,114000.0,500.0,870100.0
711,2021-10-21 06:21:53,114000.0,100.0,869600.0
712,2021-10-21 06:21:53,114000.0,700.0,869500.0
713,2021-10-21 06:21:53,114000.0,100.0,868800.0
714,2021-10-21 06:21:52,114000.0,400.0,868700.0
715,2021-10-21 06:21:46,114300.0,600.0,868300.0
716,2021-10-21 06:21:46,114200.0,100.0,867700.0
717,2021-10-21 06:21:41,114000.0,400.0,867600.0
718,2021-10-21 06:21:34,114000.0,100.0,867200.0
719,2021-10-21 06:21:33,114000.0,4500.0,867100.0
720,2021-10-21 06:21:33,114000.0,500.0,862600.0
721,2021-10-21 06:21:30,114000.0,100.0,862100.0
722,2021-10-21 06:21:27,114000.0,1000.0,862000.0
723,2021-10-21 06:21:26,113900.0,1000.0,861000.0
724,2021-10-21 06:21:24,114000.0,500.0,860000.0
725,2021-10-21 06:21:24,114000.0,2900.0,859500.0
726,2021-10-21 06:21:04,114000.0,200.0,856600.0
727,2021-10-21 06:21:04,114000.0,100.0,856400.0
728,2021-10-21 06:21:04,114000.0,500.0,856300.0
729,2021-10-21 06:21:04,114000.0,400.0,855800.0
730,2021-10-21 06:21:04,113900.0,900.0,855400.0
731,2021-10-21 06:21:03,113900.0,100.0,854500.0
732,2021-10-21 06:20:54,113900.0,1000.0,854400.0
733,2021-10-21 06:20:50,113800.0,1000.0,853400.0
734,2021-10-21 06:20:44,113800.0,1700.0,852400.0
735,2021-10-21 06:20:42,113800.0,1200.0,850700.0
736,2021-10-21 06:20:35,113800.0,100.0,849500.0
737,2021-10-21 06:20:32,114000.0,200.0,849400.0
738,2021-10-21 06:20:32,114000.0,500.0,849200.0
739,2021-10-21 06:20:32,114000.0,100.0,848700.0
740,2021-10-21 06:20:32,114000.0,500.0,848600.0
741,2021-10-21 06:20:32,114000.0,500.0,848100.0
742,2021-10-21 06:20:32,114000.0,200.0,847600.0
743,2021-10-21 06:20:32,114000.0,1500.0,847400.0
744,2021-10-21 06:20:32,114000.0,500.0,845900.0
745,2021-10-21 06:20:32,114000.0,100.0,845400.0
746,2021-10-21 06:20:32,113800.0,900.0,845300.0
747,2021-10-21 06:20:25,113800.0,1700.0,844400.0
748,2021-10-21 06:20:13,113800.0,300.0,842700.0
749,2021-10-21 06:20:13,113500.0,1700.0,842400.0
750,2021-10-21 06:20:08,113500.0,200.0,840700.0
751,2021-10-21 06:20:05,113500.0,100.0,840500.0
752,2021-10-21 06:20:00,113800.0,2100.0,840400.0
753,2021-10-21 06:20:00,113600.0,200.0,838300.0
754,2021-10-21 06:20:00,113600.0,500.0,838100.0
755,2021-10-21 06:20:00,113500.0,200.0,837600.0
756,2021-10-21 06:19:50,113400.0,5000.0,837400.0
757,2021-10-21 06:19:46,113400.0,200.0,832400.0
758,2021-10-21 06:19:46,113400.0,200.0,832200.0
759,2021-10-21 06:19:42,113000.0,400.0,832000.0
760,2021-10-21 06:19:29,113000.0,500.0,831600.0
761,2021-10-21 06:19:29,113000.0,2100.0,831100.0
762,2021-10-21 06:19:22,113000.0,3400.0,829000.0
763,2021-10-21 06:19:22,112900.0,1600.0,825600.0
764,2021-10-21 06:19:04,112500.0,1000.0,824000.0
765,2021-10-21 06:19:04,112500.0,2000.0,823000.0
766,2021-10-21 06:19:04,112600.0,300.0,821000.0
767,2021-10-21 06:19:04,112600.0,500.0,820700.0
768,2021-10-21 06:19:04,112600.0,100.0,820200.0
769,2021-10-21 06:19:04,112700.0,100.0,820100.0
770,2021-10-21 06:18:23,112900.0,400.0,820000.0
771,2021-10-21 06:18:17,112600.0,300.0,819600.0
772,2021-10-21 06:18:07,112600.0,300.0,819300.0
773,2021-10-21 06:18:00,112600.0,300.0,819000.0
774,2021-10-21 06:17:50,112600.0,200.0,818700.0
775,2021-10-21 06:17:42,112600.0,200.0,818500.0
776,2021-10-21 06:17:40,112600.0,100.0,818300.0
777,2021-10-21 06:17:40,112600.0,200.0,818200.0
778,2021-10-21 06:17:38,113000.0,600.0,818000.0
779,2021-10-21 06:17:33,112600.0,300.0,817400.0
780,2021-10-21 06:17:33,112600.0,500.0,817100.0
781,2021-10-21 06:17:33,112600.0,300.0,816600.0
782,2021-10-21 06:17:33,112600.0,200.0,816300.0
783,2021-10-21 06:17:33,112600.0,100.0,816100.0
784,2021-10-21 06:17:33,112600.0,100.0,816000.0
785,2021-10-21 06:17:33,112600.0,1500.0,815900.0
786,2021-10-21 06:17:31,112600.0,200.0,814400.0
787,2021-10-21 06:17:24,112600.0,300.0,814200.0
788,2021-10-21 06:17:14,112600.0,300.0,813900.0
789,2021-10-21 06:16:54,112600.0,200.0,813600.0
790,2021-10-21 06:16:48,112600.0,300.0,813400.0
791,2021-10-21 06:16:23,112600.0,200.0,813100.0
792,2021-10-21 06:16:23,112600.0,100.0,812900.0
793,2021-10-21 06:15:41,112600.0,100.0,812800.0
794,2021-10-21 06:15:36,112400.0,300.0,812700.0
795,2021-10-21 06:15:21,112300.0,500.0,812400.0
796,2021-10-21 06:15:07,113000.0,1000.0,811900.0
797,2021-10-21 06:15:02,112400.0,300.0,810900.0
798,2021-10-21 06:15:02,112400.0,100.0,810600.0
799,2021-10-21 06:15:02,112600.0,100.0,810500.0
800,2021-10-21 06:13:32,112300.0,200.0,810400.0
801,2021-10-21 06:12:30,112200.0,1000.0,810200.0
802,2021-10-21 06:12:16,112000.0,200.0,809200.0
803,2021-10-21 06:12:16,112000.0,700.0,809000.0
804,2021-10-21 06:11:52,112000.0,500.0,808300.0
805,2021-10-21 06:11:52,112000.0,500.0,807800.0
806,2021-10-21 06:11:52,112000.0,400.0,807300.0
807,2021-10-21 06:11:52,112000.0,500.0,806900.0
808,2021-10-21 06:11:52,112100.0,500.0,806400.0
809,2021-10-21 06:11:52,112100.0,700.0,805900.0
810,2021-10-21 06:11:52,112100.0,100.0,805200.0
811,2021-10-21 06:11:52,112100.0,100.0,805100.0
812,2021-10-21 06:11:52,112100.0,500.0,805000.0
813,2021-10-21 06:11:52,112200.0,200.0,804500.0
814,2021-10-21 06:11:52,112200.0,500.0,804300.0
815,2021-10-21 06:11:52,112200.0,100.0,803800.0
816,2021-10-21 06:11:52,112200.0,100.0,803700.0
817,2021-10-21 06:11:52,112200.0,200.0,803600.0
818,2021-10-21 06:11:52,112200.0,100.0,803400.0
819,2021-10-21 06:11:24,112200.0,200.0,803300.0
820,2021-10-21 06:10:13,112100.0,200.0,803100.0
821,2021-10-21 06:09:53,112100.0,100.0,802900.0
822,2021-10-21 06:09:21,112000.0,300.0,802800.0
823,2021-10-21 06:08:52,112000.0,200.0,802500.0
824,2021-10-21 06:08:52,112000.0,100.0,802300.0
825,2021-10-21 06:08:46,112000.0,100.0,802200.0
826,2021-10-21 06:08:46,112000.0,400.0,802100.0
827,2021-10-21 06:08:46,112000.0,100.0,801700.0
828,2021-10-21 06:08:46,112000.0,100.0,801600.0
829,2021-10-21 06:08:46,112000.0,100.0,801500.0
830,2021-10-21 06:08:46,112000.0,500.0,801400.0
831,2021-10-21 06:08:46,112000.0,400.0,800900.0
832,2021-10-21 06:08:46,112000.0,2000.0,800500.0
833,2021-10-21 06:08:46,112000.0,100.0,798500.0
834,2021-10-21 06:08:46,112000.0,100.0,798400.0
835,2021-10-21 06:08:46,112100.0,100.0,798300.0
836,2021-10-21 06:08:46,112100.0,100.0,798200.0
837,2021-10-21 06:08:46,112100.0,1000.0,798100.0
838,2021-10-21 06:08:46,112100.0,4000.0,797100.0
839,2021-10-21 06:08:46,112100.0,500.0,793100.0
840,2021-10-21 06:08:46,112100.0,100.0,792600.0
841,2021-10-21 06:08:46,112100.0,1000.0,792500.0
842,2021-10-21 06:08:46,112200.0,300.0,791500.0
843,2021-10-21 06:08:46,112200.0,500.0,791200.0
844,2021-10-21 06:08:46,112200.0,100.0,790700.0
845,2021-10-21 06:08:46,112200.0,1000.0,790600.0
846,2021-10-21 06:08:46,112200.0,100.0,789600.0
847,2021-10-21 06:08:46,112200.0,100.0,789500.0
848,2021-10-21 06:08:46,112200.0,300.0,789400.0
849,2021-10-21 06:08:46,112200.0,200.0,789100.0
850,2021-10-21 06:08:46,112200.0,2900.0,788900.0
851,2021-10-21 06:08:46,112300.0,3200.0,786000.0
852,2021-10-21 06:08:46,112300.0,500.0,782800.0
853,2021-10-21 06:08:46,112300.0,200.0,782300.0
854,2021-10-21 06:08:46,112300.0,100.0,782100.0
855,2021-10-21 06:08:46,112300.0,100.0,782000.0
856,2021-10-21 06:08:46,112400.0,100.0,781900.0
857,2021-10-21 06:08:46,112400.0,300.0,781800.0
858,2021-10-21 06:08:46,112400.0,200.0,781500.0
859,2021-10-21 06:08:46,112400.0,200.0,781300.0
860,2021-10-21 06:08:46,112400.0,100.0,781100.0
861,2021-10-21 06:08:46,112400.0,500.0,781000.0
862,2021-10-21 06:08:46,112400.0,600.0,780500.0
863,2021-10-21 06:08:46,112400.0,300.0,779900.0
864,2021-10-21 06:08:44,112400.0,100.0,779600.0
865,2021-10-21 06:08:44,112500.0,100.0,779500.0
866,2021-10-21 06:08:36,112400.0,200.0,779400.0
867,2021-10-21 06:08:25,112400.0,300.0,779200.0
868,2021-10-21 06:08:16,112400.0,100.0,778900.0
869,2021-10-21 06:08:16,112500.0,100.0,778800.0
870,2021-10-21 06:08:08,112500.0,200.0,778700.0
871,2021-10-21 06:08:06,112500.0,300.0,778500.0
872,2021-10-21 06:07:56,113600.0,700.0,778200.0
873,2021-10-21 06:07:56,113500.0,500.0,777500.0
874,2021-10-21 06:07:56,113500.0,200.0,777000.0
875,2021-10-21 06:07:56,113500.0,100.0,776800.0
876,2021-10-21 06:07:56,113500.0,500.0,776700.0
877,2021-10-21 06:07:56,113500.0,300.0,776200.0
878,2021-10-21 06:07:56,113500.0,100.0,775900.0
879,2021-10-21 06:07:56,113000.0,500.0,775800.0
880,2021-10-21 06:07:56,113000.0,4800.0,775300.0
881,2021-10-21 06:07:56,113000.0,500.0,770500.0
882,2021-10-21 06:07:56,113000.0,200.0,770000.0
883,2021-10-21 06:07:56,113000.0,1000.0,769800.0
884,2021-10-21 06:07:56,113000.0,100.0,768800.0
885,2021-10-21 06:07:56,112800.0,300.0,768700.0
886,2021-10-21 06:07:56,112800.0,200.0,768400.0
887,2021-10-21 06:07:32,112500.0,300.0,768200.0
888,2021-10-21 06:07:21,112500.0,200.0,767900.0
889,2021-10-21 06:07:14,112500.0,200.0,767700.0
890,2021-10-21 06:07:11,112500.0,300.0,767500.0
891,2021-10-21 06:06:52,112500.0,100.0,767200.0
892,2021-10-21 06:06:52,112500.0,100.0,767100.0
893,2021-10-21 06:06:42,112500.0,100.0,767000.0
894,2021-10-21 06:06:06,112500.0,200.0,766900.0
895,2021-10-21 06:05:43,112500.0,100.0,766700.0
896,2021-10-21 06:05:21,112500.0,100.0,766600.0
897,2021-10-21 06:05:21,112500.0,100.0,766500.0
898,2021-10-21 06:05:21,112500.0,100.0,766400.0
899,2021-10-21 06:05:21,112500.0,500.0,766300.0
900,2021-10-21 06:05:21,112500.0,200.0,765800.0
901,2021-10-21 06:05:09,112500.0,200.0,765600.0
902,2021-10-21 06:04:14,112500.0,1000.0,765400.0
903,2021-10-21 06:02:58,112500.0,100.0,764400.0
904,2021-10-21 06:02:58,112500.0,100.0,764300.0
905,2021-10-21 06:02:17,112500.0,100.0,764200.0
906,2021-10-21 06:01:30,112500.0,1000.0,764100.0
907,2021-10-21 06:00:48,112500.0,200.0,763100.0
908,2021-10-21 06:00:28,112500.0,100.0,762900.0
909,2021-10-21 06:00:23,112500.0,500.0,762800.0
910,2021-10-21 06:00:23,112500.0,100.0,762300.0
911,2021-10-21 06:00:22,112500.0,100.0,762200.0
912,2021-10-21 06:00:12,112400.0,200.0,762100.0
913,2021-10-21 06:00:10,112400.0,600.0,761900.0
914,2021-10-21 06:00:09,112400.0,200.0,761300.0
915,2021-10-21 06:00:03,112400.0,100.0,761100.0
916,2021-10-21 06:00:03,112400.0,100.0,761000.0
917,2021-10-21 06:00:02,112400.0,100.0,760900.0
918,2021-10-21 06:00:01,112400.0,200.0,760800.0
919,2021-10-21 06:00:01,112400.0,100.0,760600.0
920,2021-10-21 06:00:01,112400.0,500.0,760500.0
921,2021-10-21 06:00:01,112400.0,300.0,760000.0
922,2021-10-21 04:29:55,112400.0,100.0,759700.0
923,2021-10-21 04:29:41,112500.0,100.0,759600.0
924,2021-10-21 04:29:35,112400.0,100.0,759500.0
925,2021-10-21 04:29:35,112400.0,100.0,759400.0
926,2021-10-21 04:29:35,112400.0,300.0,759300.0
927,2021-10-21 04:29:30,112500.0,500.0,759000.0
928,2021-10-21 04:29:13,112500.0,100.0,758500.0
929,2021-10-21 04:29:10,112500.0,500.0,758400.0
930,2021-10-21 04:29:10,112500.0,1700.0,757900.0
931,2021-10-21 04:28:54,112500.0,300.0,756200.0
932,2021-10-21 04:28:54,112500.0,100.0,755900.0
933,2021-10-21 04:28:54,112500.0,100.0,755800.0
934,2021-10-21 04:28:03,112500.0,100.0,755700.0
935,2021-10-21 04:26:50,113000.0,900.0,755600.0
936,2021-10-21 04:26:49,113000.0,1000.0,754700.0
937,2021-10-21 04:26:49,113000.0,1000.0,753700.0
938,2021-10-21 04:26:29,113000.0,1000.0,752700.0
939,2021-10-21 04:26:29,112900.0,2500.0,751700.0
940,2021-10-21 04:26:29,112800.0,1100.0,749200.0
941,2021-10-21 04:26:29,112800.0,400.0,748100.0
942,2021-10-21 04:26:15,112400.0,200.0,747700.0
943,2021-10-21 04:26:12,112800.0,1600.0,747500.0
944,2021-10-21 04:26:12,112500.0,100.0,745900.0
945,2021-10-21 04:26:12,112500.0,200.0,745800.0
946,2021-10-21 04:26:12,112500.0,200.0,745600.0
947,2021-10-21 04:26:12,112500.0,2900.0,745400.0
948,2021-10-21 04:25:57,112400.0,200.0,742500.0
949,2021-10-21 04:25:57,112400.0,2800.0,742300.0
950,2021-10-21 04:25:30,112500.0,200.0,739500.0
951,2021-10-21 04:25:27,112500.0,100.0,739300.0
952,2021-10-21 04:25:26,112500.0,500.0,739200.0
953,2021-10-21 04:25:19,112500.0,200.0,738700.0
954,2021-10-21 04:25:18,112500.0,100.0,738500.0
955,2021-10-21 04:25:06,112500.0,400.0,738400.0
956,2021-10-21 04:24:46,112500.0,100.0,738000.0
957,2021-10-21 04:24:31,112400.0,1000.0,737900.0
958,2021-10-21 04:24:31,112400.0,200.0,736900.0
959,2021-10-21 04:24:11,112200.0,100.0,736700.0
960,2021-10-21 04:24:11,112200.0,100.0,736600.0
961,2021-10-21 04:24:00,112400.0,100.0,736500.0
962,2021-10-21 04:23:20,112200.0,300.0,736400.0
963,2021-10-21 04:22:25,112200.0,200.0,736100.0
964,2021-10-21 04:22:06,112200.0,200.0,735900.0
965,2021-10-21 04:22:00,112200.0,200.0,735700.0
966,2021-10-21 04:21:28,112400.0,100.0,735500.0
967,2021-10-21 04:20:41,112200.0,100.0,735400.0
968,2021-10-21 04:20:01,112100.0,1000.0,735300.0
969,2021-10-21 04:19:57,112200.0,100.0,734300.0
970,2021-10-21 04:19:51,112400.0,100.0,734200.0
971,2021-10-21 04:18:47,112100.0,600.0,734100.0
972,2021-10-21 04:18:47,112200.0,100.0,733500.0
973,2021-10-21 04:18:47,112200.0,100.0,733400.0
974,2021-10-21 04:18:47,112400.0,100.0,733300.0
975,2021-10-21 04:18:47,112400.0,100.0,733200.0
976,2021-10-21 04:18:22,112500.0,500.0,733100.0
977,2021-10-21 04:17:51,112400.0,200.0,732600.0
978,2021-10-21 04:17:46,112400.0,500.0,732400.0
979,2021-10-21 04:17:12,112200.0,1800.0,731900.0
980,2021-10-21 04:16:33,112200.0,100.0,730100.0
981,2021-10-21 04:16:29,112100.0,300.0,730000.0
982,2021-10-21 04:16:29,112100.0,100.0,729700.0
983,2021-10-21 04:16:29,112100.0,100.0,729600.0
984,2021-10-21 04:16:00,112200.0,100.0,729500.0
985,2021-10-21 04:16:00,112200.0,1200.0,729400.0
986,2021-10-21 04:15:43,112200.0,300.0,728200.0
987,2021-10-21 04:15:11,112400.0,400.0,727900.0
988,2021-10-21 04:14:47,112000.0,1000.0,727500.0
989,2021-10-21 04:14:47,112000.0,100.0,726500.0
990,2021-10-21 04:14:45,112000.0,1000.0,726400.0
991,2021-10-21 04:14:41,112000.0,300.0,725400.0
992,2021-10-21 04:14:41,112000.0,100.0,725100.0
993,2021-10-21 04:14:36,112000.0,5000.0,725000.0
994,2021-10-21 04:14:32,112000.0,300.0,720000.0
995,2021-10-21 04:14:31,112000.0,100.0,719700.0
996,2021-10-21 04:14:30,112000.0,300.0,719600.0
997,2021-10-21 04:14:30,112000.0,100.0,719300.0
998,2021-10-21 04:14:30,112000.0,100.0,719200.0
999,2021-10-21 04:14:30,112000.0,300.0,719100.0
1000,2021-10-21 04:14:30,112000.0,500.0,718800.0
1001,2021-10-21 04:14:30,112000.0,1000.0,718300.0
1002,2021-10-21 04:14:30,112000.0,100.0,717300.0
1003,2021-10-21 04:14:30,112000.0,100.0,717200.0
1004,2021-10-21 04:14:30,112000.0,300.0,717100.0
1005,2021-10-21 04:14:30,112000.0,10000.0,716800.0
1006,2021-10-21 04:14:30,112000.0,500.0,706800.0
1007,2021-10-21 04:14:30,112000.0,1000.0,706300.0
1008,2021-10-21 04:14:30,112000.0,200.0,705300.0
1009,2021-10-21 04:14:30,112000.0,100.0,705100.0
1010,2021-10-21 04:14:30,112000.0,500.0,705000.0
1011,2021-10-21 04:14:30,112000.0,300.0,704500.0
1012,2021-10-21 04:14:30,112000.0,500.0,704200.0
1013,2021-10-21 04:14:30,112000.0,2000.0,703700.0
1014,2021-10-21 04:14:30,112000.0,500.0,701700.0
1015,2021-10-21 04:14:30,112000.0,100.0,701200.0
1016,2021-10-21 04:14:30,112000.0,1000.0,701100.0
1017,2021-10-21 04:14:30,112000.0,100.0,700100.0
1018,2021-10-21 04:14:30,112000.0,100.0,700000.0
1019,2021-10-21 04:14:30,112000.0,800.0,699900.0
1020,2021-10-21 04:14:30,112000.0,300.0,699100.0
1021,2021-10-21 04:14:30,112000.0,500.0,698800.0
1022,2021-10-21 04:14:30,112000.0,300.0,698300.0
1023,2021-10-21 04:14:30,112000.0,1000.0,698000.0
1024,2021-10-21 04:14:30,112000.0,200.0,697000.0
1025,2021-10-21 04:14:30,112000.0,1000.0,696800.0
1026,2021-10-21 04:14:30,112000.0,100.0,695800.0
1027,2021-10-21 04:14:30,112000.0,500.0,695700.0
1028,2021-10-21 04:14:30,112000.0,500.0,695200.0
1029,2021-10-21 04:14:30,112000.0,1100.0,694700.0
1030,2021-10-21 04:14:30,112100.0,500.0,693600.0
1031,2021-10-21 04:14:30,112100.0,100.0,693100.0
1032,2021-10-21 04:14:30,112100.0,100.0,693000.0
1033,2021-10-21 04:14:30,112100.0,1300.0,692900.0
1034,2021-10-21 04:14:30,112100.0,100.0,691600.0
1035,2021-10-21 04:14:30,112100.0,1000.0,691500.0
1036,2021-10-21 04:14:30,112100.0,900.0,690500.0
1037,2021-10-21 04:14:30,112100.0,1000.0,689600.0
1038,2021-10-21 04:14:30,112200.0,100.0,688600.0
1039,2021-10-21 04:14:30,112200.0,200.0,688500.0
1040,2021-10-21 04:14:30,112300.0,800.0,688300.0
1041,2021-10-21 04:14:30,112400.0,100.0,687500.0
1042,2021-10-21 04:14:27,112400.0,500.0,687400.0
1043,2021-10-21 04:13:41,112200.0,300.0,686900.0
1044,2021-10-21 04:12:37,112000.0,1000.0,686600.0
1045,2021-10-21 04:12:26,112000.0,2900.0,685600.0
1046,2021-10-21 04:12:26,112000.0,500.0,682700.0
1047,2021-10-21 04:12:26,112000.0,5000.0,682200.0
1048,2021-10-21 04:12:26,112000.0,200.0,677200.0
1049,2021-10-21 04:12:26,112000.0,200.0,677000.0
1050,2021-10-21 04:12:26,112000.0,100.0,676800.0
1051,2021-10-21 04:12:26,112000.0,5000.0,676700.0
1052,2021-10-21 04:12:26,112000.0,3000.0,671700.0
1053,2021-10-21 04:12:26,112000.0,300.0,668700.0
1054,2021-10-21 04:12:26,112000.0,2000.0,668400.0
1055,2021-10-21 04:12:26,112000.0,100.0,666400.0
1056,2021-10-21 04:12:26,112000.0,10000.0,666300.0
1057,2021-10-21 04:12:26,112000.0,300.0,656300.0
1058,2021-10-21 04:12:26,112000.0,100.0,656000.0
1059,2021-10-21 04:12:26,112000.0,200.0,655900.0
1060,2021-10-21 04:12:26,112000.0,200.0,655700.0
1061,2021-10-21 04:12:26,112100.0,200.0,655500.0
1062,2021-10-21 04:12:26,112100.0,5000.0,655300.0
1063,2021-10-21 04:12:26,112100.0,2000.0,650300.0
1064,2021-10-21 04:12:26,112100.0,200.0,648300.0
1065,2021-10-21 04:12:26,112200.0,500.0,648100.0
1066,2021-10-21 04:12:26,112200.0,100.0,647600.0
1067,2021-10-21 04:12:26,112200.0,1000.0,647500.0
1068,2021-10-21 04:12:26,112200.0,100.0,646500.0
1069,2021-10-21 04:12:26,112200.0,200.0,646400.0
1070,2021-10-21 04:12:26,112200.0,400.0,646200.0
1071,2021-10-21 04:12:26,112200.0,100.0,645800.0
1072,2021-10-21 04:12:26,112200.0,100.0,645700.0
1073,2021-10-21 04:12:23,112500.0,100.0,645600.0
1074,2021-10-21 04:12:18,112500.0,100.0,645500.0
1075,2021-10-21 04:12:16,112500.0,100.0,645400.0
1076,2021-10-21 04:12:16,112300.0,1900.0,645300.0
1077,2021-10-21 04:12:15,112300.0,2000.0,643400.0
1078,2021-10-21 04:12:15,112300.0,1000.0,641400.0
1079,2021-10-21 04:12:15,112400.0,100.0,640400.0
1080,2021-10-21 04:12:07,112400.0,1200.0,640300.0
1081,2021-10-21 04:12:07,112400.0,100.0,639100.0
1082,2021-10-21 04:12:07,112400.0,1700.0,639000.0
1083,2021-10-21 04:11:56,112400.0,300.0,637300.0
1084,2021-10-21 04:11:56,112400.0,200.0,637000.0
1085,2021-10-21 04:11:52,112500.0,100.0,636800.0
1086,2021-10-21 04:11:35,112500.0,100.0,636700.0
1087,2021-10-21 04:11:35,112500.0,600.0,636600.0
1088,2021-10-21 04:11:35,112500.0,100.0,636000.0
1089,2021-10-21 04:11:35,112500.0,100.0,635900.0
1090,2021-10-21 04:11:35,112500.0,2000.0,635800.0
1091,2021-10-21 04:11:35,112500.0,500.0,633800.0
1092,2021-10-21 04:11:35,112500.0,100.0,633300.0
1093,2021-10-21 04:11:35,112500.0,1000.0,633200.0
1094,2021-10-21 04:11:35,112500.0,1900.0,632200.0
1095,2021-10-21 04:10:45,112500.0,500.0,630300.0
1096,2021-10-21 04:10:45,112500.0,200.0,629800.0
1097,2021-10-21 04:10:45,112500.0,2000.0,629600.0
1098,2021-10-21 04:10:45,112500.0,100.0,627600.0
1099,2021-10-21 04:10:45,112500.0,2000.0,627500.0
1100,2021-10-21 04:10:45,112500.0,200.0,625500.0
1101,2021-10-21 04:10:33,112800.0,100.0,625300.0
1102,2021-10-21 04:10:17,112500.0,500.0,625200.0
1103,2021-10-21 04:09:23,112500.0,300.0,624700.0
1104,2021-10-21 04:09:23,112500.0,100.0,624400.0
1105,2021-10-21 04:09:21,112500.0,200.0,624300.0
1106,2021-10-21 04:09:09,112900.0,100.0,624100.0
1107,2021-10-21 04:08:48,112500.0,100.0,624000.0
1108,2021-10-21 04:08:26,112500.0,100.0,623900.0
1109,2021-10-21 04:08:26,112500.0,900.0,623800.0
1110,2021-10-21 04:08:25,112600.0,100.0,622900.0
1111,2021-10-21 04:08:24,112600.0,100.0,622800.0
1112,2021-10-21 04:08:23,112500.0,100.0,622700.0
1113,2021-10-21 04:07:54,112500.0,100.0,622600.0
1114,2021-10-21 04:07:53,112500.0,900.0,622500.0
1115,2021-10-21 04:07:53,112500.0,100.0,621600.0
1116,2021-10-21 04:07:53,112500.0,500.0,621500.0
1117,2021-10-21 04:07:53,112500.0,100.0,621000.0
1118,2021-10-21 04:07:53,112500.0,300.0,620900.0
1119,2021-10-21 04:07:53,112500.0,200.0,620600.0
1120,2021-10-21 04:07:53,112500.0,3500.0,620400.0
1121,2021-10-21 04:07:53,112500.0,200.0,616900.0
1122,2021-10-21 04:07:53,112500.0,400.0,616700.0
1123,2021-10-21 04:07:53,112500.0,2000.0,616300.0
1124,2021-10-21 04:07:53,112500.0,100.0,614300.0
1125,2021-10-21 04:07:53,112500.0,500.0,614200.0
1126,2021-10-21 04:07:53,112500.0,100.0,613700.0
1127,2021-10-21 04:07:53,112500.0,100.0,613600.0
1128,2021-10-21 04:07:53,112500.0,1000.0,613500.0
1129,2021-10-21 04:07:40,112600.0,1000.0,612500.0
1130,2021-10-21 04:07:40,112600.0,1000.0,611500.0
1131,2021-10-21 04:07:40,112600.0,400.0,610500.0
1132,2021-10-21 04:07:40,112600.0,100.0,610100.0
1133,2021-10-21 04:07:40,112600.0,300.0,610000.0
1134,2021-10-21 04:07:40,112600.0,2000.0,609700.0
1135,2021-10-21 04:07:40,112600.0,100.0,607700.0
1136,2021-10-21 04:07:40,112600.0,100.0,607600.0
1137,2021-10-21 04:07:40,112600.0,100.0,607500.0
1138,2021-10-21 04:07:40,112600.0,100.0,607400.0
1139,2021-10-21 04:07:40,112700.0,1000.0,607300.0
1140,2021-10-21 04:07:40,112700.0,100.0,606300.0
1141,2021-10-21 04:07:40,112700.0,100.0,606200.0
1142,2021-10-21 04:07:40,112700.0,1000.0,606100.0
1143,2021-10-21 04:07:40,112700.0,100.0,605100.0
1144,2021-10-21 04:07:40,112700.0,2000.0,605000.0
1145,2021-10-21 04:07:40,112700.0,200.0,603000.0
1146,2021-10-21 04:07:40,112700.0,100.0,602800.0
1147,2021-10-21 04:07:26,112800.0,100.0,602700.0
1148,2021-10-21 04:07:26,112800.0,300.0,602600.0
1149,2021-10-21 04:07:26,112800.0,500.0,602300.0
1150,2021-10-21 04:07:26,112800.0,100.0,601800.0
1151,2021-10-21 04:07:26,112800.0,1000.0,601700.0
1152,2021-10-21 04:07:26,112800.0,100.0,600700.0
1153,2021-10-21 04:07:26,112800.0,100.0,600600.0
1154,2021-10-21 04:07:26,112800.0,800.0,600500.0
1155,2021-10-21 04:07:21,112800.0,200.0,599700.0
1156,2021-10-21 04:07:21,112800.0,100.0,599500.0
1157,2021-10-21 04:06:52,112800.0,100.0,599400.0
1158,2021-10-21 04:06:07,112800.0,800.0,599300.0
1159,2021-10-21 04:06:07,112800.0,100.0,598500.0
1160,2021-10-21 04:06:07,112800.0,100.0,598400.0
1161,2021-10-21 04:05:47,112800.0,400.0,598300.0
1162,2021-10-21 04:05:47,112800.0,100.0,597900.0
1163,2021-10-21 04:05:47,112800.0,1500.0,597800.0
1164,2021-10-21 04:05:45,112900.0,200.0,596300.0
1165,2021-10-21 04:05:35,112800.0,1000.0,596100.0
1166,2021-10-21 04:05:35,112800.0,200.0,595100.0
1167,2021-10-21 04:05:35,112800.0,100.0,594900.0
1168,2021-10-21 04:05:35,112800.0,200.0,594800.0
1169,2021-10-21 04:05:35,112800.0,100.0,594600.0
1170,2021-10-21 04:05:35,112800.0,600.0,594500.0
1171,2021-10-21 04:05:33,112800.0,400.0,593900.0
1172,2021-10-21 04:05:33,112800.0,100.0,593500.0
1173,2021-10-21 04:05:33,112800.0,1000.0,593400.0
1174,2021-10-21 04:05:33,112800.0,1000.0,592400.0
1175,2021-10-21 04:05:33,112800.0,400.0,591400.0
1176,2021-10-21 04:05:33,112800.0,100.0,591000.0
1177,2021-10-21 04:05:20,112800.0,100.0,590900.0
1178,2021-10-21 04:05:20,112800.0,100.0,590800.0
1179,2021-10-21 04:04:27,112800.0,400.0,590700.0
1180,2021-10-21 04:04:27,112800.0,100.0,590300.0
1181,2021-10-21 04:04:27,112800.0,2000.0,590200.0
1182,2021-10-21 04:04:27,112800.0,200.0,588200.0
1183,2021-10-21 04:04:27,112800.0,800.0,588000.0
1184,2021-10-21 04:04:22,112800.0,100.0,587200.0
1185,2021-10-21 04:04:20,112900.0,600.0,587100.0
1186,2021-10-21 04:04:15,112900.0,100.0,586500.0
1187,2021-10-21 04:03:57,112900.0,800.0,586400.0
1188,2021-10-21 04:03:57,112900.0,100.0,585600.0
1189,2021-10-21 04:03:57,112900.0,5000.0,585500.0
1190,2021-10-21 04:03:57,112900.0,100.0,580500.0
1191,2021-10-21 04:03:57,112900.0,1000.0,580400.0
1192,2021-10-21 04:03:57,112900.0,100.0,579400.0
1193,2021-10-21 04:03:57,112900.0,200.0,579300.0
1194,2021-10-21 04:03:57,112900.0,300.0,579100.0
1195,2021-10-21 04:03:57,112900.0,100.0,578800.0
1196,2021-10-21 04:03:57,112900.0,1300.0,578700.0
1197,2021-10-21 04:03:18,112900.0,200.0,577400.0
1198,2021-10-21 04:03:17,113000.0,100.0,577200.0
1199,2021-10-21 04:01:45,113000.0,300.0,577100.0
1200,2021-10-21 04:01:06,113000.0,100.0,576800.0
1201,2021-10-21 04:00:46,112900.0,200.0,576700.0
1202,2021-10-21 04:00:12,112900.0,500.0,576500.0
1203,2021-10-21 03:59:53,112900.0,100.0,576000.0
1204,2021-10-21 03:59:46,112900.0,500.0,575900.0
1205,2021-10-21 03:59:46,112900.0,200.0,575400.0
1206,2021-10-21 03:59:30,112900.0,800.0,575200.0
1207,2021-10-21 03:59:30,112900.0,100.0,574400.0
1208,2021-10-21 03:59:30,112900.0,100.0,574300.0
1209,2021-10-21 03:59:10,112900.0,200.0,574200.0
1210,2021-10-21 03:58:35,112900.0,300.0,574000.0
1211,2021-10-21 03:58:18,112900.0,300.0,573700.0
1212,2021-10-21 03:58:18,112900.0,100.0,573400.0
1213,2021-10-21 03:58:18,112900.0,100.0,573300.0
1214,2021-10-21 03:58:16,113000.0,700.0,573200.0
1215,2021-10-21 03:57:41,113000.0,200.0,572500.0
1216,2021-10-21 03:57:05,112900.0,200.0,572300.0
1217,2021-10-21 03:57:00,112900.0,100.0,572100.0
1218,2021-10-21 03:56:59,112800.0,100.0,572000.0
1219,2021-10-21 03:56:59,112800.0,200.0,571900.0
1220,2021-10-21 03:56:55,112800.0,300.0,571700.0
1221,2021-10-21 03:56:55,112800.0,200.0,571400.0
1222,2021-10-21 03:56:26,112800.0,200.0,571200.0
1223,2021-10-21 03:56:13,112800.0,500.0,571000.0
1224,2021-10-21 03:56:04,112900.0,2000.0,570500.0
1225,2021-10-21 03:55:52,112900.0,600.0,568500.0
1226,2021-10-21 03:55:52,112900.0,400.0,567900.0
1227,2021-10-21 03:55:35,112800.0,100.0,567500.0
1228,2021-10-21 03:55:35,112800.0,400.0,567400.0
1229,2021-10-21 03:55:27,112900.0,100.0,567000.0
1230,2021-10-21 03:54:53,112800.0,400.0,566900.0
1231,2021-10-21 03:54:35,112800.0,200.0,566500.0
1232,2021-10-21 03:54:35,112800.0,300.0,566300.0
1233,2021-10-21 03:54:35,112800.0,1000.0,566000.0
1234,2021-10-21 03:54:35,112800.0,500.0,565000.0
1235,2021-10-21 03:54:35,112800.0,200.0,564500.0
1236,2021-10-21 03:54:35,112800.0,200.0,564300.0
1237,2021-10-21 03:54:35,112800.0,600.0,564100.0
1238,2021-10-21 03:54:30,112900.0,100.0,563500.0
1239,2021-10-21 03:53:35,113000.0,1000.0,563400.0
1240,2021-10-21 03:53:25,113000.0,100.0,562400.0
1241,2021-10-21 03:53:25,113000.0,500.0,562300.0
1242,2021-10-21 03:53:25,113000.0,1600.0,561800.0
1243,2021-10-21 03:53:15,113000.0,400.0,560200.0
1244,2021-10-21 03:53:15,113000.0,100.0,559800.0
1245,2021-10-21 03:53:15,113000.0,600.0,559700.0
1246,2021-10-21 03:52:55,113000.0,200.0,559100.0
1247,2021-10-21 03:52:55,113000.0,2300.0,558900.0
1248,2021-10-21 03:52:55,113100.0,500.0,556600.0
1249,2021-10-21 03:52:48,113100.0,1000.0,556100.0
1250,2021-10-21 03:52:06,113200.0,200.0,555100.0
1251,2021-10-21 03:52:06,113200.0,800.0,554900.0
1252,2021-10-21 03:51:14,113200.0,100.0,554100.0
1253,2021-10-21 03:50:59,113100.0,2100.0,554000.0
1254,2021-10-21 03:50:53,113000.0,500.0,551900.0
1255,2021-10-21 03:50:45,113000.0,200.0,551400.0
1256,2021-10-21 03:50:37,113000.0,100.0,551200.0
1257,2021-10-21 03:50:37,113100.0,100.0,551100.0
1258,2021-10-21 03:50:07,113000.0,1000.0,551000.0
1259,2021-10-21 03:49:50,112800.0,1400.0,550000.0
1260,2021-10-21 03:49:50,112800.0,100.0,548600.0
1261,2021-10-21 03:49:50,112800.0,100.0,548500.0
1262,2021-10-21 03:49:50,112800.0,1000.0,548400.0
1263,2021-10-21 03:49:50,112800.0,100.0,547400.0
1264,2021-10-21 03:49:50,112800.0,100.0,547300.0
1265,2021-10-21 03:49:50,112800.0,100.0,547200.0
1266,2021-10-21 03:49:50,112800.0,900.0,547100.0
1267,2021-10-21 03:49:50,112900.0,200.0,546200.0
1268,2021-10-21 03:49:48,113100.0,100.0,546000.0
1269,2021-10-21 03:49:48,113000.0,1900.0,545900.0
1270,2021-10-21 03:49:42,112900.0,4000.0,544000.0
1271,2021-10-21 03:49:42,112900.0,1000.0,540000.0
1272,2021-10-21 03:49:40,113000.0,100.0,539000.0
1273,2021-10-21 03:49:40,113000.0,100.0,538900.0
1274,2021-10-21 03:49:39,112900.0,1000.0,538800.0
1275,2021-10-21 03:49:39,112900.0,1000.0,537800.0
1276,2021-10-21 03:49:38,113000.0,500.0,536800.0
1277,2021-10-21 03:49:38,113000.0,100.0,536300.0
1278,2021-10-21 03:49:38,113000.0,100.0,536200.0
1279,2021-10-21 03:49:38,113000.0,200.0,536100.0
1280,2021-10-21 03:49:34,113100.0,1000.0,535900.0
1281,2021-10-21 03:49:28,113000.0,1800.0,534900.0
1282,2021-10-21 03:49:28,113000.0,1700.0,533100.0
1283,2021-10-21 03:49:28,113000.0,1000.0,531400.0
1284,2021-10-21 03:49:28,113000.0,1000.0,530400.0
1285,2021-10-21 03:49:28,113000.0,500.0,529400.0
1286,2021-10-21 03:49:24,113100.0,100.0,528900.0
1287,2021-10-21 03:49:20,113100.0,300.0,528800.0
1288,2021-10-21 03:49:18,113100.0,500.0,528500.0
1289,2021-10-21 03:49:18,113200.0,800.0,528000.0
1290,2021-10-21 03:48:37,113100.0,200.0,527200.0
1291,2021-10-21 03:48:37,113200.0,100.0,527000.0
1292,2021-10-21 03:48:37,113200.0,100.0,526900.0
1293,2021-10-21 03:47:15,113000.0,500.0,526800.0
1294,2021-10-21 03:47:15,113000.0,300.0,526300.0
1295,2021-10-21 03:47:15,113000.0,1000.0,526000.0
1296,2021-10-21 03:47:15,113000.0,500.0,525000.0
1297,2021-10-21 03:47:15,113000.0,200.0,524500.0
1298,2021-10-21 03:46:50,113000.0,1000.0,524300.0
1299,2021-10-21 03:46:50,113000.0,100.0,523300.0
1300,2021-10-21 03:46:38,113000.0,3500.0,523200.0
1301,2021-10-21 03:46:38,113000.0,500.0,519700.0
1302,2021-10-21 03:46:38,113000.0,100.0,519200.0
1303,2021-10-21 03:46:38,113000.0,800.0,519100.0
1304,2021-10-21 03:46:32,113000.0,200.0,518300.0
1305,2021-10-21 03:46:29,112900.0,300.0,518100.0
1306,2021-10-21 03:46:17,113000.0,600.0,517800.0
1307,2021-10-21 03:46:17,113000.0,200.0,517200.0
1308,2021-10-21 03:46:17,113000.0,500.0,517000.0
1309,2021-10-21 03:46:17,113000.0,100.0,516500.0
1310,2021-10-21 03:46:17,113000.0,600.0,516400.0
1311,2021-10-21 03:46:13,113000.0,400.0,515800.0
1312,2021-10-21 03:46:13,113000.0,600.0,515400.0
1313,2021-10-21 03:46:01,113000.0,400.0,514800.0
1314,2021-10-21 03:46:01,113000.0,500.0,514400.0
1315,2021-10-21 03:46:01,113000.0,100.0,513900.0
1316,2021-10-21 03:46:00,113000.0,100.0,513800.0
1317,2021-10-21 03:46:00,113000.0,10200.0,513700.0
1318,2021-10-21 03:45:25,113000.0,600.0,503500.0
1319,2021-10-21 03:45:22,113000.0,500.0,502900.0
1320,2021-10-21 03:45:09,113000.0,500.0,502400.0
1321,2021-10-21 03:44:48,113000.0,100.0,501900.0
1322,2021-10-21 03:44:37,112900.0,200.0,501800.0
1323,2021-10-21 03:44:22,113000.0,100.0,501600.0
1324,2021-10-21 03:44:05,112900.0,500.0,501500.0
1325,2021-10-21 03:43:59,112900.0,300.0,501000.0
1326,2021-10-21 03:43:59,112900.0,100.0,500700.0
1327,2021-10-21 03:43:59,112900.0,300.0,500600.0
1328,2021-10-21 03:43:59,112900.0,300.0,500300.0
1329,2021-10-21 03:43:45,112900.0,100.0,500000.0
1330,2021-10-21 03:43:36,112900.0,700.0,499900.0
1331,2021-10-21 03:43:32,112800.0,100.0,499200.0
1332,2021-10-21 03:43:32,112800.0,800.0,499100.0
1333,2021-10-21 03:43:32,112800.0,100.0,498300.0
1334,2021-10-21 03:43:32,112800.0,100.0,498200.0
1335,2021-10-21 03:43:32,112800.0,1000.0,498100.0
1336,2021-10-21 03:43:32,112800.0,100.0,497100.0
1337,2021-10-21 03:43:32,112800.0,300.0,497000.0
1338,2021-10-21 03:43:32,112800.0,300.0,496700.0
1339,2021-10-21 03:43:32,112800.0,100.0,496400.0
1340,2021-10-21 03:43:16,112900.0,100.0,496300.0
1341,2021-10-21 03:43:10,112900.0,500.0,496200.0
1342,2021-10-21 03:43:10,112900.0,500.0,495700.0
1343,2021-10-21 03:43:00,112900.0,100.0,495200.0
1344,2021-10-21 03:42:47,112900.0,400.0,495100.0
1345,2021-10-21 03:42:47,112900.0,600.0,494700.0
1346,2021-10-21 03:42:46,112900.0,100.0,494100.0
1347,2021-10-21 03:42:45,112900.0,300.0,494000.0
1348,2021-10-21 03:42:43,112900.0,1000.0,493700.0
1349,2021-10-21 03:42:40,112900.0,100.0,492700.0
1350,2021-10-21 03:42:31,112900.0,100.0,492600.0
1351,2021-10-21 03:42:30,112900.0,2000.0,492500.0
1352,2021-10-21 03:42:30,112900.0,200.0,490500.0
1353,2021-10-21 03:42:30,112900.0,600.0,490300.0
1354,2021-10-21 03:42:03,112900.0,500.0,489700.0
1355,2021-10-21 03:42:03,112900.0,3700.0,489200.0
1356,2021-10-21 03:42:03,112900.0,100.0,485500.0
1357,2021-10-21 03:41:54,112800.0,200.0,485400.0
1358,2021-10-21 03:41:12,112800.0,500.0,485200.0
1359,2021-10-21 03:41:03,112800.0,100.0,484700.0
1360,2021-10-21 03:41:02,112800.0,200.0,484600.0
1361,2021-10-21 03:40:50,112800.0,200.0,484400.0
1362,2021-10-21 03:40:49,112800.0,500.0,484200.0
1363,2021-10-21 03:40:47,112800.0,400.0,483700.0
1364,2021-10-21 03:40:35,112800.0,100.0,483300.0
1365,2021-10-21 03:40:33,112900.0,500.0,483200.0
1366,2021-10-21 03:40:33,112900.0,700.0,482700.0
1367,2021-10-21 03:40:33,112900.0,800.0,482000.0
1368,2021-10-21 03:40:21,112800.0,200.0,481200.0
1369,2021-10-21 03:39:57,112800.0,200.0,481000.0
1370,2021-10-21 03:39:43,112800.0,200.0,480800.0
1371,2021-10-21 03:39:21,112800.0,100.0,480600.0
1372,2021-10-21 03:39:21,112800.0,100.0,480500.0
1373,2021-10-21 03:39:21,112800.0,100.0,480400.0
1374,2021-10-21 03:39:03,112800.0,400.0,480300.0
1375,2021-10-21 03:39:03,112800.0,100.0,479900.0
1376,2021-10-21 03:39:03,112800.0,500.0,479800.0
1377,2021-10-21 03:39:03,112800.0,500.0,479300.0
1378,2021-10-21 03:39:03,112800.0,500.0,478800.0
1379,2021-10-21 03:39:03,112800.0,500.0,478300.0
1380,2021-10-21 03:38:56,112900.0,100.0,477800.0
1381,2021-10-21 03:38:52,112800.0,200.0,477700.0
1382,2021-10-21 03:38:48,112900.0,100.0,477500.0
1383,2021-10-21 03:38:27,112800.0,800.0,477400.0
1384,2021-10-21 03:38:27,112800.0,400.0,476600.0
1385,2021-10-21 03:38:27,112800.0,200.0,476200.0
1386,2021-10-21 03:38:27,112900.0,100.0,476000.0
1387,2021-10-21 03:38:18,112900.0,200.0,475900.0
1388,2021-10-21 03:38:18,112900.0,200.0,475700.0
1389,2021-10-21 03:37:38,112900.0,100.0,475500.0
1390,2021-10-21 03:37:35,112900.0,100.0,475400.0
1391,2021-10-21 03:37:35,112900.0,1000.0,475300.0
1392,2021-10-21 03:37:35,112900.0,500.0,474300.0
1393,2021-10-21 03:37:35,112900.0,800.0,473800.0
1394,2021-10-21 03:37:35,112900.0,100.0,473000.0
1395,2021-10-21 03:37:35,112900.0,100.0,472900.0
1396,2021-10-21 03:37:35,112900.0,100.0,472800.0
1397,2021-10-21 03:37:20,112900.0,100.0,472700.0
1398,2021-10-21 03:37:20,112900.0,200.0,472600.0
1399,2021-10-21 03:37:11,113000.0,100.0,472400.0
1400,2021-10-21 03:37:00,113000.0,300.0,472300.0
1401,2021-10-21 03:36:34,113000.0,1500.0,472000.0
1402,2021-10-21 03:36:29,112900.0,100.0,470500.0
1403,2021-10-21 03:36:29,112900.0,1500.0,470400.0
1404,2021-10-21 03:36:29,112900.0,100.0,468900.0
1405,2021-10-21 03:36:29,112900.0,26400.0,468800.0
1406,2021-10-21 03:35:39,113000.0,4200.0,442400.0
1407,2021-10-21 03:35:11,113100.0,300.0,438200.0
1408,2021-10-21 03:34:11,113000.0,500.0,437900.0
1409,2021-10-21 03:34:08,113000.0,2000.0,437400.0
1410,2021-10-21 03:34:00,113000.0,6000.0,435400.0
1411,2021-10-21 03:33:14,113100.0,300.0,429400.0
1412,2021-10-21 03:33:07,113000.0,1000.0,429100.0
1413,2021-10-21 03:32:52,113100.0,700.0,428100.0
1414,2021-10-21 03:32:52,113100.0,4200.0,427400.0
1415,2021-10-21 03:32:51,113100.0,800.0,423200.0
1416,2021-10-21 03:32:51,113100.0,100.0,422400.0
1417,2021-10-21 03:32:51,113100.0,200.0,422300.0
1418,2021-10-21 03:32:22,113200.0,100.0,422100.0
1419,2021-10-21 03:32:17,113100.0,300.0,422000.0
1420,2021-10-21 03:32:17,113100.0,600.0,421700.0
1421,2021-10-21 03:32:00,113100.0,100.0,421100.0
1422,2021-10-21 03:31:58,113200.0,600.0,421000.0
1423,2021-10-21 03:31:54,113100.0,200.0,420400.0
1424,2021-10-21 03:31:25,113200.0,700.0,420200.0
1425,2021-10-21 03:31:25,113200.0,200.0,419500.0
1426,2021-10-21 03:31:25,113200.0,300.0,419300.0
1427,2021-10-21 03:31:25,113200.0,100.0,419000.0
1428,2021-10-21 03:30:37,113200.0,200.0,418900.0
1429,2021-10-21 03:30:24,113200.0,200.0,418700.0
1430,2021-10-21 03:30:03,113200.0,200.0,418500.0
1431,2021-10-21 03:29:54,113200.0,1400.0,418300.0
1432,2021-10-21 03:29:33,113200.0,100.0,416900.0
1433,2021-10-21 03:29:30,113200.0,1300.0,416800.0
1434,2021-10-21 03:29:30,113200.0,800.0,415500.0
1435,2021-10-21 03:29:30,113200.0,800.0,414700.0
1436,2021-10-21 03:29:27,113200.0,500.0,413900.0
1437,2021-10-21 03:29:25,113200.0,300.0,413400.0
1438,2021-10-21 03:29:22,113200.0,200.0,413100.0
1439,2021-10-21 03:29:13,113200.0,100.0,412900.0
1440,2021-10-21 03:29:00,113200.0,100.0,412800.0
1441,2021-10-21 03:29:00,113200.0,300.0,412700.0
1442,2021-10-21 03:28:39,113200.0,1000.0,412400.0
1443,2021-10-21 03:28:21,113400.0,200.0,411400.0
1444,2021-10-21 03:27:57,113400.0,100.0,411200.0
1445,2021-10-21 03:27:47,113400.0,100.0,411100.0
1446,2021-10-21 03:27:47,113400.0,400.0,411000.0
1447,2021-10-21 03:27:47,113400.0,300.0,410600.0
1448,2021-10-21 03:26:56,113400.0,10000.0,410300.0
1449,2021-10-21 03:26:46,113500.0,100.0,400300.0
1450,2021-10-21 03:26:46,113500.0,700.0,400200.0
1451,2021-10-21 03:26:20,113600.0,100.0,399500.0
1452,2021-10-21 03:26:11,113600.0,200.0,399400.0
1453,2021-10-21 03:25:14,113500.0,800.0,399200.0
1454,2021-10-21 03:25:09,113500.0,200.0,398400.0
1455,2021-10-21 03:24:31,113500.0,100.0,398200.0
1456,2021-10-21 03:24:31,113500.0,100.0,398100.0
1457,2021-10-21 03:24:31,113500.0,200.0,398000.0
1458,2021-10-21 03:24:21,113500.0,300.0,397800.0
1459,2021-10-21 03:24:19,113500.0,100.0,397500.0
1460,2021-10-21 03:24:03,113500.0,200.0,397400.0
1461,2021-10-21 03:24:03,113500.0,100.0,397200.0
1462,2021-10-21 03:24:03,113500.0,300.0,397100.0
1463,2021-10-21 03:24:03,113500.0,100.0,396800.0
1464,2021-10-21 03:22:04,113000.0,1000.0,396700.0
1465,2021-10-21 03:22:04,113000.0,200.0,395700.0
1466,2021-10-21 03:22:04,113000.0,2300.0,395500.0
1467,2021-10-21 03:22:04,113000.0,1800.0,393200.0
1468,2021-10-21 03:21:43,113000.0,300.0,391400.0
1469,2021-10-21 03:21:41,113000.0,500.0,391100.0
1470,2021-10-21 03:21:18,113000.0,100.0,390600.0
1471,2021-10-21 03:21:14,113000.0,1000.0,390500.0
1472,2021-10-21 03:21:13,113000.0,100.0,389500.0
1473,2021-10-21 03:20:56,113000.0,100.0,389400.0
1474,2021-10-21 03:20:56,113000.0,200.0,389300.0
1475,2021-10-21 03:20:56,113000.0,1500.0,389100.0
1476,2021-10-21 03:20:56,113000.0,1000.0,387600.0
1477,2021-10-21 03:20:56,113000.0,3400.0,386600.0
1478,2021-10-21 03:20:28,113000.0,500.0,383200.0
1479,2021-10-21 03:20:26,113000.0,1100.0,382700.0
1480,2021-10-21 03:20:25,113000.0,800.0,381600.0
1481,2021-10-21 03:20:16,113000.0,500.0,380800.0
1482,2021-10-21 03:20:16,113000.0,100.0,380300.0
1483,2021-10-21 03:20:07,113000.0,400.0,380200.0
1484,2021-10-21 03:19:08,112900.0,500.0,379800.0
1485,2021-10-21 03:19:07,112900.0,500.0,379300.0
1486,2021-10-21 03:19:07,112900.0,500.0,378800.0
1487,2021-10-21 03:19:07,112900.0,100.0,378300.0
1488,2021-10-21 03:19:07,112900.0,100.0,378200.0
1489,2021-10-21 03:19:00,113000.0,200.0,378100.0
1490,2021-10-21 03:18:55,112900.0,100.0,377900.0
1491,2021-10-21 03:18:55,112900.0,100.0,377800.0
1492,2021-10-21 03:18:55,112900.0,100.0,377700.0
1493,2021-10-21 03:18:54,113000.0,1000.0,377600.0
1494,2021-10-21 03:18:45,113000.0,1000.0,376600.0
1495,2021-10-21 03:18:28,113000.0,800.0,375600.0
1496,2021-10-21 03:18:28,113000.0,100.0,374800.0
1497,2021-10-21 03:18:28,113000.0,3000.0,374700.0
1498,2021-10-21 03:18:28,113000.0,100.0,371700.0
1499,2021-10-21 03:18:28,113000.0,900.0,371600.0
1500,2021-10-21 03:17:26,113000.0,100.0,370700.0
1501,2021-10-21 03:17:16,113000.0,1300.0,370600.0
1502,2021-10-21 03:17:16,113000.0,3000.0,369300.0
1503,2021-10-21 03:17:16,113000.0,100.0,366300.0
1504,2021-10-21 03:17:16,113000.0,1000.0,366200.0
1505,2021-10-21 03:17:16,113000.0,100.0,365200.0
1506,2021-10-21 03:17:16,113000.0,400.0,365100.0
1507,2021-10-21 03:16:27,113000.0,200.0,364700.0
1508,2021-10-21 03:16:27,113000.0,400.0,364500.0
1509,2021-10-21 03:16:25,113000.0,600.0,364100.0
1510,2021-10-21 03:16:25,113000.0,400.0,363500.0
1511,2021-10-21 03:15:49,113000.0,100.0,363100.0
1512,2021-10-21 03:15:34,113000.0,800.0,363000.0
1513,2021-10-21 03:14:58,112900.0,100.0,362200.0
1514,2021-10-21 03:14:54,113000.0,100.0,362100.0
1515,2021-10-21 03:14:52,113000.0,2000.0,362000.0
1516,2021-10-21 03:14:52,113000.0,100.0,360000.0
1517,2021-10-21 03:14:52,113000.0,100.0,359900.0
1518,2021-10-21 03:14:52,113000.0,1000.0,359800.0
1519,2021-10-21 03:14:52,113000.0,1000.0,358800.0
1520,2021-10-21 03:14:52,113000.0,500.0,357800.0
1521,2021-10-21 03:14:49,113000.0,500.0,357300.0
1522,2021-10-21 03:14:49,113000.0,900.0,356800.0
1523,2021-10-21 03:14:49,113000.0,1000.0,355900.0
1524,2021-10-21 03:14:49,113000.0,100.0,354900.0
1525,2021-10-21 03:14:49,113000.0,300.0,354800.0
1526,2021-10-21 03:14:49,113000.0,500.0,354500.0
1527,2021-10-21 03:14:49,113000.0,200.0,354000.0
1528,2021-10-21 03:14:49,113000.0,500.0,353800.0
1529,2021-10-21 03:14:49,113000.0,500.0,353300.0
1530,2021-10-21 03:14:49,113000.0,200.0,352800.0
1531,2021-10-21 03:14:49,113000.0,200.0,352600.0
1532,2021-10-21 03:14:49,113000.0,100.0,352400.0
1533,2021-10-21 03:14:49,113000.0,200.0,352300.0
1534,2021-10-21 03:14:49,113000.0,300.0,352100.0
1535,2021-10-21 03:14:49,113000.0,1500.0,351800.0
1536,2021-10-21 03:14:49,113000.0,300.0,350300.0
1537,2021-10-21 03:14:49,113000.0,100.0,350000.0
1538,2021-10-21 03:14:49,113000.0,800.0,349900.0
1539,2021-10-21 03:14:49,113100.0,1100.0,349100.0
1540,2021-10-21 03:14:44,113100.0,500.0,348000.0
1541,2021-10-21 03:14:32,113000.0,1200.0,347500.0
1542,2021-10-21 03:14:32,113000.0,100.0,346300.0
1543,2021-10-21 03:14:32,113000.0,2000.0,346200.0
1544,2021-10-21 03:14:32,113000.0,100.0,344200.0
1545,2021-10-21 03:14:32,113100.0,100.0,344100.0
1546,2021-10-21 03:14:32,113100.0,100.0,344000.0
1547,2021-10-21 03:14:32,113100.0,200.0,343900.0
1548,2021-10-21 03:14:32,113100.0,1200.0,343700.0
1549,2021-10-21 03:14:21,113200.0,5000.0,342500.0
1550,2021-10-21 03:14:08,113100.0,100.0,337500.0
1551,2021-10-21 03:14:08,113100.0,500.0,337400.0
1552,2021-10-21 03:14:08,113100.0,1000.0,336900.0
1553,2021-10-21 03:14:08,113100.0,2100.0,335900.0
1554,2021-10-21 03:14:08,113200.0,100.0,333800.0
1555,2021-10-21 03:14:08,113200.0,1000.0,333700.0
1556,2021-10-21 03:14:08,113200.0,100.0,332700.0
1557,2021-10-21 03:14:08,113200.0,100.0,332600.0
1558,2021-10-21 03:14:08,113500.0,100.0,332500.0
1559,2021-10-21 03:14:08,113500.0,100.0,332400.0
1560,2021-10-21 03:14:08,113500.0,1400.0,332300.0
1561,2021-10-21 03:14:08,113300.0,400.0,330900.0
1562,2021-10-21 03:13:45,113300.0,100.0,330500.0
1563,2021-10-21 03:12:35,113500.0,2800.0,330400.0
1564,2021-10-21 03:12:35,113300.0,200.0,327600.0
1565,2021-10-21 03:12:31,113300.0,500.0,327400.0
1566,2021-10-21 03:12:28,113300.0,100.0,326900.0
1567,2021-10-21 03:12:10,113300.0,500.0,326800.0
1568,2021-10-21 03:11:37,113300.0,100.0,326300.0
1569,2021-10-21 03:11:37,113300.0,300.0,326200.0
1570,2021-10-21 03:11:26,113300.0,600.0,325900.0
1571,2021-10-21 03:11:11,113300.0,100.0,325300.0
1572,2021-10-21 03:11:04,113300.0,100.0,325200.0
1573,2021-10-21 03:10:59,113300.0,100.0,325100.0
1574,2021-10-21 03:10:59,113300.0,400.0,325000.0
1575,2021-10-21 03:10:56,113300.0,200.0,324600.0
1576,2021-10-21 03:10:56,113300.0,500.0,324400.0
1577,2021-10-21 03:10:56,113300.0,300.0,323900.0
1578,2021-10-21 03:10:55,113300.0,200.0,323600.0
1579,2021-10-21 03:10:48,113300.0,500.0,323400.0
1580,2021-10-21 03:10:48,113300.0,500.0,322900.0
1581,2021-10-21 03:10:43,113300.0,100.0,322400.0
1582,2021-10-21 03:10:35,113300.0,200.0,322300.0
1583,2021-10-21 03:10:25,113300.0,1000.0,322100.0
1584,2021-10-21 03:10:22,113500.0,100.0,321100.0
1585,2021-10-21 03:10:16,113500.0,100.0,321000.0
1586,2021-10-21 03:09:28,113500.0,500.0,320900.0
1587,2021-10-21 03:09:17,113500.0,500.0,320400.0
1588,2021-10-21 03:08:54,113500.0,1000.0,319900.0
1589,2021-10-21 03:08:50,113500.0,500.0,318900.0
1590,2021-10-21 03:08:50,113500.0,3100.0,318400.0
1591,2021-10-21 03:08:43,113500.0,500.0,315300.0
1592,2021-10-21 03:08:41,113500.0,500.0,314800.0
1593,2021-10-21 03:08:02,113500.0,800.0,314300.0
1594,2021-10-21 03:08:02,113500.0,200.0,313500.0
1595,2021-10-21 03:07:50,113800.0,100.0,313300.0
1596,2021-10-21 03:07:20,113800.0,100.0,313200.0
1597,2021-10-21 03:07:20,113800.0,200.0,313100.0
1598,2021-10-21 03:07:01,113800.0,800.0,312900.0
1599,2021-10-21 03:06:33,113800.0,1000.0,312100.0
1600,2021-10-21 03:06:02,113500.0,3000.0,311100.0
1601,2021-10-21 03:05:56,113500.0,100.0,308100.0
1602,2021-10-21 03:05:54,113500.0,300.0,308000.0
1603,2021-10-21 03:05:54,113500.0,5000.0,307700.0
1604,2021-10-21 03:05:54,113500.0,100.0,302700.0
1605,2021-10-21 03:05:54,113500.0,1000.0,302600.0
1606,2021-10-21 03:05:54,113500.0,200.0,301600.0
1607,2021-10-21 03:05:54,113500.0,5000.0,301400.0
1608,2021-10-21 03:05:54,113500.0,400.0,296400.0
1609,2021-10-21 03:05:54,113600.0,700.0,296000.0
1610,2021-10-21 03:05:54,113600.0,4200.0,295300.0
1611,2021-10-21 03:05:02,114000.0,300.0,291100.0
1612,2021-10-21 03:05:02,114000.0,200.0,290800.0
1613,2021-10-21 03:05:02,113600.0,800.0,290600.0
1614,2021-10-21 03:05:02,113600.0,100.0,289800.0
1615,2021-10-21 03:05:02,113600.0,500.0,289700.0
1616,2021-10-21 03:05:02,113600.0,400.0,289200.0
1617,2021-10-21 03:05:02,113700.0,2000.0,288800.0
1618,2021-10-21 03:05:02,113700.0,100.0,286800.0
1619,2021-10-21 03:05:02,113700.0,1100.0,286700.0
1620,2021-10-21 03:04:54,113800.0,5000.0,285600.0
1621,2021-10-21 03:03:48,113700.0,1000.0,280600.0
1622,2021-10-21 03:03:27,113700.0,200.0,279600.0
1623,2021-10-21 03:03:20,113700.0,500.0,279400.0
1624,2021-10-21 03:03:05,113700.0,200.0,278900.0
1625,2021-10-21 03:02:47,113600.0,100.0,278700.0
1626,2021-10-21 03:02:27,114000.0,100.0,278600.0
1627,2021-10-21 03:02:27,114000.0,700.0,278500.0
1628,2021-10-21 03:02:27,114000.0,700.0,277800.0
1629,2021-10-21 03:02:27,114000.0,500.0,277100.0
1630,2021-10-21 03:01:51,114000.0,1500.0,276600.0
1631,2021-10-21 03:01:51,114000.0,100.0,275100.0
1632,2021-10-21 03:01:51,114000.0,200.0,275000.0
1633,2021-10-21 03:01:51,114000.0,500.0,274800.0
1634,2021-10-21 03:01:51,114000.0,500.0,274300.0
1635,2021-10-21 03:01:51,114000.0,200.0,273800.0
1636,2021-10-21 03:01:51,114000.0,500.0,273600.0
1637,2021-10-21 03:01:51,114000.0,100.0,273100.0
1638,2021-10-21 03:01:51,114000.0,200.0,273000.0
1639,2021-10-21 03:01:51,114000.0,500.0,272800.0
1640,2021-10-21 03:01:51,114100.0,1000.0,272300.0
1641,2021-10-21 03:01:51,114100.0,500.0,271300.0
1642,2021-10-21 03:01:51,114100.0,2000.0,270800.0
1643,2021-10-21 03:01:51,114100.0,1100.0,268800.0
1644,2021-10-21 03:01:51,114100.0,400.0,267700.0
1645,2021-10-21 03:01:51,114100.0,400.0,267300.0
1646,2021-10-21 03:01:51,114100.0,300.0,266900.0
1647,2021-10-21 03:01:21,114200.0,100.0,266600.0
1648,2021-10-21 03:01:21,114200.0,100.0,266500.0
1649,2021-10-21 03:01:05,114200.0,300.0,266400.0
1650,2021-10-21 02:58:53,114300.0,400.0,266100.0
1651,2021-10-21 02:58:23,114200.0,500.0,265700.0
1652,2021-10-21 02:58:00,114200.0,100.0,265200.0
1653,2021-10-21 02:58:00,114200.0,200.0,265100.0
1654,2021-10-21 02:57:57,114200.0,100.0,264900.0
1655,2021-10-21 02:57:40,114200.0,100.0,264800.0
1656,2021-10-21 02:57:40,114200.0,200.0,264700.0
1657,2021-10-21 02:57:40,114200.0,400.0,264500.0
1658,2021-10-21 02:57:14,114200.0,100.0,264100.0
1659,2021-10-21 02:54:51,114300.0,200.0,264000.0
1660,2021-10-21 02:54:50,114300.0,500.0,263800.0
1661,2021-10-21 02:54:50,114300.0,2800.0,263300.0
1662,2021-10-21 02:54:46,114300.0,1100.0,260500.0
1663,2021-10-21 02:54:10,114400.0,700.0,259400.0
1664,2021-10-21 02:54:10,114400.0,300.0,258700.0
1665,2021-10-21 02:54:09,114400.0,300.0,258400.0
1666,2021-10-21 02:54:09,114400.0,100.0,258100.0
1667,2021-10-21 02:54:09,114400.0,100.0,258000.0
1668,2021-10-21 02:54:09,114400.0,100.0,257900.0
1669,2021-10-21 02:54:09,114400.0,300.0,257800.0
1670,2021-10-21 02:54:09,114400.0,100.0,257500.0
1671,2021-10-21 02:53:56,114300.0,400.0,257400.0
1672,2021-10-21 02:53:40,114300.0,700.0,257000.0
1673,2021-10-21 02:53:01,114200.0,100.0,256300.0
1674,2021-10-21 02:52:49,114400.0,100.0,256200.0
1675,2021-10-21 02:52:34,114400.0,200.0,256100.0
1676,2021-10-21 02:52:24,114200.0,400.0,255900.0
1677,2021-10-21 02:52:24,114200.0,600.0,255500.0
1678,2021-10-21 02:52:09,114400.0,100.0,254900.0
1679,2021-10-21 02:51:39,114400.0,100.0,254800.0
1680,2021-10-21 02:51:39,114400.0,300.0,254700.0
1681,2021-10-21 02:51:11,114200.0,300.0,254400.0
1682,2021-10-21 02:50:07,114200.0,1000.0,254100.0
1683,2021-10-21 02:50:03,114200.0,100.0,253100.0
1684,2021-10-21 02:49:43,114400.0,100.0,253000.0
1685,2021-10-21 02:49:10,114400.0,100.0,252900.0
1686,2021-10-21 02:48:10,114400.0,1100.0,252800.0
1687,2021-10-21 02:45:27,114100.0,200.0,251700.0
1688,2021-10-21 02:45:27,114100.0,800.0,251500.0
1689,2021-10-21 02:44:00,114400.0,100.0,250700.0
1690,2021-10-21 02:43:35,114100.0,100.0,250600.0
1691,2021-10-21 02:43:08,114100.0,1100.0,250500.0
1692,2021-10-21 02:43:08,114100.0,500.0,249400.0
1693,2021-10-21 02:43:05,114100.0,700.0,248900.0
1694,2021-10-21 02:42:48,114100.0,300.0,248200.0
1695,2021-10-21 02:42:48,114100.0,100.0,247900.0
1696,2021-10-21 02:42:48,114100.0,200.0,247800.0
1697,2021-10-21 02:42:48,114100.0,300.0,247600.0
1698,2021-10-21 02:42:48,114100.0,4400.0,247300.0
1699,2021-10-21 02:42:04,114100.0,100.0,242900.0
1700,2021-10-21 02:41:17,114100.0,1700.0,242800.0
1701,2021-10-21 02:39:38,114500.0,200.0,241100.0
1702,2021-10-21 02:39:38,114500.0,500.0,240900.0
1703,2021-10-21 02:37:49,114500.0,100.0,240400.0
1704,2021-10-21 02:37:44,114500.0,500.0,240300.0
1705,2021-10-21 02:37:21,114500.0,400.0,239800.0
1706,2021-10-21 02:37:20,114500.0,600.0,239400.0
1707,2021-10-21 02:37:17,114500.0,100.0,238800.0
1708,2021-10-21 02:37:17,114500.0,100.0,238700.0
1709,2021-10-21 02:37:17,114500.0,200.0,238600.0
1710,2021-10-21 02:37:02,114500.0,200.0,238400.0
1711,2021-10-21 02:36:50,114500.0,1000.0,238200.0
1712,2021-10-21 02:36:29,114500.0,1000.0,237200.0
1713,2021-10-21 02:36:26,114500.0,900.0,236200.0
1714,2021-10-21 02:36:16,114500.0,300.0,235300.0
1715,2021-10-21 02:35:59,114500.0,600.0,235000.0
1716,2021-10-21 02:35:50,114700.0,100.0,234400.0
1717,2021-10-21 02:35:46,114500.0,200.0,234300.0
1718,2021-10-21 02:35:46,114500.0,200.0,234100.0
1719,2021-10-21 02:35:46,114500.0,6700.0,233900.0
1720,2021-10-21 02:35:46,114100.0,400.0,227200.0
1721,2021-10-21 02:35:41,114100.0,3400.0,226800.0
1722,2021-10-21 02:35:41,114100.0,4000.0,223400.0
1723,2021-10-21 02:35:41,114100.0,800.0,219400.0
1724,2021-10-21 02:35:41,114100.0,300.0,218600.0
1725,2021-10-21 02:35:41,114100.0,1000.0,218300.0
1726,2021-10-21 02:35:41,114100.0,300.0,217300.0
1727,2021-10-21 02:35:41,114300.0,200.0,217000.0
1728,2021-10-21 02:35:12,114500.0,300.0,216800.0
1729,2021-10-21 02:34:55,114500.0,3000.0,216500.0
1730,2021-10-21 02:34:44,114500.0,1200.0,213500.0
1731,2021-10-21 02:34:38,114500.0,100.0,212300.0
1732,2021-10-21 02:34:38,114500.0,100.0,212200.0
1733,2021-10-21 02:34:37,114500.0,9800.0,212100.0
1734,2021-10-21 02:34:32,114500.0,100.0,202300.0
1735,2021-10-21 02:34:32,114500.0,100.0,202200.0
1736,2021-10-21 02:34:15,114500.0,100.0,202100.0
1737,2021-10-21 02:33:55,114100.0,100.0,202000.0
1738,2021-10-21 02:33:37,114100.0,500.0,201900.0
1739,2021-10-21 02:33:37,114100.0,300.0,201400.0
1740,2021-10-21 02:33:37,114200.0,500.0,201100.0
1741,2021-10-21 02:33:37,114200.0,100.0,200600.0
1742,2021-10-21 02:33:37,114200.0,500.0,200500.0
1743,2021-10-21 02:33:37,114200.0,100.0,200000.0
1744,2021-10-21 02:33:37,114300.0,1000.0,199900.0
1745,2021-10-21 02:33:37,114300.0,200.0,198900.0
1746,2021-10-21 02:33:23,114500.0,100.0,198700.0
1747,2021-10-21 02:32:53,114500.0,100.0,198600.0
1748,2021-10-21 02:32:53,114500.0,700.0,198500.0
1749,2021-10-21 02:32:45,114500.0,400.0,197800.0
1750,2021-10-21 02:32:35,114500.0,2000.0,197400.0
1751,2021-10-21 02:32:20,114500.0,6900.0,195400.0
1752,2021-10-21 02:31:44,114200.0,200.0,188500.0
1753,2021-10-21 02:31:14,114200.0,700.0,188300.0
1754,2021-10-21 02:30:41,114100.0,2500.0,187600.0
1755,2021-10-21 02:30:41,114200.0,500.0,185100.0
1756,2021-10-21 02:29:42,114100.0,2200.0,184600.0
1757,2021-10-21 02:29:42,114100.0,400.0,182400.0
1758,2021-10-21 02:29:42,114200.0,2200.0,182000.0
1759,2021-10-21 02:29:42,114200.0,500.0,179800.0
1760,2021-10-21 02:29:42,114300.0,1000.0,179300.0
1761,2021-10-21 02:29:42,114300.0,300.0,178300.0
1762,2021-10-21 02:29:42,114400.0,1400.0,178000.0
1763,2021-10-21 02:29:42,114500.0,4800.0,176600.0
1764,2021-10-21 02:29:17,114500.0,500.0,171800.0
1765,2021-10-21 02:29:17,114500.0,4700.0,171300.0
1766,2021-10-21 02:29:11,114500.0,300.0,166600.0
1767,2021-10-21 02:29:11,114500.0,700.0,166300.0
1768,2021-10-21 02:28:56,114500.0,200.0,165600.0
1769,2021-10-21 02:28:23,114500.0,100.0,165400.0
1770,2021-10-21 02:28:23,114500.0,4000.0,165300.0
1771,2021-10-21 02:28:10,114500.0,1000.0,161300.0
1772,2021-10-21 02:28:03,114500.0,5000.0,160300.0
1773,2021-10-21 02:27:26,114500.0,100.0,155300.0
1774,2021-10-21 02:27:26,114500.0,300.0,155200.0
1775,2021-10-21 02:27:26,114500.0,100.0,154900.0
1776,2021-10-21 02:27:26,114500.0,500.0,154800.0
1777,2021-10-21 02:27:18,114500.0,500.0,154300.0
1778,2021-10-21 02:27:18,114500.0,500.0,153800.0
1779,2021-10-21 02:27:04,114500.0,500.0,153300.0
1780,2021-10-21 02:27:04,114500.0,100.0,152800.0
1781,2021-10-21 02:27:04,114500.0,1000.0,152700.0
1782,2021-10-21 02:27:04,114500.0,100.0,151700.0
1783,2021-10-21 02:26:48,114500.0,100.0,151600.0
1784,2021-10-21 02:26:48,114600.0,1900.0,151500.0
1785,2021-10-21 02:26:34,114500.0,100.0,149600.0
1786,2021-10-21 02:26:34,114500.0,900.0,149500.0
1787,2021-10-21 02:26:19,114500.0,100.0,148600.0
1788,2021-10-21 02:26:19,114500.0,200.0,148500.0
1789,2021-10-21 02:25:51,114500.0,300.0,148300.0
1790,2021-10-21 02:25:51,114500.0,700.0,148000.0
1791,2021-10-21 02:25:47,114500.0,900.0,147300.0
1792,2021-10-21 02:25:44,114500.0,2500.0,146400.0
1793,2021-10-21 02:25:34,114500.0,2000.0,143900.0
1794,2021-10-21 02:25:12,114500.0,1000.0,141900.0
1795,2021-10-21 02:24:45,114500.0,2500.0,140900.0
1796,2021-10-21 02:24:45,114400.0,400.0,138400.0
1797,2021-10-21 02:24:42,114100.0,100.0,138000.0
1798,2021-10-21 02:24:42,114400.0,300.0,137900.0
1799,2021-10-21 02:24:41,114400.0,200.0,137600.0
1800,2021-10-21 02:24:19,114400.0,100.0,137400.0
1801,2021-10-21 02:23:38,114500.0,1000.0,137300.0
1802,2021-10-21 02:23:38,114500.0,200.0,136300.0
1803,2021-10-21 02:23:38,114500.0,200.0,136100.0
1804,2021-10-21 02:23:38,114500.0,500.0,135900.0
1805,2021-10-21 02:23:38,114500.0,1500.0,135400.0
1806,2021-10-21 02:23:12,115000.0,300.0,133900.0
1807,2021-10-21 02:23:12,115000.0,700.0,133600.0
1808,2021-10-21 02:21:16,115000.0,100.0,132900.0
1809,2021-10-21 02:20:51,115000.0,100.0,132800.0
1810,2021-10-21 02:20:50,115000.0,100.0,132700.0
1811,2021-10-21 02:20:50,115000.0,100.0,132600.0
1812,2021-10-21 02:20:44,114500.0,500.0,132500.0
1813,2021-10-21 02:20:44,114500.0,200.0,132000.0
1814,2021-10-21 02:20:44,115000.0,100.0,131800.0
1815,2021-10-21 02:20:44,115000.0,700.0,131700.0
1816,2021-10-21 02:20:41,115000.0,500.0,131000.0
1817,2021-10-21 02:20:36,115000.0,100.0,130500.0
1818,2021-10-21 02:20:32,115000.0,500.0,130400.0
1819,2021-10-21 02:20:30,115000.0,200.0,129900.0
1820,2021-10-21 02:20:30,115000.0,100.0,129700.0
1821,2021-10-21 02:20:30,115000.0,1700.0,129600.0
1822,2021-10-21 02:20:26,115000.0,1000.0,127900.0
1823,2021-10-21 02:20:21,115000.0,5000.0,126900.0
1824,2021-10-21 02:20:17,115000.0,300.0,121900.0
1825,2021-10-21 02:20:09,115000.0,300.0,121600.0
1826,2021-10-21 02:20:09,115000.0,100.0,121300.0
1827,2021-10-21 02:20:09,115000.0,1600.0,121200.0
1828,2021-10-21 02:19:57,115000.0,200.0,119600.0
1829,2021-10-21 02:19:47,115000.0,200.0,119400.0
1830,2021-10-21 02:19:47,115000.0,800.0,119200.0
1831,2021-10-21 02:19:43,115000.0,100.0,118400.0
1832,2021-10-21 02:19:20,115000.0,3000.0,118300.0
1833,2021-10-21 02:19:20,115000.0,100.0,115300.0
1834,2021-10-21 02:19:20,115000.0,100.0,115200.0
1835,2021-10-21 02:19:20,115000.0,100.0,115100.0
1836,2021-10-21 02:19:20,115000.0,800.0,115000.0
1837,2021-10-21 02:18:56,115300.0,100.0,114200.0
1838,2021-10-21 02:18:34,115000.0,200.0,114100.0
1839,2021-10-21 02:18:34,115000.0,500.0,113900.0
1840,2021-10-21 02:18:34,115000.0,1000.0,113400.0
1841,2021-10-21 02:18:34,115000.0,9000.0,112400.0
1842,2021-10-21 02:18:34,115000.0,2000.0,103400.0
1843,2021-10-21 02:18:34,115000.0,2300.0,101400.0
1844,2021-10-21 02:18:29,115000.0,100.0,99100.0
1845,2021-10-21 02:18:22,115000.0,100.0,99000.0
1846,2021-10-21 02:17:59,115000.0,100.0,98900.0
1847,2021-10-21 02:17:44,115000.0,600.0,98800.0
1848,2021-10-21 02:17:20,115000.0,1400.0,98200.0
1849,2021-10-21 02:17:11,115000.0,100.0,96800.0
1850,2021-10-21 02:16:56,115000.0,1000.0,96700.0
1851,2021-10-21 02:16:56,115000.0,3000.0,95700.0
1852,2021-10-21 02:16:56,115000.0,300.0,92700.0
1853,2021-10-21 02:16:47,115000.0,200.0,92400.0
1854,2021-10-21 02:16:47,115000.0,800.0,92200.0
1855,2021-10-21 02:16:37,115000.0,1000.0,91400.0
1856,2021-10-21 02:16:27,114500.0,1000.0,90400.0
1857,2021-10-21 02:16:24,115000.0,200.0,89400.0
1858,2021-10-21 02:16:23,115000.0,100.0,89200.0
1859,2021-10-21 02:16:22,115400.0,100.0,89100.0
1860,2021-10-21 02:16:12,114500.0,8800.0,89000.0
1861,2021-10-21 02:16:12,114500.0,400.0,80200.0
1862,2021-10-21 02:16:12,115000.0,100.0,79800.0
1863,2021-10-21 02:16:11,115000.0,200.0,79700.0
1864,2021-10-21 02:16:08,115000.0,700.0,79500.0
1865,2021-10-21 02:16:08,115000.0,500.0,78800.0
1866,2021-10-21 02:16:08,115000.0,800.0,78300.0
1867,2021-10-21 02:16:03,115000.0,1000.0,77500.0
1868,2021-10-21 02:15:56,115000.0,2200.0,76500.0
1869,2021-10-21 02:15:55,115000.0,200.0,74300.0
1870,2021-10-21 02:15:47,115000.0,100.0,74100.0
1871,2021-10-21 02:15:47,114900.0,900.0,74000.0
1872,2021-10-21 02:15:47,114900.0,2600.0,73100.0
1873,2021-10-21 02:15:40,114900.0,700.0,70500.0
1874,2021-10-21 02:15:37,114500.0,600.0,69800.0
1875,2021-10-21 02:15:37,114500.0,300.0,69200.0
1876,2021-10-21 02:15:37,114500.0,800.0,68900.0
1877,2021-10-21 02:15:37,114500.0,100.0,68100.0
1878,2021-10-21 02:15:37,114500.0,2000.0,68000.0
1879,2021-10-21 02:15:37,114500.0,1000.0,66000.0
1880,2021-10-21 02:15:37,114500.0,100.0,65000.0
1881,2021-10-21 02:15:37,114500.0,1000.0,64900.0
1882,2021-10-21 02:15:37,114500.0,500.0,63900.0
1883,2021-10-21 02:15:37,114500.0,500.0,63400.0
1884,2021-10-21 02:15:37,114500.0,900.0,62900.0
1885,2021-10-21 02:15:37,114500.0,100.0,62000.0
1886,2021-10-21 02:15:37,114500.0,2000.0,61900.0
1887,2021-10-21 02:15:37,114500.0,100.0,59900.0
1888,2021-10-21 02:15:07,114900.0,300.0,59800.0
1889,2021-10-21 02:15:06,115000.0,100.0,59500.0
1890,2021-10-21 02:15:06,115000.0,500.0,59400.0
1891,2021-10-21 02:15:06,115000.0,300.0,58900.0
1892,2021-10-21 02:15:06,115000.0,5000.0,58600.0
1893,2021-10-21 02:15:06,115000.0,500.0,53600.0
1894,2021-10-21 02:15:05,115000.0,500.0,53100.0
1895,2021-10-21 02:15:05,115000.0,500.0,52600.0
1896,2021-10-21 02:15:00,115000.0,100.0,52100.0
1897,2021-10-21 02:15:00,115000.0,400.0,52000.0
1898,2021-10-21 02:15:00,115000.0,900.0,51600.0
1899,2021-10-21 02:15:00,115000.0,500.0,50700.0
1900,2021-10-21 02:15:00,115000.0,100.0,50200.0
1901,2021-10-21 02:15:00,115000.0,500.0,50100.0
1902,2021-10-21 02:15:00,115000.0,100.0,49600.0
1903,2021-10-21 02:15:00,115000.0,100.0,49500.0
1904,2021-10-21 02:15:00,115000.0,100.0,49400.0
1905,2021-10-21 02:15:00,115000.0,100.0,49300.0
1906,2021-10-21 02:15:00,115000.0,6100.0,49200.0
1907,2021-10-21 02:15:00,115000.0,1000.0,43100.0
1908,2021-10-21 02:15:00,115000.0,1000.0,42100.0
1909,2021-10-21 02:15:00,115000.0,1000.0,41100.0
1910,2021-10-21 02:15:00,115000.0,3000.0,40100.0
1911,2021-10-21 02:15:00,115000.0,500.0,37100.0
1912,2021-10-21 02:15:00,115000.0,100.0,36600.0
1913,2021-10-21 02:15:00,115000.0,100.0,36500.0
1914,2021-10-21 02:15:00,115000.0,10900.0,36400.0
1915,2021-10-21 02:15:00,115000.0,5000.0,25500.0
1916,2021-10-21 02:15:00,115000.0,200.0,20500.0
1917,2021-10-21 02:15:00,115000.0,100.0,20300.0
1918,2021-10-21 02:15:00,115000.0,100.0,20200.0
1919,2021-10-21 02:15:00,115000.0,5000.0,20100.0
1920,2021-10-21 02:15:00,115000.0,100.0,15100.0
1921,2021-10-21 02:15:00,115000.0,2000.0,15000.0
1922,2021-10-21 02:15:00,115000.0,100.0,13000.0
1923,2021-10-21 02:15:00,115000.0,100.0,12900.0
1924,2021-10-21 02:15:00,115000.0,2700.0,12800.0
1925,2021-10-21 02:15:00,115000.0,100.0,10100.0
1926,2021-10-21 02:15:00,115000.0,200.0,10000.0
1927,2021-10-21 02:15:00,115000.0,300.0,9800.0
1928,2021-10-21 02:15:00,115000.0,500.0,9500.0
1929,2021-10-21 02:15:00,115000.0,100.0,9000.0
1930,2021-10-21 02:15:00,115000.0,1100.0,8900.0
1931,2021-10-21 02:15:00,115000.0,800.0,7800.0
1932,2021-10-21 02:15:00,115000.0,1000.0,7000.0
1933,2021-10-21 02:15:00,115000.0,2000.0,6000.0
1934,2021-10-21 02:15:00,115000.0,2000.0,4000.0
1935,2021-10-21 02:15:00,115000.0,100.0,2000.0
1936,2021-10-21 02:15:00,115000.0,500.0,1900.0
1937,2021-10-21 02:15:00,115000.0,800.0,1400.0
1938,2021-10-21 02:15:00,115000.0,100.0,600.0
1939,2021-10-21 02:15:00,115000.0,500.0,500.0
