,Time,Price,Volume_per_trade,Volume
0,2021-10-01 14:45:01,104000.0,1000.0,4046700.0
1,2021-10-01 14:45:01,104000.0,100.0,4045700.0
2,2021-10-01 14:45:01,104000.0,100.0,4045600.0
3,2021-10-01 14:45:01,104000.0,1000.0,4045500.0
4,2021-10-01 14:45:01,104000.0,100.0,4044500.0
5,2021-10-01 14:45:01,104000.0,1000.0,4044400.0
6,2021-10-01 14:45:01,104000.0,1000.0,4043400.0
7,2021-10-01 14:45:01,104000.0,100.0,4042400.0
8,2021-10-01 14:45:01,104000.0,100.0,4042300.0
9,2021-10-01 14:45:01,104000.0,200.0,4042200.0
10,2021-10-01 14:45:01,104000.0,100.0,4042000.0
11,2021-10-01 14:45:01,104000.0,100.0,4041900.0
12,2021-10-01 14:45:01,104000.0,500.0,4041800.0
13,2021-10-01 14:45:01,104000.0,500.0,4041300.0
14,2021-10-01 14:45:01,104000.0,200.0,4040800.0
15,2021-10-01 14:45:01,104000.0,200.0,4040600.0
16,2021-10-01 14:45:01,104000.0,200.0,4040400.0
17,2021-10-01 14:45:01,104000.0,100.0,4040200.0
18,2021-10-01 14:45:01,104000.0,3000.0,4040100.0
19,2021-10-01 14:45:01,104000.0,1000.0,4037100.0
20,2021-10-01 14:45:01,104000.0,2000.0,4036100.0
21,2021-10-01 14:45:01,104000.0,600.0,4034100.0
22,2021-10-01 14:45:01,104000.0,1000.0,4033500.0
23,2021-10-01 14:45:01,104000.0,22300.0,4032500.0
24,2021-10-01 14:45:01,104000.0,100.0,4010200.0
25,2021-10-01 14:45:01,104000.0,100.0,4010100.0
26,2021-10-01 14:45:01,104000.0,1500.0,4010000.0
27,2021-10-01 14:45:01,104000.0,100.0,4008500.0
28,2021-10-01 14:45:01,104000.0,400.0,4008400.0
29,2021-10-01 14:45:01,104000.0,500.0,4008000.0
30,2021-10-01 14:45:01,104000.0,100.0,4007500.0
31,2021-10-01 14:45:01,104000.0,2000.0,4007400.0
32,2021-10-01 14:45:01,104000.0,300.0,4005400.0
33,2021-10-01 14:45:01,104000.0,100.0,4005100.0
34,2021-10-01 14:45:01,104000.0,100.0,4005000.0
35,2021-10-01 14:45:01,104000.0,200.0,4004900.0
36,2021-10-01 14:45:01,104000.0,900.0,4004700.0
37,2021-10-01 14:45:01,104000.0,800.0,4003800.0
38,2021-10-01 14:45:01,104000.0,200.0,4003000.0
39,2021-10-01 14:45:01,104000.0,100.0,4002800.0
40,2021-10-01 14:45:01,104000.0,300.0,4002700.0
41,2021-10-01 14:45:01,104000.0,2000.0,4002400.0
42,2021-10-01 14:45:01,104000.0,100.0,4000400.0
43,2021-10-01 14:45:01,104000.0,2000.0,4000300.0
44,2021-10-01 14:45:01,104000.0,9900.0,3998300.0
45,2021-10-01 14:45:01,104000.0,100.0,3988400.0
46,2021-10-01 14:45:01,104000.0,400.0,3988300.0
47,2021-10-01 14:45:01,104000.0,1600.0,3987900.0
48,2021-10-01 14:45:01,104000.0,300.0,3986300.0
49,2021-10-01 14:45:01,104000.0,100.0,3986000.0
50,2021-10-01 14:45:01,104000.0,200.0,3985900.0
51,2021-10-01 14:45:01,104000.0,200.0,3985700.0
52,2021-10-01 14:45:01,104000.0,100.0,3985500.0
53,2021-10-01 14:45:01,104000.0,100.0,3985400.0
54,2021-10-01 14:45:01,104000.0,1000.0,3985300.0
55,2021-10-01 14:45:01,104000.0,1000.0,3984300.0
56,2021-10-01 14:45:01,104000.0,100.0,3983300.0
57,2021-10-01 14:45:01,104000.0,100.0,3983200.0
58,2021-10-01 14:45:01,104000.0,300.0,3983100.0
59,2021-10-01 14:45:01,104000.0,200.0,3982800.0
60,2021-10-01 14:45:01,104000.0,200.0,3982600.0
61,2021-10-01 14:45:01,104000.0,500.0,3982400.0
62,2021-10-01 14:45:01,104000.0,300.0,3981900.0
63,2021-10-01 14:45:01,104000.0,200.0,3981600.0
64,2021-10-01 14:45:01,104000.0,500.0,3981400.0
65,2021-10-01 14:45:01,104000.0,200.0,3980900.0
66,2021-10-01 14:45:01,104000.0,1000.0,3980700.0
67,2021-10-01 14:45:01,104000.0,500.0,3979700.0
68,2021-10-01 14:45:01,104000.0,1000.0,3979200.0
69,2021-10-01 14:45:01,104000.0,300.0,3978200.0
70,2021-10-01 14:45:01,104000.0,1000.0,3977900.0
71,2021-10-01 14:45:01,104000.0,400.0,3976900.0
72,2021-10-01 14:45:01,104000.0,100.0,3976500.0
73,2021-10-01 14:45:01,104000.0,100.0,3976400.0
74,2021-10-01 14:45:01,104000.0,4400.0,3976300.0
75,2021-10-01 14:45:01,104000.0,2000.0,3971900.0
76,2021-10-01 14:45:01,104000.0,2000.0,3969900.0
77,2021-10-01 14:45:01,104000.0,200.0,3967900.0
78,2021-10-01 14:45:01,104000.0,1000.0,3967700.0
79,2021-10-01 14:45:01,104000.0,100.0,3966700.0
80,2021-10-01 14:45:01,104000.0,100.0,3966600.0
81,2021-10-01 14:45:01,104000.0,100.0,3966500.0
82,2021-10-01 14:45:01,104000.0,100.0,3966400.0
83,2021-10-01 14:45:01,104000.0,400.0,3966300.0
84,2021-10-01 14:45:01,104000.0,500.0,3965900.0
85,2021-10-01 14:45:01,104000.0,2100.0,3965400.0
86,2021-10-01 14:45:01,104000.0,900.0,3963300.0
87,2021-10-01 14:45:01,104000.0,500.0,3962400.0
88,2021-10-01 14:45:01,104000.0,100.0,3961900.0
89,2021-10-01 14:45:01,104000.0,300.0,3961800.0
90,2021-10-01 14:45:01,104000.0,200.0,3961500.0
91,2021-10-01 14:45:01,104000.0,300.0,3961300.0
92,2021-10-01 14:45:01,104000.0,500.0,3961000.0
93,2021-10-01 14:45:01,104000.0,100.0,3960500.0
94,2021-10-01 14:45:01,104000.0,1100.0,3960400.0
95,2021-10-01 14:45:01,104000.0,500.0,3959300.0
96,2021-10-01 14:45:01,104000.0,1000.0,3958800.0
97,2021-10-01 14:45:01,104000.0,2400.0,3957800.0
98,2021-10-01 14:45:01,104000.0,300.0,3955400.0
99,2021-10-01 14:45:01,104000.0,200.0,3955100.0
100,2021-10-01 14:45:01,104000.0,1000.0,3954900.0
101,2021-10-01 14:45:01,104000.0,300.0,3953900.0
102,2021-10-01 14:45:01,104000.0,100.0,3953600.0
103,2021-10-01 14:45:01,104000.0,100.0,3953500.0
104,2021-10-01 14:45:01,104000.0,200.0,3953400.0
105,2021-10-01 14:45:01,104000.0,500.0,3953200.0
106,2021-10-01 14:45:01,104000.0,1000.0,3952700.0
107,2021-10-01 14:45:01,104000.0,1900.0,3951700.0
108,2021-10-01 14:45:01,104000.0,100.0,3949800.0
109,2021-10-01 14:45:01,104000.0,1000.0,3949700.0
110,2021-10-01 14:45:01,104000.0,600.0,3948700.0
111,2021-10-01 14:45:01,104000.0,500.0,3948100.0
112,2021-10-01 14:45:01,104000.0,100.0,3947600.0
113,2021-10-01 14:45:01,104000.0,2000.0,3947500.0
114,2021-10-01 14:45:01,104000.0,300.0,3945500.0
115,2021-10-01 14:45:01,104000.0,2000.0,3945200.0
116,2021-10-01 14:45:01,104000.0,100.0,3943200.0
117,2021-10-01 14:45:01,104000.0,1000.0,3943100.0
118,2021-10-01 14:45:01,104000.0,2000.0,3942100.0
119,2021-10-01 14:45:01,104000.0,100.0,3940100.0
120,2021-10-01 14:45:01,104000.0,200.0,3940000.0
121,2021-10-01 14:45:01,104000.0,400.0,3939800.0
122,2021-10-01 14:45:01,104000.0,800.0,3939400.0
123,2021-10-01 14:45:01,104000.0,100.0,3938600.0
124,2021-10-01 14:45:01,104000.0,500.0,3938500.0
125,2021-10-01 14:45:01,104000.0,100.0,3938000.0
126,2021-10-01 14:45:01,104000.0,500.0,3937900.0
127,2021-10-01 14:45:01,104000.0,5000.0,3937400.0
128,2021-10-01 14:45:01,104000.0,100.0,3932400.0
129,2021-10-01 14:45:01,104000.0,500.0,3932300.0
130,2021-10-01 14:45:01,104000.0,100.0,3931800.0
131,2021-10-01 14:45:01,104000.0,100.0,3931700.0
132,2021-10-01 14:45:01,104000.0,500.0,3931600.0
133,2021-10-01 14:45:01,104000.0,800.0,3931100.0
134,2021-10-01 14:45:01,104000.0,100.0,3930300.0
135,2021-10-01 14:45:01,104000.0,2000.0,3930200.0
136,2021-10-01 14:45:01,104000.0,1000.0,3928200.0
137,2021-10-01 14:45:01,104000.0,100.0,3927200.0
138,2021-10-01 14:45:01,104000.0,100.0,3927100.0
139,2021-10-01 14:45:01,104000.0,100.0,3927000.0
140,2021-10-01 14:45:01,104000.0,1400.0,3926900.0
141,2021-10-01 14:45:01,104000.0,3800.0,3925500.0
142,2021-10-01 14:45:01,104000.0,100.0,3921700.0
143,2021-10-01 14:45:01,104000.0,100.0,3921600.0
144,2021-10-01 14:45:01,104000.0,500.0,3921500.0
145,2021-10-01 14:45:01,104000.0,500.0,3921000.0
146,2021-10-01 14:45:01,104000.0,200.0,3920500.0
147,2021-10-01 14:45:01,104000.0,1900.0,3920300.0
148,2021-10-01 14:45:01,104000.0,100.0,3918400.0
149,2021-10-01 14:45:01,104000.0,3000.0,3918300.0
150,2021-10-01 14:45:01,104000.0,100.0,3915300.0
151,2021-10-01 14:45:01,104000.0,500.0,3915200.0
152,2021-10-01 14:45:01,104000.0,100.0,3914700.0
153,2021-10-01 14:45:01,104000.0,2000.0,3914600.0
154,2021-10-01 14:45:01,104000.0,1000.0,3912600.0
155,2021-10-01 14:45:01,104000.0,100.0,3911600.0
156,2021-10-01 14:45:01,104000.0,100.0,3911500.0
157,2021-10-01 14:45:01,104000.0,3000.0,3911400.0
158,2021-10-01 14:45:01,104000.0,600.0,3908400.0
159,2021-10-01 14:45:01,104000.0,100.0,3907800.0
160,2021-10-01 14:45:01,104000.0,500.0,3907700.0
161,2021-10-01 14:45:01,104000.0,100.0,3907200.0
162,2021-10-01 14:45:01,104000.0,100.0,3907100.0
163,2021-10-01 14:45:01,104000.0,500.0,3907000.0
164,2021-10-01 14:45:01,104000.0,300.0,3906500.0
165,2021-10-01 14:45:01,104000.0,200.0,3906200.0
166,2021-10-01 14:45:01,104000.0,5000.0,3906000.0
167,2021-10-01 14:45:01,104000.0,1000.0,3901000.0
168,2021-10-01 14:45:01,104000.0,1700.0,3900000.0
169,2021-10-01 14:45:01,104000.0,800.0,3898300.0
170,2021-10-01 14:45:01,104000.0,200.0,3897500.0
171,2021-10-01 14:45:01,104000.0,100.0,3897300.0
172,2021-10-01 14:45:01,104000.0,100.0,3897200.0
173,2021-10-01 14:45:01,104000.0,500.0,3897100.0
174,2021-10-01 14:45:01,104000.0,300.0,3896600.0
175,2021-10-01 14:45:01,104000.0,1000.0,3896300.0
176,2021-10-01 14:45:01,104000.0,1700.0,3895300.0
177,2021-10-01 14:45:01,104000.0,100.0,3893600.0
178,2021-10-01 14:45:01,104000.0,500.0,3893500.0
179,2021-10-01 14:45:01,104000.0,1000.0,3893000.0
180,2021-10-01 14:45:01,104000.0,2700.0,3892000.0
181,2021-10-01 14:45:01,104000.0,2300.0,3889300.0
182,2021-10-01 14:45:01,104000.0,1000.0,3887000.0
183,2021-10-01 14:45:01,104000.0,700.0,3886000.0
184,2021-10-01 14:45:01,104000.0,300.0,3885300.0
185,2021-10-01 14:45:01,104000.0,1000.0,3885000.0
186,2021-10-01 14:45:01,104000.0,1000.0,3884000.0
187,2021-10-01 14:45:01,104000.0,500.0,3883000.0
188,2021-10-01 14:45:01,104000.0,1000.0,3882500.0
189,2021-10-01 14:45:01,104000.0,2000.0,3881500.0
190,2021-10-01 14:45:01,104000.0,1500.0,3879500.0
191,2021-10-01 14:45:01,104000.0,500.0,3878000.0
192,2021-10-01 14:45:01,104000.0,500.0,3877500.0
193,2021-10-01 14:45:01,104000.0,500.0,3877000.0
194,2021-10-01 14:45:01,104000.0,100.0,3876500.0
195,2021-10-01 14:45:01,104000.0,100.0,3876400.0
196,2021-10-01 14:45:01,104000.0,1000.0,3876300.0
197,2021-10-01 14:45:01,104000.0,1000.0,3875300.0
198,2021-10-01 14:45:01,104000.0,900.0,3874300.0
199,2021-10-01 14:45:01,104000.0,1100.0,3873400.0
200,2021-10-01 14:45:01,104000.0,900.0,3872300.0
201,2021-10-01 14:45:01,104000.0,800.0,3871400.0
202,2021-10-01 14:45:01,104000.0,3300.0,3870600.0
203,2021-10-01 14:45:01,104000.0,1700.0,3867300.0
204,2021-10-01 14:45:01,104000.0,1300.0,3865600.0
205,2021-10-01 14:45:01,104000.0,100.0,3864300.0
206,2021-10-01 14:45:01,104000.0,100.0,3864200.0
207,2021-10-01 14:45:01,104000.0,1000.0,3864100.0
208,2021-10-01 14:45:01,104000.0,200.0,3863100.0
209,2021-10-01 14:45:01,104000.0,200.0,3862900.0
210,2021-10-01 14:45:01,104000.0,900.0,3862700.0
211,2021-10-01 14:45:01,104000.0,200.0,3861800.0
212,2021-10-01 14:45:01,104000.0,1000.0,3861600.0
213,2021-10-01 14:45:01,104000.0,200.0,3860600.0
214,2021-10-01 14:45:01,104000.0,10000.0,3860400.0
215,2021-10-01 14:45:01,104000.0,300.0,3850400.0
216,2021-10-01 14:45:01,104000.0,8500.0,3850100.0
217,2021-10-01 14:45:01,104000.0,100.0,3841600.0
218,2021-10-01 14:45:01,104000.0,100.0,3841500.0
219,2021-10-01 14:45:01,104000.0,1300.0,3841400.0
220,2021-10-01 14:45:01,104000.0,200.0,3840100.0
221,2021-10-01 14:45:01,104000.0,200.0,3839900.0
222,2021-10-01 14:45:01,104000.0,100.0,3839700.0
223,2021-10-01 14:45:01,104000.0,500.0,3839600.0
224,2021-10-01 14:45:01,104000.0,1500.0,3839100.0
225,2021-10-01 14:45:01,104000.0,100.0,3837600.0
226,2021-10-01 14:45:01,104000.0,400.0,3837500.0
227,2021-10-01 14:45:01,104000.0,100.0,3837100.0
228,2021-10-01 14:45:01,104000.0,800.0,3837000.0
229,2021-10-01 14:45:01,104000.0,2200.0,3836200.0
230,2021-10-01 14:45:01,104000.0,200.0,3834000.0
231,2021-10-01 14:45:01,104000.0,100.0,3833800.0
232,2021-10-01 14:45:01,104000.0,10000.0,3833700.0
233,2021-10-01 14:45:01,104000.0,600.0,3823700.0
234,2021-10-01 14:45:01,104000.0,100.0,3823100.0
235,2021-10-01 14:45:01,104000.0,1500.0,3823000.0
236,2021-10-01 14:45:01,104000.0,100.0,3821500.0
237,2021-10-01 14:45:01,104000.0,200.0,3821400.0
238,2021-10-01 14:45:01,104000.0,100.0,3821200.0
239,2021-10-01 14:45:01,104000.0,400.0,3821100.0
240,2021-10-01 14:45:01,104000.0,100.0,3820700.0
241,2021-10-01 14:45:01,104000.0,100.0,3820600.0
242,2021-10-01 14:45:01,104000.0,100.0,3820500.0
243,2021-10-01 14:29:59,106500.0,4500.0,3820400.0
244,2021-10-01 14:29:59,106500.0,500.0,3815900.0
245,2021-10-01 14:29:58,106500.0,1700.0,3815400.0
246,2021-10-01 14:29:51,106500.0,300.0,3813700.0
247,2021-10-01 14:29:43,106300.0,200.0,3813400.0
248,2021-10-01 14:29:40,106000.0,500.0,3813200.0
249,2021-10-01 14:29:32,106000.0,500.0,3812700.0
250,2021-10-01 14:29:26,106400.0,100.0,3812200.0
251,2021-10-01 14:29:26,106400.0,300.0,3812100.0
252,2021-10-01 14:29:26,106000.0,100.0,3811800.0
253,2021-10-01 14:29:26,106000.0,600.0,3811700.0
254,2021-10-01 14:29:23,106000.0,300.0,3811100.0
255,2021-10-01 14:29:23,106000.0,100.0,3810800.0
256,2021-10-01 14:29:23,106000.0,200.0,3810700.0
257,2021-10-01 14:29:23,106000.0,200.0,3810500.0
258,2021-10-01 14:29:23,106000.0,400.0,3810300.0
259,2021-10-01 14:29:23,106000.0,200.0,3809900.0
260,2021-10-01 14:29:23,106000.0,100.0,3809700.0
261,2021-10-01 14:29:16,106000.0,400.0,3809600.0
262,2021-10-01 14:29:09,106000.0,400.0,3809200.0
263,2021-10-01 14:29:08,106000.0,3900.0,3808800.0
264,2021-10-01 14:29:08,106000.0,2000.0,3804900.0
265,2021-10-01 14:29:08,106000.0,100.0,3802900.0
266,2021-10-01 14:29:08,106000.0,100.0,3802800.0
267,2021-10-01 14:29:08,106000.0,1000.0,3802700.0
268,2021-10-01 14:29:08,106000.0,400.0,3801700.0
269,2021-10-01 14:29:08,106000.0,1000.0,3801300.0
270,2021-10-01 14:29:08,106000.0,200.0,3800300.0
271,2021-10-01 14:29:08,106000.0,1000.0,3800100.0
272,2021-10-01 14:29:08,106000.0,200.0,3799100.0
273,2021-10-01 14:29:08,106000.0,100.0,3798900.0
274,2021-10-01 14:29:05,106000.0,200.0,3798800.0
275,2021-10-01 14:29:05,106000.0,100.0,3798600.0
276,2021-10-01 14:29:05,106000.0,700.0,3798500.0
277,2021-10-01 14:29:02,106000.0,700.0,3797800.0
278,2021-10-01 14:29:02,106000.0,200.0,3797100.0
279,2021-10-01 14:29:02,106000.0,500.0,3796900.0
280,2021-10-01 14:29:02,106000.0,1000.0,3796400.0
281,2021-10-01 14:29:02,106000.0,100.0,3795400.0
282,2021-10-01 14:29:02,106000.0,100.0,3795300.0
283,2021-10-01 14:29:02,106000.0,200.0,3795200.0
284,2021-10-01 14:29:02,106000.0,200.0,3795000.0
285,2021-10-01 14:29:02,106000.0,400.0,3794800.0
286,2021-10-01 14:29:02,106200.0,1000.0,3794400.0
287,2021-10-01 14:29:02,106200.0,3000.0,3793400.0
288,2021-10-01 14:29:02,106200.0,100.0,3790400.0
289,2021-10-01 14:29:02,106200.0,100.0,3790300.0
290,2021-10-01 14:28:59,106400.0,300.0,3790200.0
291,2021-10-01 14:28:51,106200.0,100.0,3789900.0
292,2021-10-01 14:28:38,106500.0,3600.0,3789800.0
293,2021-10-01 14:28:35,106000.0,600.0,3786200.0
294,2021-10-01 14:28:35,106000.0,100.0,3785600.0
295,2021-10-01 14:28:35,106000.0,1000.0,3785500.0
296,2021-10-01 14:28:35,106000.0,200.0,3784500.0
297,2021-10-01 14:28:35,106000.0,100.0,3784300.0
298,2021-10-01 14:28:35,106000.0,100.0,3784200.0
299,2021-10-01 14:28:35,106000.0,3500.0,3784100.0
300,2021-10-01 14:28:35,106000.0,100.0,3780600.0
301,2021-10-01 14:28:35,106000.0,500.0,3780500.0
302,2021-10-01 14:28:35,106000.0,500.0,3780000.0
303,2021-10-01 14:28:35,106000.0,1000.0,3779500.0
304,2021-10-01 14:28:35,106000.0,500.0,3778500.0
305,2021-10-01 14:28:35,106000.0,800.0,3778000.0
306,2021-10-01 14:28:35,106000.0,100.0,3777200.0
307,2021-10-01 14:28:35,106000.0,300.0,3777100.0
308,2021-10-01 14:28:35,106200.0,300.0,3776800.0
309,2021-10-01 14:28:35,106200.0,100.0,3776500.0
310,2021-10-01 14:28:35,106200.0,100.0,3776400.0
311,2021-10-01 14:28:20,106200.0,1000.0,3776300.0
312,2021-10-01 14:28:19,106500.0,500.0,3775300.0
313,2021-10-01 14:28:16,106200.0,3000.0,3774800.0
314,2021-10-01 14:28:09,106200.0,1000.0,3771800.0
315,2021-10-01 14:28:06,106500.0,5000.0,3770800.0
316,2021-10-01 14:28:02,106500.0,100.0,3765800.0
317,2021-10-01 14:27:59,106500.0,200.0,3765700.0
318,2021-10-01 14:27:45,106500.0,100.0,3765500.0
319,2021-10-01 14:27:43,106500.0,200.0,3765400.0
320,2021-10-01 14:27:43,106500.0,400.0,3765200.0
321,2021-10-01 14:27:43,106500.0,100.0,3764800.0
322,2021-10-01 14:27:43,106500.0,300.0,3764700.0
323,2021-10-01 14:27:43,106500.0,300.0,3764400.0
324,2021-10-01 14:27:43,106500.0,1000.0,3764100.0
325,2021-10-01 14:27:43,106500.0,100.0,3763100.0
326,2021-10-01 14:27:43,106500.0,100.0,3763000.0
327,2021-10-01 14:27:43,106500.0,500.0,3762900.0
328,2021-10-01 14:27:43,106500.0,500.0,3762400.0
329,2021-10-01 14:27:43,106500.0,100.0,3761900.0
330,2021-10-01 14:27:43,106500.0,1000.0,3761800.0
331,2021-10-01 14:27:43,106500.0,500.0,3760800.0
332,2021-10-01 14:27:43,106500.0,800.0,3760300.0
333,2021-10-01 14:27:43,106600.0,2000.0,3759500.0
334,2021-10-01 14:27:43,106600.0,100.0,3757500.0
335,2021-10-01 14:27:41,106700.0,400.0,3757400.0
336,2021-10-01 14:27:40,106700.0,100.0,3757000.0
337,2021-10-01 14:27:40,106700.0,200.0,3756900.0
338,2021-10-01 14:27:40,106700.0,7500.0,3756700.0
339,2021-10-01 14:27:40,106800.0,2000.0,3749200.0
340,2021-10-01 14:27:40,106800.0,1000.0,3747200.0
341,2021-10-01 14:27:40,106800.0,300.0,3746200.0
342,2021-10-01 14:27:40,106900.0,200.0,3745900.0
343,2021-10-01 14:27:38,106900.0,300.0,3745700.0
344,2021-10-01 14:27:37,106900.0,200.0,3745400.0
345,2021-10-01 14:27:22,106900.0,100.0,3745200.0
346,2021-10-01 14:27:10,106900.0,200.0,3745100.0
347,2021-10-01 14:27:10,106900.0,2300.0,3744900.0
348,2021-10-01 14:27:09,106800.0,200.0,3742600.0
349,2021-10-01 14:27:09,106800.0,1000.0,3742400.0
350,2021-10-01 14:27:02,106900.0,300.0,3741400.0
351,2021-10-01 14:26:30,106700.0,2500.0,3741100.0
352,2021-10-01 14:26:30,106700.0,100.0,3738600.0
353,2021-10-01 14:26:30,106700.0,100.0,3738500.0
354,2021-10-01 14:26:30,106700.0,100.0,3738400.0
355,2021-10-01 14:26:30,106800.0,100.0,3738300.0
356,2021-10-01 14:26:30,106800.0,100.0,3738200.0
357,2021-10-01 14:26:24,106900.0,300.0,3738100.0
358,2021-10-01 14:26:23,106800.0,300.0,3737800.0
359,2021-10-01 14:25:55,106800.0,500.0,3737500.0
360,2021-10-01 14:25:52,106800.0,1100.0,3737000.0
361,2021-10-01 14:25:52,106800.0,100.0,3735900.0
362,2021-10-01 14:25:52,106800.0,100.0,3735800.0
363,2021-10-01 14:25:52,106800.0,100.0,3735700.0
364,2021-10-01 14:25:52,106800.0,100.0,3735600.0
365,2021-10-01 14:25:52,106800.0,500.0,3735500.0
366,2021-10-01 14:25:49,106800.0,400.0,3735000.0
367,2021-10-01 14:25:49,106800.0,100.0,3734600.0
368,2021-10-01 14:25:46,106800.0,500.0,3734500.0
369,2021-10-01 14:25:46,106900.0,100.0,3734000.0
370,2021-10-01 14:25:45,106900.0,500.0,3733900.0
371,2021-10-01 14:25:40,106800.0,200.0,3733400.0
372,2021-10-01 14:25:38,107000.0,100.0,3733200.0
373,2021-10-01 14:25:13,107000.0,100.0,3733100.0
374,2021-10-01 14:25:05,107000.0,100.0,3733000.0
375,2021-10-01 14:25:02,107000.0,3900.0,3732900.0
376,2021-10-01 14:24:58,106800.0,200.0,3729000.0
377,2021-10-01 14:24:57,106800.0,5600.0,3728800.0
378,2021-10-01 14:24:57,106800.0,6000.0,3723200.0
379,2021-10-01 14:24:57,106800.0,6000.0,3717200.0
380,2021-10-01 14:24:57,106900.0,100.0,3711200.0
381,2021-10-01 14:24:57,106900.0,21700.0,3711100.0
382,2021-10-01 14:24:57,106900.0,600.0,3689400.0
383,2021-10-01 14:24:51,107000.0,200.0,3688800.0
384,2021-10-01 14:24:48,107000.0,200.0,3688600.0
385,2021-10-01 14:24:47,106900.0,1400.0,3688400.0
386,2021-10-01 14:24:47,106900.0,400.0,3687000.0
387,2021-10-01 14:24:45,107000.0,200.0,3686600.0
388,2021-10-01 14:24:41,107000.0,1000.0,3686400.0
389,2021-10-01 14:24:39,107000.0,400.0,3685400.0
390,2021-10-01 14:24:38,107000.0,1500.0,3685000.0
391,2021-10-01 14:24:25,107000.0,200.0,3683500.0
392,2021-10-01 14:24:23,107000.0,100.0,3683300.0
393,2021-10-01 14:24:18,107000.0,200.0,3683200.0
394,2021-10-01 14:24:02,106900.0,600.0,3683000.0
395,2021-10-01 14:24:02,106900.0,200.0,3682400.0
396,2021-10-01 14:24:02,106900.0,1000.0,3682200.0
397,2021-10-01 14:24:02,107000.0,100.0,3681200.0
398,2021-10-01 14:24:02,107000.0,100.0,3681100.0
399,2021-10-01 14:24:02,107000.0,2000.0,3681000.0
400,2021-10-01 14:24:02,107000.0,700.0,3679000.0
401,2021-10-01 14:24:02,107000.0,100.0,3678300.0
402,2021-10-01 14:24:02,107000.0,500.0,3678200.0
403,2021-10-01 14:24:02,107000.0,300.0,3677700.0
404,2021-10-01 14:24:02,107000.0,200.0,3677400.0
405,2021-10-01 14:24:02,107000.0,10000.0,3677200.0
406,2021-10-01 14:24:02,107000.0,100.0,3667200.0
407,2021-10-01 14:24:02,107000.0,100.0,3667100.0
408,2021-10-01 14:23:47,107000.0,900.0,3667000.0
409,2021-10-01 14:23:47,107100.0,100.0,3666100.0
410,2021-10-01 14:23:47,107200.0,500.0,3666000.0
411,2021-10-01 14:23:44,107500.0,100.0,3665500.0
412,2021-10-01 14:23:44,107500.0,100.0,3665400.0
413,2021-10-01 14:23:44,107200.0,300.0,3665300.0
414,2021-10-01 14:23:40,107200.0,100.0,3665000.0
415,2021-10-01 14:23:40,107500.0,100.0,3664900.0
416,2021-10-01 14:23:40,107500.0,400.0,3664800.0
417,2021-10-01 14:23:22,107000.0,100.0,3664400.0
418,2021-10-01 14:23:20,107000.0,500.0,3664300.0
419,2021-10-01 14:22:58,107000.0,400.0,3663800.0
420,2021-10-01 14:22:48,107200.0,300.0,3663400.0
421,2021-10-01 14:22:48,107000.0,100.0,3663100.0
422,2021-10-01 14:22:41,107000.0,300.0,3663000.0
423,2021-10-01 14:22:41,107000.0,100.0,3662700.0
424,2021-10-01 14:22:41,107000.0,500.0,3662600.0
425,2021-10-01 14:22:41,107000.0,1000.0,3662100.0
426,2021-10-01 14:22:41,107000.0,500.0,3661100.0
427,2021-10-01 14:22:41,107000.0,200.0,3660600.0
428,2021-10-01 14:22:41,107000.0,1000.0,3660400.0
429,2021-10-01 14:22:41,107000.0,1000.0,3659400.0
430,2021-10-01 14:22:41,107000.0,2000.0,3658400.0
431,2021-10-01 14:22:41,107000.0,100.0,3656400.0
432,2021-10-01 14:22:41,107000.0,100.0,3656300.0
433,2021-10-01 14:22:41,107000.0,300.0,3656200.0
434,2021-10-01 14:22:41,107000.0,200.0,3655900.0
435,2021-10-01 14:22:41,107000.0,100.0,3655700.0
436,2021-10-01 14:22:41,107000.0,100.0,3655600.0
437,2021-10-01 14:22:41,107000.0,3000.0,3655500.0
438,2021-10-01 14:22:41,107000.0,1800.0,3652500.0
439,2021-10-01 14:22:41,107000.0,300.0,3650700.0
440,2021-10-01 14:22:41,107000.0,100.0,3650400.0
441,2021-10-01 14:22:41,107000.0,500.0,3650300.0
442,2021-10-01 14:22:41,107000.0,100.0,3649800.0
443,2021-10-01 14:22:41,107000.0,500.0,3649700.0
444,2021-10-01 14:22:41,107000.0,300.0,3649200.0
445,2021-10-01 14:22:41,107000.0,100.0,3648900.0
446,2021-10-01 14:22:41,107000.0,600.0,3648800.0
447,2021-10-01 14:22:41,107000.0,3000.0,3648200.0
448,2021-10-01 14:22:41,107000.0,100.0,3645200.0
449,2021-10-01 14:22:41,107000.0,500.0,3645100.0
450,2021-10-01 14:22:41,107100.0,100.0,3644600.0
451,2021-10-01 14:22:41,107100.0,600.0,3644500.0
452,2021-10-01 14:22:41,107200.0,100.0,3643900.0
453,2021-10-01 14:22:41,107300.0,500.0,3643800.0
454,2021-10-01 14:22:41,107400.0,200.0,3643300.0
455,2021-10-01 14:22:15,107400.0,300.0,3643100.0
456,2021-10-01 14:22:13,107400.0,100.0,3642800.0
457,2021-10-01 14:22:13,107400.0,100.0,3642700.0
458,2021-10-01 14:21:54,107500.0,500.0,3642600.0
459,2021-10-01 14:21:52,107500.0,300.0,3642100.0
460,2021-10-01 14:21:46,107500.0,200.0,3641800.0
461,2021-10-01 14:21:46,107500.0,1800.0,3641600.0
462,2021-10-01 14:21:38,107500.0,3200.0,3639800.0
463,2021-10-01 14:21:38,107500.0,200.0,3636600.0
464,2021-10-01 14:21:38,107500.0,700.0,3636400.0
465,2021-10-01 14:21:38,107600.0,900.0,3635700.0
466,2021-10-01 14:21:23,107600.0,100.0,3634800.0
467,2021-10-01 14:21:23,107700.0,300.0,3634700.0
468,2021-10-01 14:21:18,107500.0,300.0,3634400.0
469,2021-10-01 14:21:18,107500.0,500.0,3634100.0
470,2021-10-01 14:21:18,107500.0,100.0,3633600.0
471,2021-10-01 14:21:18,107500.0,700.0,3633500.0
472,2021-10-01 14:21:18,107600.0,100.0,3632800.0
473,2021-10-01 14:21:18,107600.0,300.0,3632700.0
474,2021-10-01 14:21:18,107600.0,300.0,3632400.0
475,2021-10-01 14:21:18,107600.0,100.0,3632100.0
476,2021-10-01 14:21:18,107600.0,1900.0,3632000.0
477,2021-10-01 14:21:07,107600.0,1000.0,3630100.0
478,2021-10-01 14:21:05,107600.0,100.0,3629100.0
479,2021-10-01 14:20:27,107600.0,600.0,3629000.0
480,2021-10-01 14:20:13,107600.0,200.0,3628400.0
481,2021-10-01 14:20:09,107600.0,1000.0,3628200.0
482,2021-10-01 14:20:04,107600.0,100.0,3627200.0
483,2021-10-01 14:19:57,107600.0,100.0,3627100.0
484,2021-10-01 14:19:52,107700.0,1000.0,3627000.0
485,2021-10-01 14:19:52,107800.0,100.0,3626000.0
486,2021-10-01 14:19:52,107800.0,200.0,3625900.0
487,2021-10-01 14:19:38,108000.0,300.0,3625700.0
488,2021-10-01 14:19:35,108000.0,100.0,3625400.0
489,2021-10-01 14:19:16,108000.0,2000.0,3625300.0
490,2021-10-01 14:19:16,108000.0,11100.0,3623300.0
491,2021-10-01 14:19:16,108000.0,3000.0,3612200.0
492,2021-10-01 14:19:16,108000.0,100.0,3609200.0
493,2021-10-01 14:19:16,108000.0,100.0,3609100.0
494,2021-10-01 14:19:16,108000.0,300.0,3609000.0
495,2021-10-01 14:19:16,108000.0,200.0,3608700.0
496,2021-10-01 14:19:16,108000.0,200.0,3608500.0
497,2021-10-01 14:19:16,108000.0,1000.0,3608300.0
498,2021-10-01 14:19:16,108000.0,300.0,3607300.0
499,2021-10-01 14:19:16,108000.0,100.0,3607000.0
500,2021-10-01 14:19:16,108000.0,500.0,3606900.0
501,2021-10-01 14:19:16,108000.0,500.0,3606400.0
502,2021-10-01 14:19:16,108100.0,200.0,3605900.0
503,2021-10-01 14:19:16,108200.0,100.0,3605700.0
504,2021-10-01 14:19:16,108200.0,100.0,3605600.0
505,2021-10-01 14:19:16,108200.0,1700.0,3605500.0
506,2021-10-01 14:19:11,108200.0,1700.0,3603800.0
507,2021-10-01 14:18:47,108200.0,1000.0,3602100.0
508,2021-10-01 14:18:33,108200.0,5600.0,3601100.0
509,2021-10-01 14:18:33,108200.0,4400.0,3595500.0
510,2021-10-01 14:18:20,108300.0,300.0,3591100.0
511,2021-10-01 14:18:11,108200.0,600.0,3590800.0
512,2021-10-01 14:17:57,108200.0,500.0,3590200.0
513,2021-10-01 14:17:57,108200.0,400.0,3589700.0
514,2021-10-01 14:17:57,108300.0,100.0,3589300.0
515,2021-10-01 14:17:40,108200.0,4600.0,3589200.0
516,2021-10-01 14:17:40,108300.0,100.0,3584600.0
517,2021-10-01 14:17:40,108300.0,5500.0,3584500.0
518,2021-10-01 14:17:20,108300.0,4500.0,3579000.0
519,2021-10-01 14:17:20,108300.0,5000.0,3574500.0
520,2021-10-01 14:17:20,108300.0,500.0,3569500.0
521,2021-10-01 14:16:58,108500.0,100.0,3569000.0
522,2021-10-01 14:16:53,108500.0,600.0,3568900.0
523,2021-10-01 14:16:53,108400.0,200.0,3568300.0
524,2021-10-01 14:16:42,108500.0,400.0,3568100.0
525,2021-10-01 14:16:42,108500.0,200.0,3567700.0
526,2021-10-01 14:16:42,108500.0,1000.0,3567500.0
527,2021-10-01 14:16:23,108500.0,300.0,3566500.0
528,2021-10-01 14:16:23,108400.0,1000.0,3566200.0
529,2021-10-01 14:16:17,108400.0,500.0,3565200.0
530,2021-10-01 14:16:17,108400.0,5000.0,3564700.0
531,2021-10-01 14:16:17,108400.0,900.0,3559700.0
532,2021-10-01 14:16:17,108400.0,2600.0,3558800.0
533,2021-10-01 14:16:12,108400.0,2400.0,3556200.0
534,2021-10-01 14:16:12,108400.0,1500.0,3553800.0
535,2021-10-01 14:16:12,108400.0,1100.0,3552300.0
536,2021-10-01 14:16:01,108500.0,500.0,3551200.0
537,2021-10-01 14:15:52,108500.0,500.0,3550700.0
538,2021-10-01 14:15:50,108500.0,100.0,3550200.0
539,2021-10-01 14:15:50,108500.0,1200.0,3550100.0
540,2021-10-01 14:15:40,108500.0,200.0,3548900.0
541,2021-10-01 14:15:29,108500.0,100.0,3548700.0
542,2021-10-01 14:15:28,108500.0,1200.0,3548600.0
543,2021-10-01 14:15:16,108500.0,200.0,3547400.0
544,2021-10-01 14:15:16,108500.0,100.0,3547200.0
545,2021-10-01 14:15:16,108500.0,500.0,3547100.0
546,2021-10-01 14:15:16,108500.0,10000.0,3546600.0
547,2021-10-01 14:15:16,108500.0,2000.0,3536600.0
548,2021-10-01 14:15:16,108500.0,5000.0,3534600.0
549,2021-10-01 14:15:16,108500.0,100.0,3529600.0
550,2021-10-01 14:15:16,108500.0,5000.0,3529500.0
551,2021-10-01 14:15:16,108600.0,5000.0,3524500.0
552,2021-10-01 14:15:16,108600.0,300.0,3519500.0
553,2021-10-01 14:15:16,108600.0,600.0,3519200.0
554,2021-10-01 14:15:01,108600.0,4400.0,3518600.0
555,2021-10-01 14:15:01,108600.0,600.0,3514200.0
556,2021-10-01 14:14:52,108600.0,100.0,3513600.0
557,2021-10-01 14:14:48,108700.0,800.0,3513500.0
558,2021-10-01 14:14:48,108700.0,200.0,3512700.0
559,2021-10-01 14:14:26,108600.0,1000.0,3512500.0
560,2021-10-01 14:14:19,108700.0,200.0,3511500.0
561,2021-10-01 14:14:10,108600.0,1400.0,3511300.0
562,2021-10-01 14:14:09,108600.0,500.0,3509900.0
563,2021-10-01 14:14:01,108600.0,600.0,3509400.0
564,2021-10-01 14:13:58,108600.0,500.0,3508800.0
565,2021-10-01 14:13:54,108600.0,100.0,3508300.0
566,2021-10-01 14:13:54,108600.0,200.0,3508200.0
567,2021-10-01 14:13:54,108600.0,100.0,3508000.0
568,2021-10-01 14:13:43,108600.0,100.0,3507900.0
569,2021-10-01 14:13:02,108800.0,500.0,3507800.0
570,2021-10-01 14:13:02,108800.0,100.0,3507300.0
571,2021-10-01 14:13:02,108800.0,400.0,3507200.0
572,2021-10-01 14:13:02,108800.0,500.0,3506800.0
573,2021-10-01 14:13:02,108800.0,4600.0,3506300.0
574,2021-10-01 14:13:02,108700.0,4000.0,3501700.0
575,2021-10-01 14:13:02,108700.0,200.0,3497700.0
576,2021-10-01 14:13:02,108600.0,1000.0,3497500.0
577,2021-10-01 14:13:02,108500.0,2000.0,3496500.0
578,2021-10-01 14:13:02,108500.0,1100.0,3494500.0
579,2021-10-01 14:12:59,108400.0,200.0,3493400.0
580,2021-10-01 14:12:34,108500.0,5800.0,3493200.0
581,2021-10-01 14:12:34,108500.0,4200.0,3487400.0
582,2021-10-01 14:11:48,108500.0,1000.0,3483200.0
583,2021-10-01 14:11:48,108500.0,2800.0,3482200.0
584,2021-10-01 14:11:44,108500.0,2200.0,3479400.0
585,2021-10-01 14:11:44,108500.0,3000.0,3477200.0
586,2021-10-01 14:11:44,108500.0,1000.0,3474200.0
587,2021-10-01 14:11:44,108600.0,3800.0,3473200.0
588,2021-10-01 14:11:43,108600.0,500.0,3469400.0
589,2021-10-01 14:11:40,108600.0,300.0,3468900.0
590,2021-10-01 14:11:40,108600.0,5400.0,3468600.0
591,2021-10-01 14:11:33,108600.0,3300.0,3463200.0
592,2021-10-01 14:11:18,108600.0,200.0,3459900.0
593,2021-10-01 14:11:17,108600.0,100.0,3459700.0
594,2021-10-01 14:11:15,108600.0,1000.0,3459600.0
595,2021-10-01 14:11:05,108600.0,500.0,3458600.0
596,2021-10-01 14:11:05,108600.0,500.0,3458100.0
597,2021-10-01 14:10:54,108600.0,1500.0,3457600.0
598,2021-10-01 14:10:48,108600.0,200.0,3456100.0
599,2021-10-01 14:10:48,108600.0,300.0,3455900.0
600,2021-10-01 14:10:42,108700.0,200.0,3455600.0
601,2021-10-01 14:10:36,108700.0,2100.0,3455400.0
602,2021-10-01 14:10:36,108700.0,1000.0,3453300.0
603,2021-10-01 14:10:36,108700.0,1000.0,3452300.0
604,2021-10-01 14:10:36,108700.0,2900.0,3451300.0
605,2021-10-01 14:10:36,108700.0,1000.0,3448400.0
606,2021-10-01 14:10:36,108600.0,9700.0,3447400.0
607,2021-10-01 14:10:36,108600.0,300.0,3437700.0
608,2021-10-01 14:10:35,108600.0,200.0,3437400.0
609,2021-10-01 14:10:28,108600.0,400.0,3437200.0
610,2021-10-01 14:10:22,108600.0,2800.0,3436800.0
611,2021-10-01 14:10:22,108600.0,1000.0,3434000.0
612,2021-10-01 14:10:02,108500.0,400.0,3433000.0
613,2021-10-01 14:10:02,108600.0,100.0,3432600.0
614,2021-10-01 14:09:32,108500.0,500.0,3432500.0
615,2021-10-01 14:09:06,108500.0,100.0,3432000.0
616,2021-10-01 14:09:06,108500.0,3000.0,3431900.0
617,2021-10-01 14:08:58,108500.0,3000.0,3428900.0
618,2021-10-01 14:08:49,108500.0,3000.0,3425900.0
619,2021-10-01 14:08:47,108500.0,100.0,3422900.0
620,2021-10-01 14:08:47,108500.0,900.0,3422800.0
621,2021-10-01 14:08:34,108500.0,1000.0,3421900.0
622,2021-10-01 14:08:29,108500.0,600.0,3420900.0
623,2021-10-01 14:08:22,108500.0,300.0,3420300.0
624,2021-10-01 14:08:03,108500.0,1800.0,3420000.0
625,2021-10-01 14:08:03,108500.0,400.0,3418200.0
626,2021-10-01 14:07:55,108500.0,100.0,3417800.0
627,2021-10-01 14:07:53,108500.0,4300.0,3417700.0
628,2021-10-01 14:07:53,108500.0,5000.0,3413400.0
629,2021-10-01 14:07:53,108500.0,200.0,3408400.0
630,2021-10-01 14:07:07,108500.0,400.0,3408200.0
631,2021-10-01 14:06:14,108500.0,300.0,3407800.0
632,2021-10-01 14:06:14,108500.0,500.0,3407500.0
633,2021-10-01 14:06:14,108500.0,100.0,3407000.0
634,2021-10-01 14:06:14,108500.0,100.0,3406900.0
635,2021-10-01 14:06:01,108500.0,3800.0,3406800.0
636,2021-10-01 14:06:01,108600.0,16200.0,3403000.0
637,2021-10-01 14:05:30,108700.0,1000.0,3386800.0
638,2021-10-01 14:05:30,108800.0,400.0,3385800.0
639,2021-10-01 14:05:30,108800.0,200.0,3385400.0
640,2021-10-01 14:05:07,108700.0,1000.0,3385200.0
641,2021-10-01 14:05:05,108700.0,800.0,3384200.0
642,2021-10-01 14:05:00,108500.0,1100.0,3383400.0
643,2021-10-01 14:05:00,108500.0,1000.0,3382300.0
644,2021-10-01 14:05:00,108600.0,2000.0,3381300.0
645,2021-10-01 14:05:00,108600.0,200.0,3379300.0
646,2021-10-01 14:05:00,108600.0,5700.0,3379100.0
647,2021-10-01 14:04:53,108700.0,3000.0,3373400.0
648,2021-10-01 14:04:53,108700.0,200.0,3370400.0
649,2021-10-01 14:04:49,108700.0,100.0,3370200.0
650,2021-10-01 14:04:11,108700.0,100.0,3370100.0
651,2021-10-01 14:04:05,108700.0,200.0,3370000.0
652,2021-10-01 14:03:58,108700.0,600.0,3369800.0
653,2021-10-01 14:03:55,108700.0,100.0,3369200.0
654,2021-10-01 14:03:55,108700.0,100.0,3369100.0
655,2021-10-01 14:03:49,108600.0,200.0,3369000.0
656,2021-10-01 14:03:40,108700.0,400.0,3368800.0
657,2021-10-01 14:03:40,108700.0,100.0,3368400.0
658,2021-10-01 14:02:43,108600.0,400.0,3368300.0
659,2021-10-01 14:02:43,108600.0,200.0,3367900.0
660,2021-10-01 14:01:22,108500.0,500.0,3367700.0
661,2021-10-01 14:01:22,108500.0,1000.0,3367200.0
662,2021-10-01 14:01:22,108500.0,10500.0,3366200.0
663,2021-10-01 14:01:20,108500.0,3500.0,3355700.0
664,2021-10-01 14:01:20,108500.0,200.0,3352200.0
665,2021-10-01 14:01:20,108500.0,100.0,3352000.0
666,2021-10-01 14:01:20,108500.0,500.0,3351900.0
667,2021-10-01 14:01:20,108500.0,15700.0,3351400.0
668,2021-10-01 14:01:12,108500.0,30000.0,3335700.0
669,2021-10-01 14:01:10,108500.0,4300.0,3305700.0
670,2021-10-01 14:01:10,108500.0,700.0,3301400.0
671,2021-10-01 14:00:57,108500.0,300.0,3300700.0
672,2021-10-01 14:00:46,108400.0,1000.0,3300400.0
673,2021-10-01 14:00:46,108400.0,6200.0,3299400.0
674,2021-10-01 14:00:46,108400.0,3800.0,3293200.0
675,2021-10-01 14:00:46,108400.0,100.0,3289400.0
676,2021-10-01 14:00:46,108400.0,500.0,3289300.0
677,2021-10-01 14:00:46,108400.0,500.0,3288800.0
678,2021-10-01 14:00:46,108400.0,500.0,3288300.0
679,2021-10-01 14:00:46,108400.0,500.0,3287800.0
680,2021-10-01 14:00:46,108400.0,1100.0,3287300.0
681,2021-10-01 14:00:33,108400.0,1800.0,3286200.0
682,2021-10-01 14:00:31,108300.0,500.0,3284400.0
683,2021-10-01 14:00:30,108300.0,100.0,3283900.0
684,2021-10-01 14:00:30,108300.0,100.0,3283800.0
685,2021-10-01 14:00:20,108300.0,100.0,3283700.0
686,2021-10-01 13:59:47,108400.0,700.0,3283600.0
687,2021-10-01 13:59:47,108300.0,400.0,3282900.0
688,2021-10-01 13:59:47,108300.0,500.0,3282500.0
689,2021-10-01 13:59:47,108300.0,1000.0,3282000.0
690,2021-10-01 13:59:47,108300.0,200.0,3281000.0
691,2021-10-01 13:59:47,108300.0,900.0,3280800.0
692,2021-10-01 13:59:36,108300.0,100.0,3279900.0
693,2021-10-01 13:59:36,108300.0,2900.0,3279800.0
694,2021-10-01 13:59:32,108300.0,10000.0,3276900.0
695,2021-10-01 13:59:06,108200.0,100.0,3266900.0
696,2021-10-01 13:58:50,108200.0,500.0,3266800.0
697,2021-10-01 13:58:05,108200.0,500.0,3266300.0
698,2021-10-01 13:57:59,108200.0,500.0,3265800.0
699,2021-10-01 13:57:56,108300.0,2000.0,3265300.0
700,2021-10-01 13:57:49,108300.0,1000.0,3263300.0
701,2021-10-01 13:57:37,108200.0,100.0,3262300.0
702,2021-10-01 13:57:23,108300.0,100.0,3262200.0
703,2021-10-01 13:57:18,108300.0,100.0,3262100.0
704,2021-10-01 13:57:18,108300.0,3900.0,3262000.0
705,2021-10-01 13:57:12,108300.0,700.0,3258100.0
706,2021-10-01 13:56:40,108300.0,1000.0,3257400.0
707,2021-10-01 13:56:37,108300.0,100.0,3256400.0
708,2021-10-01 13:55:57,108300.0,1300.0,3256300.0
709,2021-10-01 13:55:57,108300.0,100.0,3255000.0
710,2021-10-01 13:55:57,108300.0,500.0,3254900.0
711,2021-10-01 13:55:39,108100.0,500.0,3254400.0
712,2021-10-01 13:55:14,108100.0,1000.0,3253900.0
713,2021-10-01 13:54:30,108000.0,300.0,3252900.0
714,2021-10-01 13:54:30,108000.0,100.0,3252600.0
715,2021-10-01 13:54:30,108100.0,100.0,3252500.0
716,2021-10-01 13:54:11,108100.0,200.0,3252400.0
717,2021-10-01 13:54:11,108400.0,100.0,3252200.0
718,2021-10-01 13:54:06,108100.0,3400.0,3252100.0
719,2021-10-01 13:54:06,108200.0,300.0,3248700.0
720,2021-10-01 13:54:06,108200.0,5000.0,3248400.0
721,2021-10-01 13:54:06,108300.0,4000.0,3243400.0
722,2021-10-01 13:54:06,108400.0,2300.0,3239400.0
723,2021-10-01 13:53:54,108400.0,200.0,3237100.0
724,2021-10-01 13:53:54,108400.0,300.0,3236900.0
725,2021-10-01 13:53:54,108400.0,5400.0,3236600.0
726,2021-10-01 13:53:54,108400.0,1100.0,3231200.0
727,2021-10-01 13:53:54,108400.0,500.0,3230100.0
728,2021-10-01 13:53:54,108400.0,200.0,3229600.0
729,2021-10-01 13:53:22,108300.0,1000.0,3229400.0
730,2021-10-01 13:53:10,108300.0,200.0,3228400.0
731,2021-10-01 13:52:59,108300.0,1000.0,3228200.0
732,2021-10-01 13:52:40,108300.0,7800.0,3227200.0
733,2021-10-01 13:52:34,108300.0,100.0,3219400.0
734,2021-10-01 13:52:34,108300.0,500.0,3219300.0
735,2021-10-01 13:52:34,108200.0,500.0,3218800.0
736,2021-10-01 13:52:34,108200.0,500.0,3218300.0
737,2021-10-01 13:52:34,108200.0,100.0,3217800.0
738,2021-10-01 13:52:32,108100.0,1000.0,3217700.0
739,2021-10-01 13:52:29,108100.0,300.0,3216700.0
740,2021-10-01 13:52:29,108100.0,200.0,3216400.0
741,2021-10-01 13:52:05,108200.0,300.0,3216200.0
742,2021-10-01 13:52:05,108200.0,100.0,3215900.0
743,2021-10-01 13:52:05,108200.0,200.0,3215800.0
744,2021-10-01 13:52:05,108200.0,1700.0,3215600.0
745,2021-10-01 13:51:57,108300.0,1000.0,3213900.0
746,2021-10-01 13:51:47,108200.0,200.0,3212900.0
747,2021-10-01 13:51:29,108300.0,100.0,3212700.0
748,2021-10-01 13:51:29,108300.0,1400.0,3212600.0
749,2021-10-01 13:51:10,108300.0,2000.0,3211200.0
750,2021-10-01 13:51:10,108300.0,200.0,3209200.0
751,2021-10-01 13:51:10,108300.0,100.0,3209000.0
752,2021-10-01 13:51:10,108300.0,100.0,3208900.0
753,2021-10-01 13:51:10,108300.0,100.0,3208800.0
754,2021-10-01 13:51:07,108300.0,500.0,3208700.0
755,2021-10-01 13:51:02,108300.0,1300.0,3208200.0
756,2021-10-01 13:50:58,108300.0,200.0,3206900.0
757,2021-10-01 13:50:44,108300.0,200.0,3206700.0
758,2021-10-01 13:50:40,108300.0,500.0,3206500.0
759,2021-10-01 13:50:19,108300.0,500.0,3206000.0
760,2021-10-01 13:49:59,108300.0,900.0,3205500.0
761,2021-10-01 13:49:59,108300.0,100.0,3204600.0
762,2021-10-01 13:49:38,108300.0,100.0,3204500.0
763,2021-10-01 13:49:18,108300.0,200.0,3204400.0
764,2021-10-01 13:49:18,108300.0,100.0,3204200.0
765,2021-10-01 13:49:10,108300.0,200.0,3204100.0
766,2021-10-01 13:49:09,108300.0,100.0,3203900.0
767,2021-10-01 13:48:41,108300.0,500.0,3203800.0
768,2021-10-01 13:48:40,108400.0,300.0,3203300.0
769,2021-10-01 13:48:24,108300.0,2500.0,3203000.0
770,2021-10-01 13:47:51,108300.0,5000.0,3200500.0
771,2021-10-01 13:47:49,108200.0,100.0,3195500.0
772,2021-10-01 13:47:45,108300.0,900.0,3195400.0
773,2021-10-01 13:47:45,108300.0,100.0,3194500.0
774,2021-10-01 13:47:39,108200.0,400.0,3194400.0
775,2021-10-01 13:47:34,108100.0,800.0,3194000.0
776,2021-10-01 13:47:34,108100.0,200.0,3193200.0
777,2021-10-01 13:47:29,108200.0,300.0,3193000.0
778,2021-10-01 13:47:29,108200.0,100.0,3192700.0
779,2021-10-01 13:47:29,108200.0,100.0,3192600.0
780,2021-10-01 13:47:29,108200.0,100.0,3192500.0
781,2021-10-01 13:47:04,108000.0,2500.0,3192400.0
782,2021-10-01 13:46:55,108000.0,2400.0,3189900.0
783,2021-10-01 13:46:50,108000.0,200.0,3187500.0
784,2021-10-01 13:46:48,108000.0,500.0,3187300.0
785,2021-10-01 13:46:46,108000.0,300.0,3186800.0
786,2021-10-01 13:46:39,108000.0,200.0,3186500.0
787,2021-10-01 13:46:39,108000.0,100.0,3186300.0
788,2021-10-01 13:46:27,108000.0,9900.0,3186200.0
789,2021-10-01 13:46:27,108000.0,100.0,3176300.0
790,2021-10-01 13:46:21,107900.0,500.0,3176200.0
791,2021-10-01 13:46:18,107900.0,8300.0,3175700.0
792,2021-10-01 13:46:11,107900.0,20000.0,3167400.0
793,2021-10-01 13:46:10,107800.0,200.0,3147400.0
794,2021-10-01 13:46:08,107900.0,1000.0,3147200.0
795,2021-10-01 13:45:22,107900.0,500.0,3146200.0
796,2021-10-01 13:44:30,108000.0,200.0,3145700.0
797,2021-10-01 13:44:10,108000.0,100.0,3145500.0
798,2021-10-01 13:44:10,108000.0,100.0,3145400.0
799,2021-10-01 13:44:10,108000.0,9800.0,3145300.0
800,2021-10-01 13:44:05,108000.0,200.0,3135500.0
801,2021-10-01 13:44:05,108000.0,100.0,3135300.0
802,2021-10-01 13:44:05,108000.0,100.0,3135200.0
803,2021-10-01 13:44:05,108000.0,500.0,3135100.0
804,2021-10-01 13:44:05,108000.0,300.0,3134600.0
805,2021-10-01 13:44:05,108000.0,100.0,3134300.0
806,2021-10-01 13:44:05,108000.0,200.0,3134200.0
807,2021-10-01 13:44:05,108000.0,200.0,3134000.0
808,2021-10-01 13:44:05,108000.0,100.0,3133800.0
809,2021-10-01 13:44:05,108000.0,3500.0,3133700.0
810,2021-10-01 13:44:05,108000.0,100.0,3130200.0
811,2021-10-01 13:44:05,108000.0,500.0,3130100.0
812,2021-10-01 13:44:05,108000.0,3000.0,3129600.0
813,2021-10-01 13:44:05,108000.0,100.0,3126600.0
814,2021-10-01 13:44:05,107900.0,1000.0,3126500.0
815,2021-10-01 13:43:56,107800.0,200.0,3125500.0
816,2021-10-01 13:43:56,107500.0,300.0,3125300.0
817,2021-10-01 13:43:52,107800.0,100.0,3125000.0
818,2021-10-01 13:43:52,107800.0,200.0,3124900.0
819,2021-10-01 13:43:45,107500.0,100.0,3124700.0
820,2021-10-01 13:43:41,107500.0,100.0,3124600.0
821,2021-10-01 13:43:40,107500.0,100.0,3124500.0
822,2021-10-01 13:43:40,107500.0,100.0,3124400.0
823,2021-10-01 13:43:40,107500.0,100.0,3124300.0
824,2021-10-01 13:43:40,107500.0,500.0,3124200.0
825,2021-10-01 13:43:40,107500.0,200.0,3123700.0
826,2021-10-01 13:43:40,107500.0,100.0,3123500.0
827,2021-10-01 13:43:40,107500.0,100.0,3123400.0
828,2021-10-01 13:43:40,107500.0,16000.0,3123300.0
829,2021-10-01 13:43:40,107500.0,1000.0,3107300.0
830,2021-10-01 13:43:37,107300.0,1000.0,3106300.0
831,2021-10-01 13:43:36,107500.0,500.0,3105300.0
832,2021-10-01 13:43:33,107500.0,10000.0,3104800.0
833,2021-10-01 13:43:29,107300.0,1500.0,3094800.0
834,2021-10-01 13:43:29,107500.0,1000.0,3093300.0
835,2021-10-01 13:43:27,107500.0,2000.0,3092300.0
836,2021-10-01 13:43:25,107500.0,20000.0,3090300.0
837,2021-10-01 13:43:21,107500.0,2000.0,3070300.0
838,2021-10-01 13:43:14,107500.0,4100.0,3068300.0
839,2021-10-01 13:43:14,107300.0,400.0,3064200.0
840,2021-10-01 13:43:14,107300.0,2100.0,3063800.0
841,2021-10-01 13:43:03,107500.0,3100.0,3061700.0
842,2021-10-01 13:43:00,107500.0,100.0,3058600.0
843,2021-10-01 13:42:56,107300.0,1800.0,3058500.0
844,2021-10-01 13:42:56,107400.0,200.0,3056700.0
845,2021-10-01 13:42:43,107500.0,200.0,3056500.0
846,2021-10-01 13:42:05,107300.0,500.0,3056300.0
847,2021-10-01 13:41:59,107300.0,100.0,3055800.0
848,2021-10-01 13:41:59,107300.0,500.0,3055700.0
849,2021-10-01 13:41:56,107300.0,500.0,3055200.0
850,2021-10-01 13:41:52,107300.0,15000.0,3054700.0
851,2021-10-01 13:41:51,107000.0,100.0,3039700.0
852,2021-10-01 13:41:49,107000.0,100.0,3039600.0
853,2021-10-01 13:41:47,107000.0,200.0,3039500.0
854,2021-10-01 13:41:47,107000.0,100.0,3039300.0
855,2021-10-01 13:41:37,107000.0,100.0,3039200.0
856,2021-10-01 13:41:34,107000.0,100.0,3039100.0
857,2021-10-01 13:41:31,107000.0,100.0,3039000.0
858,2021-10-01 13:41:30,107000.0,100.0,3038900.0
859,2021-10-01 13:41:30,107000.0,100.0,3038800.0
860,2021-10-01 13:41:20,107000.0,900.0,3038700.0
861,2021-10-01 13:41:18,107000.0,100.0,3037800.0
862,2021-10-01 13:41:16,107000.0,1000.0,3037700.0
863,2021-10-01 13:41:15,107000.0,1000.0,3036700.0
864,2021-10-01 13:41:15,107000.0,2000.0,3035700.0
865,2021-10-01 13:41:15,107000.0,100.0,3033700.0
866,2021-10-01 13:41:15,107000.0,100.0,3033600.0
867,2021-10-01 13:41:15,107000.0,1500.0,3033500.0
868,2021-10-01 13:41:15,107000.0,100.0,3032000.0
869,2021-10-01 13:41:15,107000.0,200.0,3031900.0
870,2021-10-01 13:41:15,107000.0,2000.0,3031700.0
871,2021-10-01 13:41:15,107000.0,1000.0,3029700.0
872,2021-10-01 13:41:15,107000.0,900.0,3028700.0
873,2021-10-01 13:41:12,106900.0,1000.0,3027800.0
874,2021-10-01 13:41:10,107000.0,200.0,3026800.0
875,2021-10-01 13:41:10,107000.0,500.0,3026600.0
876,2021-10-01 13:41:07,106900.0,300.0,3026100.0
877,2021-10-01 13:41:07,106900.0,2700.0,3025800.0
878,2021-10-01 13:41:05,106900.0,600.0,3023100.0
879,2021-10-01 13:41:01,106900.0,400.0,3022500.0
880,2021-10-01 13:41:01,106900.0,600.0,3022100.0
881,2021-10-01 13:40:58,106900.0,100.0,3021500.0
882,2021-10-01 13:40:50,106900.0,2000.0,3021400.0
883,2021-10-01 13:40:32,106900.0,2300.0,3019400.0
884,2021-10-01 13:40:32,106900.0,200.0,3017100.0
885,2021-10-01 13:40:32,106900.0,500.0,3016900.0
886,2021-10-01 13:40:16,107000.0,100.0,3016400.0
887,2021-10-01 13:40:07,107000.0,100.0,3016300.0
888,2021-10-01 13:40:02,107000.0,200.0,3016200.0
889,2021-10-01 13:39:53,107000.0,100.0,3016000.0
890,2021-10-01 13:39:50,107000.0,500.0,3015900.0
891,2021-10-01 13:39:50,107000.0,1000.0,3015400.0
892,2021-10-01 13:39:50,107000.0,100.0,3014400.0
893,2021-10-01 13:39:50,107000.0,400.0,3014300.0
894,2021-10-01 13:39:30,107000.0,300.0,3013900.0
895,2021-10-01 13:39:13,107000.0,1000.0,3013600.0
896,2021-10-01 13:39:12,107000.0,1000.0,3012600.0
897,2021-10-01 13:39:12,107000.0,100.0,3011600.0
898,2021-10-01 13:39:12,107000.0,100.0,3011500.0
899,2021-10-01 13:39:12,107000.0,1000.0,3011400.0
900,2021-10-01 13:39:12,107000.0,1000.0,3010400.0
901,2021-10-01 13:39:12,107000.0,200.0,3009400.0
902,2021-10-01 13:39:12,107000.0,1000.0,3009200.0
903,2021-10-01 13:39:12,107000.0,1000.0,3008200.0
904,2021-10-01 13:39:12,107000.0,200.0,3007200.0
905,2021-10-01 13:39:12,107000.0,500.0,3007000.0
906,2021-10-01 13:39:12,107000.0,1000.0,3006500.0
907,2021-10-01 13:39:12,107000.0,500.0,3005500.0
908,2021-10-01 13:39:12,107000.0,100.0,3005000.0
909,2021-10-01 13:39:12,107000.0,2000.0,3004900.0
910,2021-10-01 13:39:12,107000.0,400.0,3002900.0
911,2021-10-01 13:39:12,107000.0,500.0,3002500.0
912,2021-10-01 13:39:12,107000.0,100.0,3002000.0
913,2021-10-01 13:39:12,107000.0,200.0,3001900.0
914,2021-10-01 13:39:12,107000.0,300.0,3001700.0
915,2021-10-01 13:39:12,107000.0,100.0,3001400.0
916,2021-10-01 13:39:12,107000.0,1000.0,3001300.0
917,2021-10-01 13:39:12,107000.0,300.0,3000300.0
918,2021-10-01 13:39:12,107000.0,200.0,3000000.0
919,2021-10-01 13:39:12,107000.0,500.0,2999800.0
920,2021-10-01 13:39:12,107000.0,100.0,2999300.0
921,2021-10-01 13:39:12,107000.0,100.0,2999200.0
922,2021-10-01 13:39:12,107000.0,200.0,2999100.0
923,2021-10-01 13:39:12,107000.0,1000.0,2998900.0
924,2021-10-01 13:39:12,107000.0,1400.0,2997900.0
925,2021-10-01 13:39:12,107100.0,100.0,2996500.0
926,2021-10-01 13:39:12,107100.0,2100.0,2996400.0
927,2021-10-01 13:39:06,107100.0,700.0,2994300.0
928,2021-10-01 13:39:02,107200.0,100.0,2993600.0
929,2021-10-01 13:38:49,107200.0,2600.0,2993500.0
930,2021-10-01 13:38:49,107200.0,100.0,2990900.0
931,2021-10-01 13:38:49,107200.0,300.0,2990800.0
932,2021-10-01 13:38:33,107200.0,200.0,2990500.0
933,2021-10-01 13:38:27,107200.0,100.0,2990300.0
934,2021-10-01 13:38:27,107200.0,200.0,2990200.0
935,2021-10-01 13:38:27,107200.0,100.0,2990000.0
936,2021-10-01 13:38:27,107200.0,100.0,2989900.0
937,2021-10-01 13:38:27,107200.0,2400.0,2989800.0
938,2021-10-01 13:38:25,107300.0,100.0,2987400.0
939,2021-10-01 13:38:22,107200.0,2700.0,2987300.0
940,2021-10-01 13:38:22,107200.0,100.0,2984600.0
941,2021-10-01 13:38:22,107200.0,2000.0,2984500.0
942,2021-10-01 13:38:22,107200.0,200.0,2982500.0
943,2021-10-01 13:38:20,107200.0,200.0,2982300.0
944,2021-10-01 13:38:11,107200.0,900.0,2982100.0
945,2021-10-01 13:38:11,107200.0,600.0,2981200.0
946,2021-10-01 13:38:11,107200.0,700.0,2980600.0
947,2021-10-01 13:38:04,107300.0,1000.0,2979900.0
948,2021-10-01 13:38:04,107300.0,100.0,2978900.0
949,2021-10-01 13:38:04,107300.0,1000.0,2978800.0
950,2021-10-01 13:38:04,107300.0,200.0,2977800.0
951,2021-10-01 13:38:04,107300.0,100.0,2977600.0
952,2021-10-01 13:38:04,107300.0,100.0,2977500.0
953,2021-10-01 13:38:04,107300.0,7000.0,2977400.0
954,2021-10-01 13:38:04,107300.0,100.0,2970400.0
955,2021-10-01 13:38:04,107300.0,4100.0,2970300.0
956,2021-10-01 13:37:58,107300.0,800.0,2966200.0
957,2021-10-01 13:37:48,107300.0,300.0,2965400.0
958,2021-10-01 13:37:44,107400.0,300.0,2965100.0
959,2021-10-01 13:37:44,107400.0,1000.0,2964800.0
960,2021-10-01 13:37:44,107400.0,1000.0,2963800.0
961,2021-10-01 13:37:44,107400.0,700.0,2962800.0
962,2021-10-01 13:37:40,107300.0,2000.0,2962100.0
963,2021-10-01 13:37:38,107400.0,300.0,2960100.0
964,2021-10-01 13:37:38,107400.0,200.0,2959800.0
965,2021-10-01 13:37:36,107400.0,200.0,2959600.0
966,2021-10-01 13:37:35,107300.0,100.0,2959400.0
967,2021-10-01 13:37:31,107300.0,20700.0,2959300.0
968,2021-10-01 13:37:26,107400.0,600.0,2938600.0
969,2021-10-01 13:37:26,107400.0,400.0,2938000.0
970,2021-10-01 13:37:23,107400.0,100.0,2937600.0
971,2021-10-01 13:37:23,107400.0,400.0,2937500.0
972,2021-10-01 13:37:18,107400.0,100.0,2937100.0
973,2021-10-01 13:37:12,107300.0,500.0,2937000.0
974,2021-10-01 13:37:10,107300.0,100.0,2936500.0
975,2021-10-01 13:37:07,107400.0,1000.0,2936400.0
976,2021-10-01 13:37:01,107300.0,200.0,2935400.0
977,2021-10-01 13:36:58,107300.0,1200.0,2935200.0
978,2021-10-01 13:36:58,107300.0,500.0,2934000.0
979,2021-10-01 13:36:58,107300.0,5000.0,2933500.0
980,2021-10-01 13:36:58,107300.0,100.0,2928500.0
981,2021-10-01 13:36:48,107400.0,400.0,2928400.0
982,2021-10-01 13:36:36,107400.0,300.0,2928000.0
983,2021-10-01 13:36:36,107400.0,200.0,2927700.0
984,2021-10-01 13:36:36,107400.0,100.0,2927500.0
985,2021-10-01 13:36:36,107400.0,2500.0,2927400.0
986,2021-10-01 13:36:32,107400.0,500.0,2924900.0
987,2021-10-01 13:36:31,107500.0,600.0,2924400.0
988,2021-10-01 13:36:31,107500.0,600.0,2923800.0
989,2021-10-01 13:36:31,107500.0,1000.0,2923200.0
990,2021-10-01 13:36:31,107500.0,800.0,2922200.0
991,2021-10-01 13:36:16,107500.0,100.0,2921400.0
992,2021-10-01 13:36:16,107500.0,100.0,2921300.0
993,2021-10-01 13:36:16,107500.0,1700.0,2921200.0
994,2021-10-01 13:36:16,107500.0,2300.0,2919500.0
995,2021-10-01 13:36:15,107500.0,500.0,2917200.0
996,2021-10-01 13:36:14,107500.0,2200.0,2916700.0
997,2021-10-01 13:36:14,107500.0,300.0,2914500.0
998,2021-10-01 13:36:14,107500.0,2300.0,2914200.0
999,2021-10-01 13:36:14,107600.0,100.0,2911900.0
1000,2021-10-01 13:36:06,107500.0,3100.0,2911800.0
1001,2021-10-01 13:36:06,107500.0,100.0,2908700.0
1002,2021-10-01 13:36:06,107500.0,100.0,2908600.0
1003,2021-10-01 13:36:06,107500.0,100.0,2908500.0
1004,2021-10-01 13:36:06,107500.0,1600.0,2908400.0
1005,2021-10-01 13:36:03,107500.0,400.0,2906800.0
1006,2021-10-01 13:36:03,107500.0,200.0,2906400.0
1007,2021-10-01 13:36:03,107500.0,300.0,2906200.0
1008,2021-10-01 13:36:03,107500.0,200.0,2905900.0
1009,2021-10-01 13:36:03,107500.0,3000.0,2905700.0
1010,2021-10-01 13:36:03,107500.0,300.0,2902700.0
1011,2021-10-01 13:36:02,107500.0,100.0,2902400.0
1012,2021-10-01 13:35:55,107500.0,1000.0,2902300.0
1013,2021-10-01 13:35:52,107500.0,500.0,2901300.0
1014,2021-10-01 13:35:52,107500.0,2000.0,2900800.0
1015,2021-10-01 13:35:48,107500.0,4200.0,2898800.0
1016,2021-10-01 13:35:42,107500.0,200.0,2894600.0
1017,2021-10-01 13:35:39,107500.0,2500.0,2894400.0
1018,2021-10-01 13:35:39,107600.0,500.0,2891900.0
1019,2021-10-01 13:35:39,107600.0,2000.0,2891400.0
1020,2021-10-01 13:35:27,107600.0,1000.0,2889400.0
1021,2021-10-01 13:35:14,107500.0,700.0,2888400.0
1022,2021-10-01 13:35:04,107700.0,400.0,2887700.0
1023,2021-10-01 13:34:59,107700.0,100.0,2887300.0
1024,2021-10-01 13:34:43,107700.0,900.0,2887200.0
1025,2021-10-01 13:34:43,107700.0,100.0,2886300.0
1026,2021-10-01 13:34:35,107800.0,200.0,2886200.0
1027,2021-10-01 13:34:31,107700.0,100.0,2886000.0
1028,2021-10-01 13:34:23,107800.0,1000.0,2885900.0
1029,2021-10-01 13:34:23,107800.0,5000.0,2884900.0
1030,2021-10-01 13:34:23,107800.0,1000.0,2879900.0
1031,2021-10-01 13:34:23,107800.0,1500.0,2878900.0
1032,2021-10-01 13:34:23,107800.0,2000.0,2877400.0
1033,2021-10-01 13:34:23,107800.0,600.0,2875400.0
1034,2021-10-01 13:34:23,107800.0,5000.0,2874800.0
1035,2021-10-01 13:34:23,107800.0,3000.0,2869800.0
1036,2021-10-01 13:34:04,107900.0,4200.0,2866800.0
1037,2021-10-01 13:33:59,107900.0,300.0,2862600.0
1038,2021-10-01 13:33:59,108000.0,500.0,2862300.0
1039,2021-10-01 13:33:44,107900.0,100.0,2861800.0
1040,2021-10-01 13:33:42,107900.0,400.0,2861700.0
1041,2021-10-01 13:33:42,107900.0,100.0,2861300.0
1042,2021-10-01 13:33:41,107900.0,100.0,2861200.0
1043,2021-10-01 13:33:32,107900.0,100.0,2861100.0
1044,2021-10-01 13:33:22,107900.0,1000.0,2861000.0
1045,2021-10-01 13:33:07,107900.0,100.0,2860000.0
1046,2021-10-01 13:32:50,108000.0,700.0,2859900.0
1047,2021-10-01 13:32:48,108000.0,200.0,2859200.0
1048,2021-10-01 13:32:44,108000.0,100.0,2859000.0
1049,2021-10-01 13:32:05,108000.0,100.0,2858900.0
1050,2021-10-01 13:31:51,108000.0,2000.0,2858800.0
1051,2021-10-01 13:31:50,107900.0,1700.0,2856800.0
1052,2021-10-01 13:31:50,107900.0,5000.0,2855100.0
1053,2021-10-01 13:31:50,107900.0,500.0,2850100.0
1054,2021-10-01 13:31:50,107900.0,2800.0,2849600.0
1055,2021-10-01 13:31:48,108000.0,200.0,2846800.0
1056,2021-10-01 13:31:48,108000.0,500.0,2846600.0
1057,2021-10-01 13:31:48,108000.0,500.0,2846100.0
1058,2021-10-01 13:31:48,108000.0,100.0,2845600.0
1059,2021-10-01 13:31:41,108000.0,100.0,2845500.0
1060,2021-10-01 13:31:37,108000.0,2000.0,2845400.0
1061,2021-10-01 13:31:37,108000.0,1000.0,2843400.0
1062,2021-10-01 13:31:23,108000.0,1500.0,2842400.0
1063,2021-10-01 13:31:23,108000.0,100.0,2840900.0
1064,2021-10-01 13:31:23,108000.0,100.0,2840800.0
1065,2021-10-01 13:31:23,108000.0,100.0,2840700.0
1066,2021-10-01 13:31:23,108000.0,200.0,2840600.0
1067,2021-10-01 13:31:23,108000.0,500.0,2840400.0
1068,2021-10-01 13:31:23,108000.0,2000.0,2839900.0
1069,2021-10-01 13:31:23,108000.0,4500.0,2837900.0
1070,2021-10-01 13:31:23,108000.0,100.0,2833400.0
1071,2021-10-01 13:31:23,108000.0,500.0,2833300.0
1072,2021-10-01 13:31:23,108000.0,100.0,2832800.0
1073,2021-10-01 13:31:23,108000.0,300.0,2832700.0
1074,2021-10-01 13:31:05,108000.0,300.0,2832400.0
1075,2021-10-01 13:30:55,108000.0,1000.0,2832100.0
1076,2021-10-01 13:30:55,108000.0,200.0,2831100.0
1077,2021-10-01 13:30:55,108000.0,2000.0,2830900.0
1078,2021-10-01 13:30:55,108000.0,4400.0,2828900.0
1079,2021-10-01 13:30:55,108100.0,100.0,2824500.0
1080,2021-10-01 13:30:55,108100.0,2200.0,2824400.0
1081,2021-10-01 13:30:55,108200.0,100.0,2822200.0
1082,2021-10-01 13:30:47,108200.0,400.0,2822100.0
1083,2021-10-01 13:30:43,108200.0,100.0,2821700.0
1084,2021-10-01 13:30:37,108200.0,300.0,2821600.0
1085,2021-10-01 13:30:31,108200.0,200.0,2821300.0
1086,2021-10-01 13:30:28,108200.0,100.0,2821100.0
1087,2021-10-01 13:30:28,108200.0,200.0,2821000.0
1088,2021-10-01 13:30:25,108200.0,100.0,2820800.0
1089,2021-10-01 13:30:25,108200.0,100.0,2820700.0
1090,2021-10-01 13:30:25,108200.0,200.0,2820600.0
1091,2021-10-01 13:30:25,108200.0,200.0,2820400.0
1092,2021-10-01 13:30:25,108200.0,300.0,2820200.0
1093,2021-10-01 13:30:25,108200.0,100.0,2819900.0
1094,2021-10-01 13:30:25,108200.0,300.0,2819800.0
1095,2021-10-01 13:30:25,108200.0,600.0,2819500.0
1096,2021-10-01 13:30:19,108200.0,1000.0,2818900.0
1097,2021-10-01 13:30:10,108200.0,400.0,2817900.0
1098,2021-10-01 13:30:10,108300.0,100.0,2817500.0
1099,2021-10-01 13:28:34,108200.0,200.0,2817400.0
1100,2021-10-01 13:28:34,108200.0,1800.0,2817200.0
1101,2021-10-01 13:27:38,108200.0,200.0,2815400.0
1102,2021-10-01 13:27:28,108100.0,800.0,2815200.0
1103,2021-10-01 13:26:57,108000.0,600.0,2814400.0
1104,2021-10-01 13:26:57,108000.0,100.0,2813800.0
1105,2021-10-01 13:26:57,108000.0,100.0,2813700.0
1106,2021-10-01 13:26:57,108000.0,500.0,2813600.0
1107,2021-10-01 13:26:57,108000.0,200.0,2813100.0
1108,2021-10-01 13:26:57,108000.0,100.0,2812900.0
1109,2021-10-01 13:26:57,108000.0,900.0,2812800.0
1110,2021-10-01 13:26:57,108100.0,2000.0,2811900.0
1111,2021-10-01 13:26:57,108100.0,500.0,2809900.0
1112,2021-10-01 13:26:47,108400.0,1900.0,2809400.0
1113,2021-10-01 13:26:47,108300.0,100.0,2807500.0
1114,2021-10-01 13:26:42,108100.0,500.0,2807400.0
1115,2021-10-01 13:26:09,108400.0,100.0,2806900.0
1116,2021-10-01 13:25:56,108400.0,800.0,2806800.0
1117,2021-10-01 13:25:56,108400.0,200.0,2806000.0
1118,2021-10-01 13:25:40,108000.0,500.0,2805800.0
1119,2021-10-01 13:25:40,108100.0,500.0,2805300.0
1120,2021-10-01 13:25:34,108400.0,2900.0,2804800.0
1121,2021-10-01 13:25:34,108400.0,100.0,2801900.0
1122,2021-10-01 13:25:14,108000.0,2000.0,2801800.0
1123,2021-10-01 13:25:10,108000.0,100.0,2799800.0
1124,2021-10-01 13:25:00,108000.0,1500.0,2799700.0
1125,2021-10-01 13:25:00,108000.0,3000.0,2798200.0
1126,2021-10-01 13:25:00,108000.0,500.0,2795200.0
1127,2021-10-01 13:24:43,108000.0,300.0,2794700.0
1128,2021-10-01 13:24:43,108000.0,100.0,2794400.0
1129,2021-10-01 13:24:43,108000.0,100.0,2794300.0
1130,2021-10-01 13:24:24,107900.0,200.0,2794200.0
1131,2021-10-01 13:24:17,107900.0,700.0,2794000.0
1132,2021-10-01 13:24:15,107900.0,2000.0,2793300.0
1133,2021-10-01 13:24:08,107800.0,100.0,2791300.0
1134,2021-10-01 13:24:03,107900.0,100.0,2791200.0
1135,2021-10-01 13:23:54,107500.0,100.0,2791100.0
1136,2021-10-01 13:23:53,107500.0,100.0,2791000.0
1137,2021-10-01 13:23:49,107500.0,2000.0,2790900.0
1138,2021-10-01 13:23:49,107500.0,300.0,2788900.0
1139,2021-10-01 13:23:49,107500.0,11000.0,2788600.0
1140,2021-10-01 13:23:47,107300.0,900.0,2777600.0
1141,2021-10-01 13:23:47,107300.0,5000.0,2776700.0
1142,2021-10-01 13:23:47,107300.0,2000.0,2771700.0
1143,2021-10-01 13:23:47,107300.0,1000.0,2769700.0
1144,2021-10-01 13:23:47,107300.0,100.0,2768700.0
1145,2021-10-01 13:23:47,107400.0,100.0,2768600.0
1146,2021-10-01 13:23:47,107400.0,900.0,2768500.0
1147,2021-10-01 13:23:42,107400.0,200.0,2767600.0
1148,2021-10-01 13:23:42,107400.0,900.0,2767400.0
1149,2021-10-01 13:23:30,107300.0,200.0,2766500.0
1150,2021-10-01 13:23:26,107300.0,1000.0,2766300.0
1151,2021-10-01 13:23:21,107300.0,3700.0,2765300.0
1152,2021-10-01 13:23:21,107300.0,200.0,2761600.0
1153,2021-10-01 13:23:21,107300.0,1100.0,2761400.0
1154,2021-10-01 13:23:10,107400.0,100.0,2760300.0
1155,2021-10-01 13:23:04,107300.0,300.0,2760200.0
1156,2021-10-01 13:23:04,107400.0,4700.0,2759900.0
1157,2021-10-01 13:23:03,107400.0,300.0,2755200.0
1158,2021-10-01 13:23:03,107400.0,100.0,2754900.0
1159,2021-10-01 13:23:03,107400.0,100.0,2754800.0
1160,2021-10-01 13:22:55,107500.0,5000.0,2754700.0
1161,2021-10-01 13:22:52,107500.0,100.0,2749700.0
1162,2021-10-01 13:22:49,107500.0,100.0,2749600.0
1163,2021-10-01 13:22:47,107500.0,8000.0,2749500.0
1164,2021-10-01 13:22:46,107500.0,500.0,2741500.0
1165,2021-10-01 13:22:46,107500.0,5000.0,2741000.0
1166,2021-10-01 13:22:46,107500.0,500.0,2736000.0
1167,2021-10-01 13:22:46,107500.0,2000.0,2735500.0
1168,2021-10-01 13:22:46,107500.0,500.0,2733500.0
1169,2021-10-01 13:22:46,107500.0,4000.0,2733000.0
1170,2021-10-01 13:22:46,107500.0,200.0,2729000.0
1171,2021-10-01 13:22:46,107500.0,500.0,2728800.0
1172,2021-10-01 13:22:46,107500.0,500.0,2728300.0
1173,2021-10-01 13:22:46,107500.0,300.0,2727800.0
1174,2021-10-01 13:22:46,107500.0,100.0,2727500.0
1175,2021-10-01 13:22:46,107500.0,100.0,2727400.0
1176,2021-10-01 13:22:46,107500.0,300.0,2727300.0
1177,2021-10-01 13:22:46,107500.0,200.0,2727000.0
1178,2021-10-01 13:22:46,107500.0,5000.0,2726800.0
1179,2021-10-01 13:22:46,107500.0,200.0,2721800.0
1180,2021-10-01 13:22:46,107500.0,100.0,2721600.0
1181,2021-10-01 13:22:46,107600.0,1000.0,2721500.0
1182,2021-10-01 13:22:46,107600.0,4000.0,2720500.0
1183,2021-10-01 13:22:46,107600.0,100.0,2716500.0
1184,2021-10-01 13:22:46,107600.0,100.0,2716400.0
1185,2021-10-01 13:22:46,107800.0,700.0,2716300.0
1186,2021-10-01 13:22:46,107800.0,5000.0,2715600.0
1187,2021-10-01 13:22:46,107800.0,1000.0,2710600.0
1188,2021-10-01 13:22:46,107800.0,2000.0,2709600.0
1189,2021-10-01 13:22:46,107800.0,10000.0,2707600.0
1190,2021-10-01 13:22:46,107800.0,1000.0,2697600.0
1191,2021-10-01 13:22:46,107800.0,2000.0,2696600.0
1192,2021-10-01 13:22:46,107800.0,1000.0,2694600.0
1193,2021-10-01 13:22:46,107800.0,1000.0,2693600.0
1194,2021-10-01 13:22:46,107800.0,1000.0,2692600.0
1195,2021-10-01 13:22:46,107800.0,900.0,2691600.0
1196,2021-10-01 13:22:40,107800.0,100.0,2690700.0
1197,2021-10-01 13:22:40,107800.0,1000.0,2690600.0
1198,2021-10-01 13:22:38,107900.0,100.0,2689600.0
1199,2021-10-01 13:22:14,107900.0,100.0,2689500.0
1200,2021-10-01 13:22:12,107900.0,2300.0,2689400.0
1201,2021-10-01 13:22:12,108000.0,2500.0,2687100.0
1202,2021-10-01 13:22:07,108000.0,100.0,2684600.0
1203,2021-10-01 13:22:05,108000.0,400.0,2684500.0
1204,2021-10-01 13:22:03,107900.0,700.0,2684100.0
1205,2021-10-01 13:22:02,107900.0,100.0,2683400.0
1206,2021-10-01 13:21:58,107900.0,500.0,2683300.0
1207,2021-10-01 13:21:58,107900.0,800.0,2682800.0
1208,2021-10-01 13:21:58,107900.0,300.0,2682000.0
1209,2021-10-01 13:21:58,107900.0,6000.0,2681700.0
1210,2021-10-01 13:21:58,107900.0,6000.0,2675700.0
1211,2021-10-01 13:21:58,107900.0,500.0,2669700.0
1212,2021-10-01 13:21:58,107900.0,100.0,2669200.0
1213,2021-10-01 13:21:55,108000.0,1000.0,2669100.0
1214,2021-10-01 13:21:55,108000.0,600.0,2668100.0
1215,2021-10-01 13:21:52,108000.0,100.0,2667500.0
1216,2021-10-01 13:21:48,108000.0,900.0,2667400.0
1217,2021-10-01 13:21:48,108000.0,2600.0,2666500.0
1218,2021-10-01 13:21:44,108000.0,100.0,2663900.0
1219,2021-10-01 13:21:44,108000.0,5000.0,2663800.0
1220,2021-10-01 13:21:44,108000.0,5000.0,2658800.0
1221,2021-10-01 13:21:44,108000.0,5000.0,2653800.0
1222,2021-10-01 13:21:44,108000.0,1000.0,2648800.0
1223,2021-10-01 13:21:44,108000.0,5000.0,2647800.0
1224,2021-10-01 13:21:44,108000.0,1300.0,2642800.0
1225,2021-10-01 13:21:44,108100.0,5000.0,2641500.0
1226,2021-10-01 13:21:40,108000.0,100.0,2636500.0
1227,2021-10-01 13:21:37,108000.0,400.0,2636400.0
1228,2021-10-01 13:21:37,108000.0,100.0,2636000.0
1229,2021-10-01 13:21:28,108000.0,100.0,2635900.0
1230,2021-10-01 13:21:28,108000.0,300.0,2635800.0
1231,2021-10-01 13:21:28,108000.0,7000.0,2635500.0
1232,2021-10-01 13:21:28,108000.0,5000.0,2628500.0
1233,2021-10-01 13:21:28,108000.0,100.0,2623500.0
1234,2021-10-01 13:21:28,108000.0,3000.0,2623400.0
1235,2021-10-01 13:21:28,108000.0,800.0,2620400.0
1236,2021-10-01 13:21:28,108000.0,100.0,2619600.0
1237,2021-10-01 13:21:28,108000.0,3500.0,2619500.0
1238,2021-10-01 13:21:28,108000.0,200.0,2616000.0
1239,2021-10-01 13:21:28,108000.0,500.0,2615800.0
1240,2021-10-01 13:21:28,108000.0,200.0,2615300.0
1241,2021-10-01 13:21:28,108000.0,5000.0,2615100.0
1242,2021-10-01 13:21:28,108000.0,2000.0,2610100.0
1243,2021-10-01 13:21:28,108000.0,300.0,2608100.0
1244,2021-10-01 13:21:28,108000.0,500.0,2607800.0
1245,2021-10-01 13:21:28,108000.0,100.0,2607300.0
1246,2021-10-01 13:21:28,108000.0,100.0,2607200.0
1247,2021-10-01 13:21:28,108000.0,600.0,2607100.0
1248,2021-10-01 13:21:28,108000.0,400.0,2606500.0
1249,2021-10-01 13:21:28,108000.0,1000.0,2606100.0
1250,2021-10-01 13:21:28,108000.0,200.0,2605100.0
1251,2021-10-01 13:21:28,108000.0,100.0,2604900.0
1252,2021-10-01 13:21:28,108000.0,500.0,2604800.0
1253,2021-10-01 13:21:28,108000.0,300.0,2604300.0
1254,2021-10-01 13:21:28,108000.0,400.0,2604000.0
1255,2021-10-01 13:21:28,108000.0,200.0,2603600.0
1256,2021-10-01 13:21:28,108000.0,100.0,2603400.0
1257,2021-10-01 13:21:28,108000.0,1000.0,2603300.0
1258,2021-10-01 13:21:28,108000.0,100.0,2602300.0
1259,2021-10-01 13:21:28,108000.0,100.0,2602200.0
1260,2021-10-01 13:21:28,108000.0,1000.0,2602100.0
1261,2021-10-01 13:21:28,108000.0,100.0,2601100.0
1262,2021-10-01 13:21:28,108000.0,100.0,2601000.0
1263,2021-10-01 13:21:28,108000.0,500.0,2600900.0
1264,2021-10-01 13:21:28,108000.0,800.0,2600400.0
1265,2021-10-01 13:21:28,108000.0,100.0,2599600.0
1266,2021-10-01 13:21:28,108000.0,3000.0,2599500.0
1267,2021-10-01 13:21:28,108000.0,100.0,2596500.0
1268,2021-10-01 13:21:28,108100.0,500.0,2596400.0
1269,2021-10-01 13:21:24,108100.0,1500.0,2595900.0
1270,2021-10-01 13:21:24,108100.0,1000.0,2594400.0
1271,2021-10-01 13:21:14,108100.0,300.0,2593400.0
1272,2021-10-01 13:21:10,108100.0,200.0,2593100.0
1273,2021-10-01 13:21:01,108100.0,1500.0,2592900.0
1274,2021-10-01 13:20:50,108000.0,1700.0,2591400.0
1275,2021-10-01 13:20:50,108100.0,1200.0,2589700.0
1276,2021-10-01 13:20:50,108100.0,200.0,2588500.0
1277,2021-10-01 13:20:50,108200.0,5000.0,2588300.0
1278,2021-10-01 13:20:50,108200.0,200.0,2583300.0
1279,2021-10-01 13:20:50,108200.0,100.0,2583100.0
1280,2021-10-01 13:20:50,108200.0,900.0,2583000.0
1281,2021-10-01 13:20:50,108300.0,300.0,2582100.0
1282,2021-10-01 13:20:50,108300.0,1000.0,2581800.0
1283,2021-10-01 13:20:50,108500.0,1400.0,2580800.0
1284,2021-10-01 13:20:48,108500.0,1700.0,2579400.0
1285,2021-10-01 13:20:44,108400.0,1000.0,2577700.0
1286,2021-10-01 13:20:44,108500.0,500.0,2576700.0
1287,2021-10-01 13:20:37,108500.0,100.0,2576200.0
1288,2021-10-01 13:20:37,108500.0,500.0,2576100.0
1289,2021-10-01 13:20:37,108500.0,100.0,2575600.0
1290,2021-10-01 13:20:37,108500.0,100.0,2575500.0
1291,2021-10-01 13:20:37,108500.0,100.0,2575400.0
1292,2021-10-01 13:20:37,108500.0,2000.0,2575300.0
1293,2021-10-01 13:20:37,108500.0,500.0,2573300.0
1294,2021-10-01 13:20:37,108500.0,100.0,2572800.0
1295,2021-10-01 13:20:37,108500.0,8400.0,2572700.0
1296,2021-10-01 13:20:37,108600.0,100.0,2564300.0
1297,2021-10-01 13:20:37,108600.0,500.0,2564200.0
1298,2021-10-01 13:20:37,108600.0,100.0,2563700.0
1299,2021-10-01 13:20:37,108600.0,2000.0,2563600.0
1300,2021-10-01 13:20:37,108600.0,2000.0,2561600.0
1301,2021-10-01 13:20:37,108700.0,100.0,2559600.0
1302,2021-10-01 13:20:37,108700.0,1000.0,2559500.0
1303,2021-10-01 13:20:37,108700.0,100.0,2558500.0
1304,2021-10-01 13:20:37,108700.0,400.0,2558400.0
1305,2021-10-01 13:20:37,108700.0,300.0,2558000.0
1306,2021-10-01 13:20:37,108700.0,100.0,2557700.0
1307,2021-10-01 13:20:37,108700.0,200.0,2557600.0
1308,2021-10-01 13:20:37,108700.0,1000.0,2557400.0
1309,2021-10-01 13:20:37,108700.0,100.0,2556400.0
1310,2021-10-01 13:20:37,108700.0,1000.0,2556300.0
1311,2021-10-01 13:20:37,108700.0,1900.0,2555300.0
1312,2021-10-01 13:20:01,108800.0,300.0,2553400.0
1313,2021-10-01 13:19:32,108900.0,1000.0,2553100.0
1314,2021-10-01 13:18:45,109000.0,100.0,2552100.0
1315,2021-10-01 13:18:32,109000.0,3400.0,2552000.0
1316,2021-10-01 13:18:32,109000.0,100.0,2548600.0
1317,2021-10-01 13:18:32,109000.0,1000.0,2548500.0
1318,2021-10-01 13:18:32,109000.0,100.0,2547500.0
1319,2021-10-01 13:18:07,108700.0,300.0,2547400.0
1320,2021-10-01 13:17:57,108700.0,2000.0,2547100.0
1321,2021-10-01 13:17:48,108700.0,500.0,2545100.0
1322,2021-10-01 13:17:40,108700.0,500.0,2544600.0
1323,2021-10-01 13:17:39,108700.0,100.0,2544100.0
1324,2021-10-01 13:17:38,108700.0,500.0,2544000.0
1325,2021-10-01 13:17:28,108700.0,2800.0,2543500.0
1326,2021-10-01 13:17:28,108700.0,100.0,2540700.0
1327,2021-10-01 13:17:28,108700.0,100.0,2540600.0
1328,2021-10-01 13:17:28,108700.0,100.0,2540500.0
1329,2021-10-01 13:17:27,108500.0,1600.0,2540400.0
1330,2021-10-01 13:17:27,108600.0,400.0,2538800.0
1331,2021-10-01 13:17:26,108700.0,400.0,2538400.0
1332,2021-10-01 13:17:25,108600.0,700.0,2538000.0
1333,2021-10-01 13:17:25,108600.0,3000.0,2537300.0
1334,2021-10-01 13:17:25,108500.0,200.0,2534300.0
1335,2021-10-01 13:17:25,108500.0,2000.0,2534100.0
1336,2021-10-01 13:17:25,108500.0,100.0,2532100.0
1337,2021-10-01 13:17:25,108500.0,100.0,2532000.0
1338,2021-10-01 13:17:25,108500.0,200.0,2531900.0
1339,2021-10-01 13:17:25,108500.0,2000.0,2531700.0
1340,2021-10-01 13:17:25,108500.0,5000.0,2529700.0
1341,2021-10-01 13:17:25,108500.0,200.0,2524700.0
1342,2021-10-01 13:17:25,108500.0,100.0,2524500.0
1343,2021-10-01 13:17:25,108500.0,500.0,2524400.0
1344,2021-10-01 13:17:25,108500.0,500.0,2523900.0
1345,2021-10-01 13:17:25,108500.0,1000.0,2523400.0
1346,2021-10-01 13:17:25,108500.0,100.0,2522400.0
1347,2021-10-01 13:17:25,108500.0,500.0,2522300.0
1348,2021-10-01 13:17:25,108500.0,100.0,2521800.0
1349,2021-10-01 13:17:24,108600.0,1000.0,2521700.0
1350,2021-10-01 13:17:20,108600.0,100.0,2520700.0
1351,2021-10-01 13:17:20,108500.0,100.0,2520600.0
1352,2021-10-01 13:17:16,108600.0,100.0,2520500.0
1353,2021-10-01 13:17:16,108600.0,900.0,2520400.0
1354,2021-10-01 13:17:09,108600.0,4000.0,2519500.0
1355,2021-10-01 13:17:09,108600.0,100.0,2515500.0
1356,2021-10-01 13:17:09,108600.0,3000.0,2515400.0
1357,2021-10-01 13:16:55,108700.0,200.0,2512400.0
1358,2021-10-01 13:16:55,108700.0,1000.0,2512200.0
1359,2021-10-01 13:16:55,108700.0,1200.0,2511200.0
1360,2021-10-01 13:16:54,108700.0,400.0,2510000.0
1361,2021-10-01 13:16:39,108700.0,3400.0,2509600.0
1362,2021-10-01 13:16:39,108700.0,200.0,2506200.0
1363,2021-10-01 13:16:39,108700.0,100.0,2506000.0
1364,2021-10-01 13:16:39,108800.0,200.0,2505900.0
1365,2021-10-01 13:16:39,108800.0,1000.0,2505700.0
1366,2021-10-01 13:16:39,108800.0,100.0,2504700.0
1367,2021-10-01 13:16:36,108800.0,200.0,2504600.0
1368,2021-10-01 13:16:36,108800.0,1800.0,2504400.0
1369,2021-10-01 13:16:29,108800.0,1000.0,2502600.0
1370,2021-10-01 13:16:10,109000.0,200.0,2501600.0
1371,2021-10-01 13:16:09,108800.0,2200.0,2501400.0
1372,2021-10-01 13:16:09,108900.0,200.0,2499200.0
1373,2021-10-01 13:16:09,108900.0,2000.0,2499000.0
1374,2021-10-01 13:16:09,108900.0,100.0,2497000.0
1375,2021-10-01 13:16:09,108900.0,300.0,2496900.0
1376,2021-10-01 13:16:01,109000.0,1000.0,2496600.0
1377,2021-10-01 13:15:59,109000.0,300.0,2495600.0
1378,2021-10-01 13:15:59,109000.0,100.0,2495300.0
1379,2021-10-01 13:15:57,109000.0,200.0,2495200.0
1380,2021-10-01 13:15:57,109000.0,300.0,2495000.0
1381,2021-10-01 13:15:57,109000.0,100.0,2494700.0
1382,2021-10-01 13:15:57,109000.0,300.0,2494600.0
1383,2021-10-01 13:15:57,109000.0,100.0,2494300.0
1384,2021-10-01 13:15:53,109000.0,100.0,2494200.0
1385,2021-10-01 13:15:53,109000.0,500.0,2494100.0
1386,2021-10-01 13:15:53,109000.0,4200.0,2493600.0
1387,2021-10-01 13:15:53,109000.0,5000.0,2489400.0
1388,2021-10-01 13:15:53,109000.0,200.0,2484400.0
1389,2021-10-01 13:15:53,109000.0,5000.0,2484200.0
1390,2021-10-01 13:15:53,109000.0,1600.0,2479200.0
1391,2021-10-01 13:15:43,109000.0,1000.0,2477600.0
1392,2021-10-01 13:15:32,109100.0,1000.0,2476600.0
1393,2021-10-01 13:15:25,109000.0,400.0,2475600.0
1394,2021-10-01 13:15:25,109000.0,100.0,2475200.0
1395,2021-10-01 13:15:25,109000.0,100.0,2475100.0
1396,2021-10-01 13:15:25,109000.0,100.0,2475000.0
1397,2021-10-01 13:15:25,109100.0,1000.0,2474900.0
1398,2021-10-01 13:15:25,109100.0,2000.0,2473900.0
1399,2021-10-01 13:15:25,109100.0,2000.0,2471900.0
1400,2021-10-01 13:15:25,109100.0,100.0,2469900.0
1401,2021-10-01 13:15:25,109100.0,100.0,2469800.0
1402,2021-10-01 13:15:25,109100.0,3000.0,2469700.0
1403,2021-10-01 13:15:25,109100.0,100.0,2466700.0
1404,2021-10-01 13:15:20,109200.0,100.0,2466600.0
1405,2021-10-01 13:15:20,109200.0,300.0,2466500.0
1406,2021-10-01 13:15:20,109200.0,100.0,2466200.0
1407,2021-10-01 13:15:20,109200.0,1400.0,2466100.0
1408,2021-10-01 13:15:09,109200.0,600.0,2464700.0
1409,2021-10-01 13:15:01,109300.0,900.0,2464100.0
1410,2021-10-01 13:14:43,109300.0,500.0,2463200.0
1411,2021-10-01 13:14:43,109300.0,200.0,2462700.0
1412,2021-10-01 13:14:43,109300.0,600.0,2462500.0
1413,2021-10-01 13:14:14,109500.0,200.0,2461900.0
1414,2021-10-01 13:14:08,109500.0,400.0,2461700.0
1415,2021-10-01 13:13:45,109500.0,200.0,2461300.0
1416,2021-10-01 13:13:45,109500.0,400.0,2461100.0
1417,2021-10-01 13:13:45,109400.0,100.0,2460700.0
1418,2021-10-01 13:13:45,109400.0,800.0,2460600.0
1419,2021-10-01 13:12:53,109400.0,200.0,2459800.0
1420,2021-10-01 13:12:53,109400.0,100.0,2459600.0
1421,2021-10-01 13:12:53,109400.0,200.0,2459500.0
1422,2021-10-01 13:12:45,109400.0,100.0,2459300.0
1423,2021-10-01 13:12:20,109400.0,100.0,2459200.0
1424,2021-10-01 13:12:11,109300.0,400.0,2459100.0
1425,2021-10-01 13:12:09,109400.0,100.0,2458700.0
1426,2021-10-01 13:12:09,109400.0,500.0,2458600.0
1427,2021-10-01 13:12:08,109500.0,200.0,2458100.0
1428,2021-10-01 13:11:44,109400.0,100.0,2457900.0
1429,2021-10-01 13:11:44,109400.0,100.0,2457800.0
1430,2021-10-01 13:10:56,109400.0,100.0,2457700.0
1431,2021-10-01 13:10:48,109500.0,1100.0,2457600.0
1432,2021-10-01 13:10:43,109400.0,1800.0,2456500.0
1433,2021-10-01 13:10:43,109400.0,100.0,2454700.0
1434,2021-10-01 13:10:17,109400.0,500.0,2454600.0
1435,2021-10-01 13:10:17,109400.0,300.0,2454100.0
1436,2021-10-01 13:10:17,109400.0,500.0,2453800.0
1437,2021-10-01 13:10:02,109400.0,400.0,2453300.0
1438,2021-10-01 13:10:01,109500.0,600.0,2452900.0
1439,2021-10-01 13:10:01,109500.0,2000.0,2452300.0
1440,2021-10-01 13:10:01,109500.0,700.0,2450300.0
1441,2021-10-01 13:09:56,109600.0,100.0,2449600.0
1442,2021-10-01 13:09:32,109500.0,400.0,2449500.0
1443,2021-10-01 13:09:27,109600.0,1000.0,2449100.0
1444,2021-10-01 13:09:27,109600.0,100.0,2448100.0
1445,2021-10-01 13:09:18,109600.0,400.0,2448000.0
1446,2021-10-01 13:09:18,109600.0,600.0,2447600.0
1447,2021-10-01 13:09:09,109600.0,400.0,2447000.0
1448,2021-10-01 13:09:05,109600.0,700.0,2446600.0
1449,2021-10-01 13:08:40,109600.0,400.0,2445900.0
1450,2021-10-01 13:08:30,109700.0,100.0,2445500.0
1451,2021-10-01 13:07:55,109700.0,100.0,2445400.0
1452,2021-10-01 13:07:55,109700.0,100.0,2445300.0
1453,2021-10-01 13:07:55,109700.0,300.0,2445200.0
1454,2021-10-01 13:07:28,109500.0,100.0,2444900.0
1455,2021-10-01 13:07:19,109400.0,1000.0,2444800.0
1456,2021-10-01 13:06:32,109400.0,100.0,2443800.0
1457,2021-10-01 13:06:32,109500.0,100.0,2443700.0
1458,2021-10-01 13:06:32,109500.0,200.0,2443600.0
1459,2021-10-01 13:04:59,109700.0,200.0,2443400.0
1460,2021-10-01 13:04:42,109600.0,200.0,2443200.0
1461,2021-10-01 13:04:40,109700.0,100.0,2443000.0
1462,2021-10-01 13:04:32,109700.0,100.0,2442900.0
1463,2021-10-01 13:04:30,109600.0,200.0,2442800.0
1464,2021-10-01 13:04:30,109600.0,200.0,2442600.0
1465,2021-10-01 13:04:30,109600.0,300.0,2442400.0
1466,2021-10-01 13:04:30,109600.0,8100.0,2442100.0
1467,2021-10-01 13:04:08,109600.0,500.0,2434000.0
1468,2021-10-01 13:04:03,109500.0,100.0,2433500.0
1469,2021-10-01 13:03:50,109500.0,200.0,2433400.0
1470,2021-10-01 13:03:35,109500.0,100.0,2433200.0
1471,2021-10-01 13:03:31,109200.0,100.0,2433100.0
1472,2021-10-01 13:03:23,109500.0,200.0,2433000.0
1473,2021-10-01 13:03:13,109500.0,400.0,2432800.0
1474,2021-10-01 13:02:55,109500.0,400.0,2432400.0
1475,2021-10-01 13:02:55,109500.0,500.0,2432000.0
1476,2021-10-01 13:02:55,109500.0,1100.0,2431500.0
1477,2021-10-01 13:02:43,109500.0,200.0,2430400.0
1478,2021-10-01 13:02:32,109500.0,100.0,2430200.0
1479,2021-10-01 13:02:30,109500.0,100.0,2430100.0
1480,2021-10-01 13:02:04,109500.0,200.0,2430000.0
1481,2021-10-01 13:02:04,109500.0,300.0,2429800.0
1482,2021-10-01 13:02:03,109500.0,500.0,2429500.0
1483,2021-10-01 13:00:49,109500.0,2500.0,2429000.0
1484,2021-10-01 13:00:49,109500.0,2100.0,2426500.0
1485,2021-10-01 13:00:31,109100.0,200.0,2424400.0
1486,2021-10-01 13:00:29,109500.0,100.0,2424200.0
1487,2021-10-01 13:00:25,109000.0,300.0,2424100.0
1488,2021-10-01 13:00:25,109000.0,100.0,2423800.0
1489,2021-10-01 13:00:25,109000.0,200.0,2423700.0
1490,2021-10-01 13:00:25,109000.0,100.0,2423500.0
1491,2021-10-01 13:00:25,109000.0,200.0,2423400.0
1492,2021-10-01 13:00:25,109000.0,100.0,2423200.0
1493,2021-10-01 13:00:25,109000.0,2000.0,2423100.0
1494,2021-10-01 13:00:25,109000.0,300.0,2421100.0
1495,2021-10-01 13:00:25,109000.0,100.0,2420800.0
1496,2021-10-01 13:00:25,109000.0,1000.0,2420700.0
1497,2021-10-01 13:00:25,109000.0,300.0,2419700.0
1498,2021-10-01 13:00:25,109000.0,500.0,2419400.0
1499,2021-10-01 13:00:25,109000.0,5000.0,2418900.0
1500,2021-10-01 13:00:25,109000.0,9800.0,2413900.0
1501,2021-10-01 13:00:25,109000.0,200.0,2404100.0
1502,2021-10-01 13:00:25,109000.0,100.0,2403900.0
1503,2021-10-01 13:00:23,109500.0,500.0,2403800.0
1504,2021-10-01 13:00:20,109500.0,500.0,2403300.0
1505,2021-10-01 13:00:18,109500.0,100.0,2402800.0
1506,2021-10-01 13:00:14,109000.0,400.0,2402700.0
1507,2021-10-01 13:00:12,109500.0,100.0,2402300.0
1508,2021-10-01 13:00:12,109300.0,100.0,2402200.0
1509,2021-10-01 13:00:07,109600.0,100.0,2402100.0
1510,2021-10-01 13:00:06,109000.0,500.0,2402000.0
1511,2021-10-01 13:00:05,109600.0,700.0,2401500.0
1512,2021-10-01 13:00:05,109500.0,500.0,2400800.0
1513,2021-10-01 13:00:05,109500.0,400.0,2400300.0
1514,2021-10-01 13:00:03,109000.0,1000.0,2399900.0
1515,2021-10-01 13:00:03,109500.0,100.0,2398900.0
1516,2021-10-01 13:00:03,109500.0,600.0,2398800.0
1517,2021-10-01 13:00:03,109500.0,100.0,2398200.0
1518,2021-10-01 13:00:03,109000.0,300.0,2398100.0
1519,2021-10-01 13:00:01,109000.0,100.0,2397800.0
1520,2021-10-01 13:00:01,109000.0,2000.0,2397700.0
1521,2021-10-01 13:00:01,109000.0,500.0,2395700.0
1522,2021-10-01 13:00:01,109000.0,100.0,2395200.0
1523,2021-10-01 13:00:01,109000.0,100.0,2395100.0
1524,2021-10-01 13:00:01,109000.0,600.0,2395000.0
1525,2021-10-01 13:00:01,109000.0,100.0,2394400.0
1526,2021-10-01 13:00:01,109200.0,200.0,2394300.0
1527,2021-10-01 13:00:01,109000.0,100.0,2394100.0
1528,2021-10-01 13:00:01,109000.0,200.0,2394000.0
1529,2021-10-01 13:00:01,109100.0,100.0,2393800.0
1530,2021-10-01 11:29:58,109000.0,100.0,2393700.0
1531,2021-10-01 11:29:58,109600.0,100.0,2393600.0
1532,2021-10-01 11:29:58,109600.0,700.0,2393500.0
1533,2021-10-01 11:29:58,109500.0,600.0,2392800.0
1534,2021-10-01 11:29:53,109500.0,900.0,2392200.0
1535,2021-10-01 11:29:53,109500.0,1000.0,2391300.0
1536,2021-10-01 11:29:53,109200.0,500.0,2390300.0
1537,2021-10-01 11:29:45,109200.0,200.0,2389800.0
1538,2021-10-01 11:29:45,109200.0,2800.0,2389600.0
1539,2021-10-01 11:29:43,109000.0,100.0,2386800.0
1540,2021-10-01 11:29:40,109000.0,200.0,2386700.0
1541,2021-10-01 11:29:30,109000.0,500.0,2386500.0
1542,2021-10-01 11:29:30,109000.0,1500.0,2386000.0
1543,2021-10-01 11:29:09,109000.0,100.0,2384500.0
1544,2021-10-01 11:29:09,109000.0,100.0,2384400.0
1545,2021-10-01 11:29:09,109000.0,800.0,2384300.0
1546,2021-10-01 11:27:57,109000.0,1200.0,2383500.0
1547,2021-10-01 11:27:57,109000.0,3200.0,2382300.0
1548,2021-10-01 11:27:36,108900.0,700.0,2379100.0
1549,2021-10-01 11:27:36,108900.0,1000.0,2378400.0
1550,2021-10-01 11:27:36,108900.0,100.0,2377400.0
1551,2021-10-01 11:27:36,108900.0,100.0,2377300.0
1552,2021-10-01 11:27:36,108900.0,100.0,2377200.0
1553,2021-10-01 11:27:36,108900.0,1900.0,2377100.0
1554,2021-10-01 11:27:31,109000.0,100.0,2375200.0
1555,2021-10-01 11:27:27,109000.0,200.0,2375100.0
1556,2021-10-01 11:27:25,109000.0,100.0,2374900.0
1557,2021-10-01 11:27:13,109000.0,500.0,2374800.0
1558,2021-10-01 11:27:13,109000.0,200.0,2374300.0
1559,2021-10-01 11:27:13,109000.0,100.0,2374100.0
1560,2021-10-01 11:27:13,109000.0,300.0,2374000.0
1561,2021-10-01 11:27:13,109000.0,200.0,2373700.0
1562,2021-10-01 11:27:13,109000.0,2000.0,2373500.0
1563,2021-10-01 11:27:13,109000.0,100.0,2371500.0
1564,2021-10-01 11:27:13,109000.0,100.0,2371400.0
1565,2021-10-01 11:27:13,109000.0,10000.0,2371300.0
1566,2021-10-01 11:27:13,109000.0,100.0,2361300.0
1567,2021-10-01 11:27:13,109000.0,1000.0,2361200.0
1568,2021-10-01 11:27:13,109000.0,1100.0,2360200.0
1569,2021-10-01 11:27:13,109000.0,300.0,2359100.0
1570,2021-10-01 11:27:13,109000.0,300.0,2358800.0
1571,2021-10-01 11:27:13,109000.0,100.0,2358500.0
1572,2021-10-01 11:27:08,109000.0,100.0,2358400.0
1573,2021-10-01 11:27:08,109000.0,500.0,2358300.0
1574,2021-10-01 11:27:08,109000.0,100.0,2357800.0
1575,2021-10-01 11:27:08,109000.0,100.0,2357700.0
1576,2021-10-01 11:27:08,109100.0,2000.0,2357600.0
1577,2021-10-01 11:27:08,109100.0,200.0,2355600.0
1578,2021-10-01 11:27:07,109200.0,100.0,2355400.0
1579,2021-10-01 11:27:02,109200.0,1000.0,2355300.0
1580,2021-10-01 11:27:02,109200.0,200.0,2354300.0
1581,2021-10-01 11:27:02,109200.0,400.0,2354100.0
1582,2021-10-01 11:27:02,109200.0,5000.0,2353700.0
1583,2021-10-01 11:27:02,109200.0,100.0,2348700.0
1584,2021-10-01 11:27:02,109200.0,200.0,2348600.0
1585,2021-10-01 11:27:02,109200.0,200.0,2348400.0
1586,2021-10-01 11:26:52,109300.0,200.0,2348200.0
1587,2021-10-01 11:26:52,109300.0,2000.0,2348000.0
1588,2021-10-01 11:26:52,109300.0,100.0,2346000.0
1589,2021-10-01 11:26:52,109300.0,1000.0,2345900.0
1590,2021-10-01 11:26:52,109300.0,2700.0,2344900.0
1591,2021-10-01 11:26:52,109300.0,100.0,2342200.0
1592,2021-10-01 11:26:28,109300.0,1000.0,2342100.0
1593,2021-10-01 11:26:16,109300.0,100.0,2341100.0
1594,2021-10-01 11:26:13,109400.0,100.0,2341000.0
1595,2021-10-01 11:25:33,109400.0,300.0,2340900.0
1596,2021-10-01 11:25:22,109400.0,1000.0,2340600.0
1597,2021-10-01 11:25:14,109300.0,100.0,2339600.0
1598,2021-10-01 11:25:07,109400.0,100.0,2339500.0
1599,2021-10-01 11:24:38,109400.0,1500.0,2339400.0
1600,2021-10-01 11:24:38,109400.0,3800.0,2337900.0
1601,2021-10-01 11:24:32,109400.0,3000.0,2334100.0
1602,2021-10-01 11:24:32,109400.0,5000.0,2331100.0
1603,2021-10-01 11:24:32,109400.0,2000.0,2326100.0
1604,2021-10-01 11:24:32,109400.0,200.0,2324100.0
1605,2021-10-01 11:24:32,109400.0,300.0,2323900.0
1606,2021-10-01 11:24:32,109400.0,100.0,2323600.0
1607,2021-10-01 11:24:32,109400.0,300.0,2323500.0
1608,2021-10-01 11:24:32,109400.0,9700.0,2323200.0
1609,2021-10-01 11:24:32,109500.0,600.0,2313500.0
1610,2021-10-01 11:24:32,109500.0,200.0,2312900.0
1611,2021-10-01 11:24:32,109500.0,1300.0,2312700.0
1612,2021-10-01 11:23:42,109400.0,300.0,2311400.0
1613,2021-10-01 11:23:42,109400.0,200.0,2311100.0
1614,2021-10-01 11:23:40,109500.0,500.0,2310900.0
1615,2021-10-01 11:23:38,109500.0,3200.0,2310400.0
1616,2021-10-01 11:23:29,109500.0,500.0,2307200.0
1617,2021-10-01 11:23:02,109500.0,1300.0,2306700.0
1618,2021-10-01 11:23:02,109500.0,100.0,2305400.0
1619,2021-10-01 11:23:02,109500.0,5300.0,2305300.0
1620,2021-10-01 11:22:28,109600.0,300.0,2300000.0
1621,2021-10-01 11:21:59,109500.0,4700.0,2299700.0
1622,2021-10-01 11:21:47,109500.0,200.0,2295000.0
1623,2021-10-01 11:21:44,109500.0,1700.0,2294800.0
1624,2021-10-01 11:21:44,109500.0,300.0,2293100.0
1625,2021-10-01 11:21:44,109500.0,2000.0,2292800.0
1626,2021-10-01 11:21:44,109500.0,100.0,2290800.0
1627,2021-10-01 11:21:44,109500.0,100.0,2290700.0
1628,2021-10-01 11:21:44,109500.0,1000.0,2290600.0
1629,2021-10-01 11:21:44,109500.0,3200.0,2289600.0
1630,2021-10-01 11:21:17,109600.0,100.0,2286400.0
1631,2021-10-01 11:21:17,109600.0,900.0,2286300.0
1632,2021-10-01 11:21:16,109500.0,300.0,2285400.0
1633,2021-10-01 11:21:10,109500.0,300.0,2285100.0
1634,2021-10-01 11:21:10,109500.0,100.0,2284800.0
1635,2021-10-01 11:20:55,109500.0,400.0,2284700.0
1636,2021-10-01 11:20:53,109500.0,700.0,2284300.0
1637,2021-10-01 11:20:53,109500.0,2500.0,2283600.0
1638,2021-10-01 11:20:53,109500.0,300.0,2281100.0
1639,2021-10-01 11:20:22,109500.0,1000.0,2280800.0
1640,2021-10-01 11:19:54,109600.0,100.0,2279800.0
1641,2021-10-01 11:19:45,109800.0,100.0,2279700.0
1642,2021-10-01 11:19:45,109600.0,400.0,2279600.0
1643,2021-10-01 11:19:35,109600.0,100.0,2279200.0
1644,2021-10-01 11:19:35,109600.0,100.0,2279100.0
1645,2021-10-01 11:19:35,109600.0,500.0,2279000.0
1646,2021-10-01 11:19:35,109600.0,400.0,2278500.0
1647,2021-10-01 11:19:35,109600.0,1500.0,2278100.0
1648,2021-10-01 11:18:57,109800.0,300.0,2276600.0
1649,2021-10-01 11:17:57,109800.0,100.0,2276300.0
1650,2021-10-01 11:17:42,109600.0,400.0,2276200.0
1651,2021-10-01 11:17:42,109700.0,100.0,2275800.0
1652,2021-10-01 11:17:42,109700.0,100.0,2275700.0
1653,2021-10-01 11:17:42,109700.0,400.0,2275600.0
1654,2021-10-01 11:14:37,109700.0,500.0,2275200.0
1655,2021-10-01 11:14:19,109700.0,500.0,2274700.0
1656,2021-10-01 11:14:18,109600.0,100.0,2274200.0
1657,2021-10-01 11:14:01,109600.0,100.0,2274100.0
1658,2021-10-01 11:14:00,109600.0,1600.0,2274000.0
1659,2021-10-01 11:13:38,109600.0,1300.0,2272400.0
1660,2021-10-01 11:13:25,109600.0,700.0,2271100.0
1661,2021-10-01 11:12:06,109600.0,100.0,2270400.0
1662,2021-10-01 11:12:05,109500.0,100.0,2270300.0
1663,2021-10-01 11:12:05,109500.0,100.0,2270200.0
1664,2021-10-01 11:12:05,109500.0,200.0,2270100.0
1665,2021-10-01 11:12:05,109500.0,1700.0,2269900.0
1666,2021-10-01 11:12:05,109500.0,1400.0,2268200.0
1667,2021-10-01 11:11:17,109600.0,4100.0,2266800.0
1668,2021-10-01 11:11:06,109600.0,2400.0,2262700.0
1669,2021-10-01 11:11:00,109600.0,100.0,2260300.0
1670,2021-10-01 11:11:00,109600.0,700.0,2260200.0
1671,2021-10-01 11:10:42,109600.0,100.0,2259500.0
1672,2021-10-01 11:10:38,109600.0,500.0,2259400.0
1673,2021-10-01 11:10:34,109600.0,300.0,2258900.0
1674,2021-10-01 11:10:22,109600.0,100.0,2258600.0
1675,2021-10-01 11:10:19,109500.0,1600.0,2258500.0
1676,2021-10-01 11:10:19,109500.0,8400.0,2256900.0
1677,2021-10-01 11:09:47,109600.0,1300.0,2248500.0
1678,2021-10-01 11:09:41,109600.0,3700.0,2247200.0
1679,2021-10-01 11:09:41,109600.0,2100.0,2243500.0
1680,2021-10-01 11:09:29,109600.0,1100.0,2241400.0
1681,2021-10-01 11:09:28,109600.0,200.0,2240300.0
1682,2021-10-01 11:09:28,109600.0,10000.0,2240100.0
1683,2021-10-01 11:09:28,109600.0,500.0,2230100.0
1684,2021-10-01 11:09:20,109700.0,100.0,2229600.0
1685,2021-10-01 11:09:20,109700.0,2300.0,2229500.0
1686,2021-10-01 11:08:52,109800.0,800.0,2227200.0
1687,2021-10-01 11:08:14,109800.0,800.0,2226400.0
1688,2021-10-01 11:07:57,109800.0,1100.0,2225600.0
1689,2021-10-01 11:07:50,109800.0,800.0,2224500.0
1690,2021-10-01 11:07:09,109800.0,600.0,2223700.0
1691,2021-10-01 11:07:09,109700.0,200.0,2223100.0
1692,2021-10-01 11:06:17,109500.0,1600.0,2222900.0
1693,2021-10-01 11:06:17,109500.0,900.0,2221300.0
1694,2021-10-01 11:06:17,109600.0,2100.0,2220400.0
1695,2021-10-01 11:06:17,109600.0,100.0,2218300.0
1696,2021-10-01 11:06:13,109800.0,400.0,2218200.0
1697,2021-10-01 11:06:13,109700.0,400.0,2217800.0
1698,2021-10-01 11:05:57,109600.0,100.0,2217400.0
1699,2021-10-01 11:05:50,109700.0,100.0,2217300.0
1700,2021-10-01 11:05:50,109700.0,100.0,2217200.0
1701,2021-10-01 11:05:50,109700.0,300.0,2217100.0
1702,2021-10-01 11:05:25,109600.0,800.0,2216800.0
1703,2021-10-01 11:05:19,109700.0,100.0,2216000.0
1704,2021-10-01 11:05:14,109700.0,600.0,2215900.0
1705,2021-10-01 11:05:14,109700.0,100.0,2215300.0
1706,2021-10-01 11:05:14,109700.0,100.0,2215200.0
1707,2021-10-01 11:05:11,109700.0,100.0,2215100.0
1708,2021-10-01 11:04:52,109700.0,100.0,2215000.0
1709,2021-10-01 11:04:44,109700.0,200.0,2214900.0
1710,2021-10-01 11:04:40,109700.0,100.0,2214700.0
1711,2021-10-01 11:04:37,109700.0,1500.0,2214600.0
1712,2021-10-01 11:04:37,109700.0,100.0,2213100.0
1713,2021-10-01 11:04:37,109700.0,100.0,2213000.0
1714,2021-10-01 11:04:37,109700.0,100.0,2212900.0
1715,2021-10-01 11:04:23,109700.0,800.0,2212800.0
1716,2021-10-01 11:04:23,109700.0,100.0,2212000.0
1717,2021-10-01 11:04:10,109600.0,200.0,2211900.0
1718,2021-10-01 11:04:10,109700.0,100.0,2211700.0
1719,2021-10-01 11:03:57,109700.0,100.0,2211600.0
1720,2021-10-01 11:03:43,109700.0,100.0,2211500.0
1721,2021-10-01 11:03:35,109700.0,100.0,2211400.0
1722,2021-10-01 11:03:27,109700.0,100.0,2211300.0
1723,2021-10-01 11:02:58,109700.0,100.0,2211200.0
1724,2021-10-01 11:02:49,109700.0,100.0,2211100.0
1725,2021-10-01 11:02:31,109700.0,100.0,2211000.0
1726,2021-10-01 11:02:23,109700.0,100.0,2210900.0
1727,2021-10-01 11:02:23,109700.0,400.0,2210800.0
1728,2021-10-01 11:02:18,109700.0,100.0,2210400.0
1729,2021-10-01 11:02:07,109700.0,100.0,2210300.0
1730,2021-10-01 11:01:52,109700.0,100.0,2210200.0
1731,2021-10-01 11:01:47,109700.0,400.0,2210100.0
1732,2021-10-01 11:01:44,109500.0,3800.0,2209700.0
1733,2021-10-01 11:01:44,109600.0,400.0,2205900.0
1734,2021-10-01 11:01:37,109600.0,1700.0,2205500.0
1735,2021-10-01 11:01:37,109600.0,1200.0,2203800.0
1736,2021-10-01 11:01:37,109600.0,3700.0,2202600.0
1737,2021-10-01 11:01:36,109600.0,500.0,2198900.0
1738,2021-10-01 11:01:36,109600.0,100.0,2198400.0
1739,2021-10-01 11:01:29,109500.0,100.0,2198300.0
1740,2021-10-01 11:01:29,109500.0,300.0,2198200.0
1741,2021-10-01 11:01:29,109500.0,200.0,2197900.0
1742,2021-10-01 11:01:20,109500.0,100.0,2197700.0
1743,2021-10-01 11:01:17,109500.0,1100.0,2197600.0
1744,2021-10-01 11:01:07,109500.0,1000.0,2196500.0
1745,2021-10-01 10:59:57,109500.0,2600.0,2195500.0
1746,2021-10-01 10:59:33,109500.0,400.0,2192900.0
1747,2021-10-01 10:59:27,109500.0,4600.0,2192500.0
1748,2021-10-01 10:59:26,109500.0,100.0,2187900.0
1749,2021-10-01 10:59:26,109500.0,100.0,2187800.0
1750,2021-10-01 10:59:26,109500.0,800.0,2187700.0
1751,2021-10-01 10:59:02,109500.0,200.0,2186900.0
1752,2021-10-01 10:58:40,109500.0,200.0,2186700.0
1753,2021-10-01 10:58:07,109500.0,1300.0,2186500.0
1754,2021-10-01 10:58:05,109600.0,200.0,2185200.0
1755,2021-10-01 10:58:02,109600.0,100.0,2185000.0
1756,2021-10-01 10:57:57,109500.0,700.0,2184900.0
1757,2021-10-01 10:57:55,109500.0,100.0,2184200.0
1758,2021-10-01 10:57:43,109500.0,200.0,2184100.0
1759,2021-10-01 10:57:42,109400.0,4800.0,2183900.0
1760,2021-10-01 10:57:42,109400.0,100.0,2179100.0
1761,2021-10-01 10:57:31,109500.0,100.0,2179000.0
1762,2021-10-01 10:57:31,109500.0,200.0,2178900.0
1763,2021-10-01 10:57:24,109500.0,100.0,2178700.0
1764,2021-10-01 10:56:35,109500.0,100.0,2178600.0
1765,2021-10-01 10:56:35,109500.0,200.0,2178500.0
1766,2021-10-01 10:56:35,109500.0,400.0,2178300.0
1767,2021-10-01 10:56:35,109500.0,300.0,2177900.0
1768,2021-10-01 10:56:03,109500.0,200.0,2177600.0
1769,2021-10-01 10:56:03,109500.0,3000.0,2177400.0
1770,2021-10-01 10:56:03,109500.0,2000.0,2174400.0
1771,2021-10-01 10:56:03,109500.0,300.0,2172400.0
1772,2021-10-01 10:56:03,109500.0,1900.0,2172100.0
1773,2021-10-01 10:56:03,109500.0,2600.0,2170200.0
1774,2021-10-01 10:55:57,109600.0,100.0,2167600.0
1775,2021-10-01 10:55:42,109600.0,100.0,2167500.0
1776,2021-10-01 10:55:25,109600.0,200.0,2167400.0
1777,2021-10-01 10:55:18,109500.0,100.0,2167200.0
1778,2021-10-01 10:55:16,109500.0,500.0,2167100.0
1779,2021-10-01 10:54:52,109500.0,500.0,2166600.0
1780,2021-10-01 10:54:37,109600.0,1200.0,2166100.0
1781,2021-10-01 10:54:30,109600.0,1300.0,2164900.0
1782,2021-10-01 10:53:49,109500.0,100.0,2163600.0
1783,2021-10-01 10:53:36,109500.0,500.0,2163500.0
1784,2021-10-01 10:53:26,109500.0,2000.0,2163000.0
1785,2021-10-01 10:53:23,109600.0,300.0,2161000.0
1786,2021-10-01 10:53:12,109500.0,500.0,2160700.0
1787,2021-10-01 10:53:11,109500.0,2000.0,2160200.0
1788,2021-10-01 10:52:26,109600.0,100.0,2158200.0
1789,2021-10-01 10:52:16,109600.0,100.0,2158100.0
1790,2021-10-01 10:52:16,109600.0,2500.0,2158000.0
1791,2021-10-01 10:51:36,109600.0,1000.0,2155500.0
1792,2021-10-01 10:51:17,109600.0,3500.0,2154500.0
1793,2021-10-01 10:50:56,109600.0,1000.0,2151000.0
1794,2021-10-01 10:50:55,109500.0,500.0,2150000.0
1795,2021-10-01 10:50:39,109500.0,100.0,2149500.0
1796,2021-10-01 10:50:39,109500.0,100.0,2149400.0
1797,2021-10-01 10:50:39,109500.0,300.0,2149300.0
1798,2021-10-01 10:50:34,109700.0,100.0,2149000.0
1799,2021-10-01 10:50:34,109600.0,100.0,2148900.0
1800,2021-10-01 10:50:24,109600.0,200.0,2148800.0
1801,2021-10-01 10:50:01,109500.0,100.0,2148600.0
1802,2021-10-01 10:49:48,109700.0,200.0,2148500.0
1803,2021-10-01 10:49:35,109500.0,1600.0,2148300.0
1804,2021-10-01 10:49:30,109500.0,500.0,2146700.0
1805,2021-10-01 10:49:27,109500.0,100.0,2146200.0
1806,2021-10-01 10:49:27,109500.0,1000.0,2146100.0
1807,2021-10-01 10:49:27,109500.0,2000.0,2145100.0
1808,2021-10-01 10:49:27,109500.0,200.0,2143100.0
1809,2021-10-01 10:49:27,109500.0,5000.0,2142900.0
1810,2021-10-01 10:49:27,109500.0,500.0,2137900.0
1811,2021-10-01 10:49:27,109500.0,300.0,2137400.0
1812,2021-10-01 10:49:27,109500.0,100.0,2137100.0
1813,2021-10-01 10:49:27,109500.0,8700.0,2137000.0
1814,2021-10-01 10:49:15,109700.0,400.0,2128300.0
1815,2021-10-01 10:49:15,109700.0,100.0,2127900.0
1816,2021-10-01 10:48:46,109700.0,100.0,2127800.0
1817,2021-10-01 10:48:42,109700.0,500.0,2127700.0
1818,2021-10-01 10:48:39,109700.0,200.0,2127200.0
1819,2021-10-01 10:48:28,109700.0,600.0,2127000.0
1820,2021-10-01 10:48:28,109700.0,600.0,2126400.0
1821,2021-10-01 10:48:11,109700.0,3000.0,2125800.0
1822,2021-10-01 10:48:11,109700.0,100.0,2122800.0
1823,2021-10-01 10:48:11,109700.0,100.0,2122700.0
1824,2021-10-01 10:48:11,109700.0,1200.0,2122600.0
1825,2021-10-01 10:48:11,109700.0,1600.0,2121400.0
1826,2021-10-01 10:47:57,109800.0,200.0,2119800.0
1827,2021-10-01 10:47:35,109800.0,300.0,2119600.0
1828,2021-10-01 10:47:20,109700.0,500.0,2119300.0
1829,2021-10-01 10:47:13,109800.0,500.0,2118800.0
1830,2021-10-01 10:47:00,109800.0,100.0,2118300.0
1831,2021-10-01 10:46:38,109800.0,100.0,2118200.0
1832,2021-10-01 10:46:27,109700.0,600.0,2118100.0
1833,2021-10-01 10:46:18,109700.0,100.0,2117500.0
1834,2021-10-01 10:46:18,109700.0,300.0,2117400.0
1835,2021-10-01 10:45:57,109700.0,100.0,2117100.0
1836,2021-10-01 10:45:39,109700.0,400.0,2117000.0
1837,2021-10-01 10:45:31,109800.0,400.0,2116600.0
1838,2021-10-01 10:45:03,109700.0,100.0,2116200.0
1839,2021-10-01 10:44:59,109700.0,500.0,2116100.0
1840,2021-10-01 10:44:50,109700.0,200.0,2115600.0
1841,2021-10-01 10:44:37,109700.0,1400.0,2115400.0
1842,2021-10-01 10:44:24,109500.0,1300.0,2114000.0
1843,2021-10-01 10:44:24,109500.0,100.0,2112700.0
1844,2021-10-01 10:44:24,109500.0,100.0,2112600.0
1845,2021-10-01 10:44:24,109500.0,300.0,2112500.0
1846,2021-10-01 10:44:24,109500.0,100.0,2112200.0
1847,2021-10-01 10:44:24,109600.0,400.0,2112100.0
1848,2021-10-01 10:44:24,109600.0,1000.0,2111700.0
1849,2021-10-01 10:44:24,109600.0,4200.0,2110700.0
1850,2021-10-01 10:44:24,109700.0,2000.0,2106500.0
1851,2021-10-01 10:44:24,109700.0,400.0,2104500.0
1852,2021-10-01 10:44:24,109700.0,100.0,2104100.0
1853,2021-10-01 10:44:16,109800.0,200.0,2104000.0
1854,2021-10-01 10:44:16,109800.0,100.0,2103800.0
1855,2021-10-01 10:44:10,109700.0,1000.0,2103700.0
1856,2021-10-01 10:44:10,109700.0,1000.0,2102700.0
1857,2021-10-01 10:43:59,109700.0,100.0,2101700.0
1858,2021-10-01 10:43:59,109700.0,100.0,2101600.0
1859,2021-10-01 10:43:41,109800.0,100.0,2101500.0
1860,2021-10-01 10:43:40,109800.0,100.0,2101400.0
1861,2021-10-01 10:43:36,109700.0,4900.0,2101300.0
1862,2021-10-01 10:43:36,109700.0,100.0,2096400.0
1863,2021-10-01 10:43:35,109800.0,100.0,2096300.0
1864,2021-10-01 10:43:27,109800.0,100.0,2096200.0
1865,2021-10-01 10:43:23,109800.0,300.0,2096100.0
1866,2021-10-01 10:43:15,109800.0,100.0,2095800.0
1867,2021-10-01 10:43:15,109700.0,100.0,2095700.0
1868,2021-10-01 10:43:01,109800.0,100.0,2095600.0
1869,2021-10-01 10:42:47,109800.0,100.0,2095500.0
1870,2021-10-01 10:42:26,109800.0,100.0,2095400.0
1871,2021-10-01 10:42:22,109600.0,100.0,2095300.0
1872,2021-10-01 10:42:22,109600.0,900.0,2095200.0
1873,2021-10-01 10:42:10,109600.0,1300.0,2094300.0
1874,2021-10-01 10:42:10,109600.0,100.0,2093000.0
1875,2021-10-01 10:42:10,109600.0,600.0,2092900.0
1876,2021-10-01 10:42:08,109800.0,100.0,2092300.0
1877,2021-10-01 10:42:06,109800.0,400.0,2092200.0
1878,2021-10-01 10:41:53,109800.0,100.0,2091800.0
1879,2021-10-01 10:41:51,109600.0,200.0,2091700.0
1880,2021-10-01 10:41:40,109600.0,2000.0,2091500.0
1881,2021-10-01 10:41:39,109800.0,100.0,2089500.0
1882,2021-10-01 10:41:38,109800.0,200.0,2089400.0
1883,2021-10-01 10:41:38,109700.0,4000.0,2089200.0
1884,2021-10-01 10:41:38,109700.0,500.0,2085200.0
1885,2021-10-01 10:41:38,109700.0,200.0,2084700.0
1886,2021-10-01 10:41:38,109700.0,100.0,2084500.0
1887,2021-10-01 10:41:24,109600.0,100.0,2084400.0
1888,2021-10-01 10:41:17,109600.0,100.0,2084300.0
1889,2021-10-01 10:41:17,109600.0,500.0,2084200.0
1890,2021-10-01 10:41:10,109600.0,500.0,2083700.0
1891,2021-10-01 10:40:40,109600.0,200.0,2083200.0
1892,2021-10-01 10:39:45,109700.0,100.0,2083000.0
1893,2021-10-01 10:39:16,109700.0,5000.0,2082900.0
1894,2021-10-01 10:39:05,109800.0,1000.0,2077900.0
1895,2021-10-01 10:38:58,109800.0,100.0,2076900.0
1896,2021-10-01 10:38:52,109700.0,200.0,2076800.0
1897,2021-10-01 10:38:25,109800.0,100.0,2076600.0
1898,2021-10-01 10:38:25,109800.0,100.0,2076500.0
1899,2021-10-01 10:38:25,109800.0,500.0,2076400.0
1900,2021-10-01 10:38:25,109800.0,100.0,2075900.0
1901,2021-10-01 10:38:25,109800.0,5000.0,2075800.0
1902,2021-10-01 10:38:25,109800.0,200.0,2070800.0
1903,2021-10-01 10:38:06,109900.0,5000.0,2070600.0
1904,2021-10-01 10:38:06,109900.0,5000.0,2065600.0
1905,2021-10-01 10:38:06,109900.0,3000.0,2060600.0
1906,2021-10-01 10:38:06,109900.0,5000.0,2057600.0
1907,2021-10-01 10:37:57,110000.0,1400.0,2052600.0
1908,2021-10-01 10:37:57,110000.0,200.0,2051200.0
1909,2021-10-01 10:37:57,110000.0,2000.0,2051000.0
1910,2021-10-01 10:37:57,110000.0,2400.0,2049000.0
1911,2021-10-01 10:37:48,110000.0,600.0,2046600.0
1912,2021-10-01 10:37:45,110000.0,5900.0,2046000.0
1913,2021-10-01 10:37:42,110000.0,10000.0,2040100.0
1914,2021-10-01 10:37:39,110000.0,3500.0,2030100.0
1915,2021-10-01 10:37:39,110000.0,2000.0,2026600.0
1916,2021-10-01 10:37:39,110000.0,100.0,2024600.0
1917,2021-10-01 10:37:39,110000.0,1000.0,2024500.0
1918,2021-10-01 10:37:39,110000.0,3400.0,2023500.0
1919,2021-10-01 10:37:33,110100.0,500.0,2020100.0
1920,2021-10-01 10:37:28,110000.0,1000.0,2019600.0
1921,2021-10-01 10:37:25,110000.0,5000.0,2018600.0
1922,2021-10-01 10:37:24,110000.0,600.0,2013600.0
1923,2021-10-01 10:37:24,110000.0,100.0,2013000.0
1924,2021-10-01 10:37:24,110000.0,300.0,2012900.0
1925,2021-10-01 10:37:09,110000.0,100.0,2012600.0
1926,2021-10-01 10:37:00,110200.0,100.0,2012500.0
1927,2021-10-01 10:36:50,110300.0,300.0,2012400.0
1928,2021-10-01 10:36:50,110300.0,1700.0,2012100.0
1929,2021-10-01 10:36:48,110300.0,300.0,2010400.0
1930,2021-10-01 10:36:28,110300.0,100.0,2010100.0
1931,2021-10-01 10:36:11,110300.0,400.0,2010000.0
1932,2021-10-01 10:36:11,110300.0,500.0,2009600.0
1933,2021-10-01 10:36:11,110300.0,100.0,2009100.0
1934,2021-10-01 10:35:20,110300.0,400.0,2009000.0
1935,2021-10-01 10:35:20,110300.0,200.0,2008600.0
1936,2021-10-01 10:35:17,110200.0,100.0,2008400.0
1937,2021-10-01 10:35:17,110200.0,100.0,2008300.0
1938,2021-10-01 10:35:17,110200.0,100.0,2008200.0
1939,2021-10-01 10:35:17,110200.0,600.0,2008100.0
1940,2021-10-01 10:35:11,110000.0,200.0,2007500.0
1941,2021-10-01 10:35:11,110000.0,1600.0,2007300.0
1942,2021-10-01 10:35:11,110000.0,500.0,2005700.0
1943,2021-10-01 10:35:11,110000.0,9400.0,2005200.0
1944,2021-10-01 10:35:11,110100.0,200.0,1995800.0
1945,2021-10-01 10:35:11,110100.0,6400.0,1995600.0
1946,2021-10-01 10:35:08,110200.0,300.0,1989200.0
1947,2021-10-01 10:35:06,110200.0,100.0,1988900.0
1948,2021-10-01 10:34:59,110200.0,100.0,1988800.0
1949,2021-10-01 10:34:59,110200.0,1000.0,1988700.0
1950,2021-10-01 10:34:59,110200.0,1900.0,1987700.0
1951,2021-10-01 10:34:46,110200.0,100.0,1985800.0
1952,2021-10-01 10:34:37,110100.0,500.0,1985700.0
1953,2021-10-01 10:34:20,110000.0,300.0,1985200.0
1954,2021-10-01 10:34:14,110000.0,100.0,1984900.0
1955,2021-10-01 10:34:05,110000.0,200.0,1984800.0
1956,2021-10-01 10:34:05,110000.0,100.0,1984600.0
1957,2021-10-01 10:34:00,110000.0,2700.0,1984500.0
1958,2021-10-01 10:34:00,110000.0,100.0,1981800.0
1959,2021-10-01 10:34:00,110000.0,200.0,1981700.0
1960,2021-10-01 10:34:00,110000.0,1400.0,1981500.0
1961,2021-10-01 10:34:00,110000.0,200.0,1980100.0
1962,2021-10-01 10:34:00,110000.0,200.0,1979900.0
1963,2021-10-01 10:34:00,110000.0,100.0,1979700.0
1964,2021-10-01 10:34:00,110000.0,600.0,1979600.0
1965,2021-10-01 10:34:00,110000.0,100.0,1979000.0
1966,2021-10-01 10:34:00,110000.0,100.0,1978900.0
1967,2021-10-01 10:34:00,110000.0,200.0,1978800.0
1968,2021-10-01 10:34:00,110000.0,100.0,1978600.0
1969,2021-10-01 10:34:00,110000.0,200.0,1978500.0
1970,2021-10-01 10:34:00,110000.0,100.0,1978300.0
1971,2021-10-01 10:34:00,110000.0,1000.0,1978200.0
1972,2021-10-01 10:34:00,110000.0,300.0,1977200.0
1973,2021-10-01 10:34:00,110000.0,100.0,1976900.0
1974,2021-10-01 10:34:00,110000.0,100.0,1976800.0
1975,2021-10-01 10:34:00,110000.0,100.0,1976700.0
1976,2021-10-01 10:34:00,110000.0,1000.0,1976600.0
1977,2021-10-01 10:34:00,110000.0,500.0,1975600.0
1978,2021-10-01 10:34:00,110000.0,500.0,1975100.0
1979,2021-10-01 10:34:00,110000.0,4500.0,1974600.0
1980,2021-10-01 10:34:00,110000.0,500.0,1970100.0
1981,2021-10-01 10:34:00,110000.0,100.0,1969600.0
1982,2021-10-01 10:34:00,110000.0,2000.0,1969500.0
1983,2021-10-01 10:34:00,110000.0,100.0,1967500.0
1984,2021-10-01 10:34:00,110000.0,100.0,1967400.0
1985,2021-10-01 10:34:00,110000.0,100.0,1967300.0
1986,2021-10-01 10:34:00,110000.0,100.0,1967200.0
1987,2021-10-01 10:34:00,110000.0,500.0,1967100.0
1988,2021-10-01 10:34:00,110000.0,100.0,1966600.0
1989,2021-10-01 10:34:00,110000.0,100.0,1966500.0
1990,2021-10-01 10:34:00,110000.0,100.0,1966400.0
1991,2021-10-01 10:34:00,110000.0,100.0,1966300.0
1992,2021-10-01 10:34:00,110000.0,200.0,1966200.0
1993,2021-10-01 10:34:00,110000.0,300.0,1966000.0
1994,2021-10-01 10:34:00,110000.0,1000.0,1965700.0
1995,2021-10-01 10:34:00,110000.0,200.0,1964700.0
1996,2021-10-01 10:33:59,110000.0,100.0,1964500.0
1997,2021-10-01 10:33:54,110000.0,5000.0,1964400.0
1998,2021-10-01 10:33:51,110000.0,6000.0,1959400.0
1999,2021-10-01 10:33:49,110000.0,900.0,1953400.0
2000,2021-10-01 10:33:49,110000.0,100.0,1952500.0
2001,2021-10-01 10:33:49,110000.0,300.0,1952400.0
2002,2021-10-01 10:33:49,110000.0,200.0,1952100.0
2003,2021-10-01 10:33:28,110000.0,100.0,1951900.0
2004,2021-10-01 10:33:13,110000.0,200.0,1951800.0
2005,2021-10-01 10:33:13,110000.0,200.0,1951600.0
2006,2021-10-01 10:33:13,110000.0,100.0,1951400.0
2007,2021-10-01 10:33:13,110000.0,200.0,1951300.0
2008,2021-10-01 10:33:13,110000.0,100.0,1951100.0
