,Time,Price,Volume_per_trade,Volume
0,2021-10-18 07:45:01,7820.0,400.0,9306900.0
1,2021-10-18 07:45:01,7820.0,800.0,9306500.0
2,2021-10-18 07:45:01,7820.0,400.0,9305700.0
3,2021-10-18 07:45:01,7820.0,2000.0,9305300.0
4,2021-10-18 07:45:01,7820.0,1000.0,9303300.0
5,2021-10-18 07:45:01,7820.0,500.0,9302300.0
6,2021-10-18 07:45:01,7820.0,100.0,9301800.0
7,2021-10-18 07:45:01,7820.0,500.0,9301700.0
8,2021-10-18 07:45:01,7820.0,1400.0,9301200.0
9,2021-10-18 07:45:01,7820.0,2100.0,9299800.0
10,2021-10-18 07:45:01,7820.0,400.0,9297700.0
11,2021-10-18 07:45:01,7820.0,1000.0,9297300.0
12,2021-10-18 07:45:01,7820.0,2000.0,9296300.0
13,2021-10-18 07:45:01,7820.0,100.0,9294300.0
14,2021-10-18 07:45:01,7820.0,400.0,9294200.0
15,2021-10-18 07:45:01,7820.0,200.0,9293800.0
16,2021-10-18 07:45:01,7820.0,200.0,9293600.0
17,2021-10-18 07:45:01,7820.0,2200.0,9293400.0
18,2021-10-18 07:45:01,7820.0,2000.0,9291200.0
19,2021-10-18 07:45:01,7820.0,200.0,9289200.0
20,2021-10-18 07:45:01,7820.0,5000.0,9289000.0
21,2021-10-18 07:45:01,7820.0,100.0,9284000.0
22,2021-10-18 07:45:01,7820.0,13800.0,9283900.0
23,2021-10-18 07:45:01,7820.0,11200.0,9270100.0
24,2021-10-18 07:45:01,7820.0,8800.0,9258900.0
25,2021-10-18 07:45:01,7820.0,1200.0,9250100.0
26,2021-10-18 07:45:01,7820.0,8800.0,9248900.0
27,2021-10-18 07:45:01,7820.0,1200.0,9240100.0
28,2021-10-18 07:45:01,7820.0,1000.0,9238900.0
29,2021-10-18 07:45:01,7820.0,10000.0,9237900.0
30,2021-10-18 07:45:01,7820.0,2000.0,9227900.0
31,2021-10-18 07:45:01,7820.0,1500.0,9225900.0
32,2021-10-18 07:45:01,7820.0,6500.0,9224400.0
33,2021-10-18 07:45:01,7820.0,3500.0,9217900.0
34,2021-10-18 07:45:01,7820.0,1500.0,9214400.0
35,2021-10-18 07:45:01,7820.0,8500.0,9212900.0
36,2021-10-18 07:45:01,7820.0,1500.0,9204400.0
37,2021-10-18 07:45:01,7820.0,3000.0,9202900.0
38,2021-10-18 07:45:01,7820.0,1500.0,9199900.0
39,2021-10-18 07:45:01,7820.0,500.0,9198400.0
40,2021-10-18 07:45:01,7820.0,2300.0,9197900.0
41,2021-10-18 07:45:01,7820.0,6800.0,9195600.0
42,2021-10-18 07:45:01,7820.0,15000.0,9188800.0
43,2021-10-18 07:45:01,7820.0,1000.0,9173800.0
44,2021-10-18 07:45:01,7820.0,2000.0,9172800.0
45,2021-10-18 07:45:01,7820.0,100.0,9170800.0
46,2021-10-18 07:45:01,7820.0,2800.0,9170700.0
47,2021-10-18 07:45:01,7820.0,2200.0,9167900.0
48,2021-10-18 07:45:01,7820.0,800.0,9165700.0
49,2021-10-18 07:45:01,7820.0,10000.0,9164900.0
50,2021-10-18 07:45:01,7820.0,1000.0,9154900.0
51,2021-10-18 07:45:01,7820.0,1000.0,9153900.0
52,2021-10-18 07:45:01,7820.0,10000.0,9152900.0
53,2021-10-18 07:45:01,7820.0,1800.0,9142900.0
54,2021-10-18 07:45:01,7820.0,300.0,9141100.0
55,2021-10-18 07:45:01,7820.0,1000.0,9140800.0
56,2021-10-18 07:45:01,7820.0,24100.0,9139800.0
57,2021-10-18 07:45:01,7820.0,5000.0,9115700.0
58,2021-10-18 07:45:01,7820.0,800.0,9110700.0
59,2021-10-18 07:45:01,7820.0,500.0,9109900.0
60,2021-10-18 07:45:00,7820.0,5000.0,9109400.0
61,2021-10-18 07:45:00,7820.0,10000.0,9104400.0
62,2021-10-18 07:45:00,7820.0,1200.0,9094400.0
63,2021-10-18 07:45:00,7820.0,300.0,9093200.0
64,2021-10-18 07:45:00,7820.0,3100.0,9092900.0
65,2021-10-18 07:45:00,7820.0,6900.0,9089800.0
66,2021-10-18 07:45:00,7820.0,13100.0,9082900.0
67,2021-10-18 07:45:00,7820.0,2500.0,9069800.0
68,2021-10-18 07:45:00,7820.0,200.0,9067300.0
69,2021-10-18 07:45:00,7820.0,1000.0,9067100.0
70,2021-10-18 07:45:00,7820.0,1000.0,9066100.0
71,2021-10-18 07:45:00,7820.0,500.0,9065100.0
72,2021-10-18 07:45:00,7820.0,2800.0,9064600.0
73,2021-10-18 07:45:00,7820.0,200.0,9061800.0
74,2021-10-18 07:45:00,7820.0,2000.0,9061600.0
75,2021-10-18 07:45:00,7820.0,200.0,9059600.0
76,2021-10-18 07:45:00,7820.0,100.0,9059400.0
77,2021-10-18 07:45:00,7820.0,1000.0,9059300.0
78,2021-10-18 07:45:00,7820.0,400.0,9058300.0
79,2021-10-18 07:45:00,7820.0,500.0,9057900.0
80,2021-10-18 07:45:00,7820.0,2000.0,9057400.0
81,2021-10-18 07:45:00,7820.0,1000.0,9055400.0
82,2021-10-18 07:45:00,7820.0,2800.0,9054400.0
83,2021-10-18 07:45:00,7820.0,23300.0,9051600.0
84,2021-10-18 07:45:00,7820.0,200.0,9028300.0
85,2021-10-18 07:45:00,7820.0,400.0,9028100.0
86,2021-10-18 07:45:00,7820.0,500.0,9027700.0
87,2021-10-18 07:45:00,7820.0,5600.0,9027200.0
88,2021-10-18 07:45:00,7820.0,14400.0,9021600.0
89,2021-10-18 07:45:00,7820.0,100.0,9007200.0
90,2021-10-18 07:45:00,7820.0,500.0,9007100.0
91,2021-10-18 07:45:00,7820.0,2000.0,9006600.0
92,2021-10-18 07:45:00,7820.0,100.0,9004600.0
93,2021-10-18 07:45:00,7820.0,200.0,9004500.0
94,2021-10-18 07:45:00,7820.0,500.0,9004300.0
95,2021-10-18 07:45:00,7820.0,100.0,9003800.0
96,2021-10-18 07:45:00,7820.0,100.0,9003700.0
97,2021-10-18 07:45:00,7820.0,300.0,9003600.0
98,2021-10-18 07:45:00,7820.0,300.0,9003300.0
99,2021-10-18 07:45:00,7820.0,100.0,9003000.0
100,2021-10-18 07:45:00,7820.0,900.0,9002900.0
101,2021-10-18 07:45:00,7820.0,400.0,9002000.0
102,2021-10-18 07:45:00,7820.0,2000.0,9001600.0
103,2021-10-18 07:29:53,7810.0,2000.0,8999600.0
104,2021-10-18 07:29:46,7810.0,2000.0,8997600.0
105,2021-10-18 07:29:46,7810.0,10000.0,8995600.0
106,2021-10-18 07:29:46,7810.0,200.0,8985600.0
107,2021-10-18 07:29:46,7810.0,200.0,8985400.0
108,2021-10-18 07:29:46,7810.0,200.0,8985200.0
109,2021-10-18 07:29:46,7810.0,1000.0,8985000.0
110,2021-10-18 07:29:46,7810.0,10000.0,8984000.0
111,2021-10-18 07:29:46,7810.0,1100.0,8974000.0
112,2021-10-18 07:29:46,7820.0,700.0,8972900.0
113,2021-10-18 07:29:45,7820.0,100.0,8972200.0
114,2021-10-18 07:29:41,7820.0,2000.0,8972100.0
115,2021-10-18 07:29:39,7820.0,3900.0,8970100.0
116,2021-10-18 07:29:38,7820.0,5000.0,8966200.0
117,2021-10-18 07:29:36,7820.0,100.0,8961200.0
118,2021-10-18 07:29:33,7820.0,1000.0,8961100.0
119,2021-10-18 07:29:32,7810.0,3900.0,8960100.0
120,2021-10-18 07:29:32,7810.0,100.0,8956200.0
121,2021-10-18 07:29:32,7810.0,6700.0,8956100.0
122,2021-10-18 07:29:31,7820.0,1200.0,8949400.0
123,2021-10-18 07:29:30,7820.0,500.0,8948200.0
124,2021-10-18 07:29:24,7820.0,2000.0,8947700.0
125,2021-10-18 07:29:22,7820.0,1000.0,8945700.0
126,2021-10-18 07:29:21,7810.0,3300.0,8944700.0
127,2021-10-18 07:29:21,7810.0,500.0,8941400.0
128,2021-10-18 07:29:21,7810.0,100.0,8940900.0
129,2021-10-18 07:29:21,7810.0,100.0,8940800.0
130,2021-10-18 07:29:20,7820.0,5000.0,8940700.0
131,2021-10-18 07:29:12,7820.0,1000.0,8935700.0
132,2021-10-18 07:29:10,7820.0,4400.0,8934700.0
133,2021-10-18 07:29:10,7820.0,5600.0,8930300.0
134,2021-10-18 07:29:09,7820.0,4300.0,8924700.0
135,2021-10-18 07:29:07,7820.0,2000.0,8920400.0
136,2021-10-18 07:29:02,7820.0,100.0,8918400.0
137,2021-10-18 07:29:02,7820.0,500.0,8918300.0
138,2021-10-18 07:29:02,7820.0,2000.0,8917800.0
139,2021-10-18 07:29:02,7820.0,200.0,8915800.0
140,2021-10-18 07:29:02,7820.0,5000.0,8915600.0
141,2021-10-18 07:29:02,7820.0,900.0,8910600.0
142,2021-10-18 07:29:02,7820.0,100.0,8909700.0
143,2021-10-18 07:29:02,7820.0,9100.0,8909600.0
144,2021-10-18 07:29:02,7830.0,200.0,8900500.0
145,2021-10-18 07:28:59,7840.0,100.0,8900300.0
146,2021-10-18 07:28:42,7820.0,15900.0,8900200.0
147,2021-10-18 07:28:42,7820.0,2800.0,8884300.0
148,2021-10-18 07:28:42,7820.0,3000.0,8881500.0
149,2021-10-18 07:28:42,7820.0,200.0,8878500.0
150,2021-10-18 07:28:42,7820.0,100.0,8878300.0
151,2021-10-18 07:28:42,7820.0,1300.0,8878200.0
152,2021-10-18 07:28:42,7820.0,200.0,8876900.0
153,2021-10-18 07:28:42,7820.0,2000.0,8876700.0
154,2021-10-18 07:28:42,7820.0,500.0,8874700.0
155,2021-10-18 07:28:42,7820.0,100.0,8874200.0
156,2021-10-18 07:28:42,7820.0,100.0,8874100.0
157,2021-10-18 07:28:42,7820.0,200.0,8874000.0
158,2021-10-18 07:28:42,7820.0,10000.0,8873800.0
159,2021-10-18 07:28:42,7830.0,2500.0,8863800.0
160,2021-10-18 07:28:42,7830.0,1000.0,8861300.0
161,2021-10-18 07:28:42,7830.0,1000.0,8860300.0
162,2021-10-18 07:28:42,7830.0,500.0,8859300.0
163,2021-10-18 07:28:42,7830.0,2000.0,8858800.0
164,2021-10-18 07:28:42,7830.0,500.0,8856800.0
165,2021-10-18 07:28:42,7830.0,200.0,8856300.0
166,2021-10-18 07:28:42,7830.0,500.0,8856100.0
167,2021-10-18 07:28:42,7830.0,2000.0,8855600.0
168,2021-10-18 07:28:42,7830.0,3400.0,8853600.0
169,2021-10-18 07:28:38,7830.0,6700.0,8850200.0
170,2021-10-18 07:28:38,7840.0,300.0,8843500.0
171,2021-10-18 07:28:31,7830.0,2900.0,8843200.0
172,2021-10-18 07:28:31,7830.0,1000.0,8840300.0
173,2021-10-18 07:28:31,7830.0,100.0,8839300.0
174,2021-10-18 07:28:31,7830.0,2000.0,8839200.0
175,2021-10-18 07:28:31,7830.0,1000.0,8837200.0
176,2021-10-18 07:28:31,7830.0,500.0,8836200.0
177,2021-10-18 07:28:31,7830.0,2000.0,8835700.0
178,2021-10-18 07:28:31,7830.0,100.0,8833700.0
179,2021-10-18 07:28:31,7830.0,500.0,8833600.0
180,2021-10-18 07:28:31,7830.0,400.0,8833100.0
181,2021-10-18 07:28:31,7840.0,300.0,8832700.0
182,2021-10-18 07:28:31,7840.0,400.0,8832400.0
183,2021-10-18 07:28:31,7840.0,1600.0,8832000.0
184,2021-10-18 07:28:31,7840.0,1000.0,8830400.0
185,2021-10-18 07:28:31,7840.0,2000.0,8829400.0
186,2021-10-18 07:28:31,7840.0,200.0,8827400.0
187,2021-10-18 07:28:31,7840.0,400.0,8827200.0
188,2021-10-18 07:28:31,7840.0,100.0,8826800.0
189,2021-10-18 07:28:31,7840.0,2000.0,8826700.0
190,2021-10-18 07:28:31,7840.0,5000.0,8824700.0
191,2021-10-18 07:28:31,7840.0,2000.0,8819700.0
192,2021-10-18 07:28:31,7840.0,5000.0,8817700.0
193,2021-10-18 07:28:31,7840.0,19500.0,8812700.0
194,2021-10-18 07:28:30,7840.0,500.0,8793200.0
195,2021-10-18 07:28:30,7840.0,500.0,8792700.0
196,2021-10-18 07:28:30,7850.0,4700.0,8792200.0
197,2021-10-18 07:28:30,7850.0,300.0,8787500.0
198,2021-10-18 07:28:20,7850.0,5000.0,8787200.0
199,2021-10-18 07:28:19,7850.0,13000.0,8782200.0
200,2021-10-18 07:28:13,7850.0,4000.0,8769200.0
201,2021-10-18 07:28:10,7840.0,500.0,8765200.0
202,2021-10-18 07:28:10,7840.0,1000.0,8764700.0
203,2021-10-18 07:28:10,7840.0,500.0,8763700.0
204,2021-10-18 07:28:10,7840.0,1000.0,8763200.0
205,2021-10-18 07:28:10,7840.0,1000.0,8762200.0
206,2021-10-18 07:28:10,7840.0,9000.0,8761200.0
207,2021-10-18 07:28:10,7840.0,1000.0,8752200.0
208,2021-10-18 07:28:07,7850.0,2000.0,8751200.0
209,2021-10-18 07:28:06,7850.0,900.0,8749200.0
210,2021-10-18 07:28:04,7840.0,500.0,8748300.0
211,2021-10-18 07:28:04,7840.0,2000.0,8747800.0
212,2021-10-18 07:28:04,7840.0,500.0,8745800.0
213,2021-10-18 07:27:56,7850.0,3000.0,8745300.0
214,2021-10-18 07:27:36,7850.0,300.0,8742300.0
215,2021-10-18 07:27:36,7850.0,100.0,8742000.0
216,2021-10-18 07:27:36,7850.0,200.0,8741900.0
217,2021-10-18 07:27:36,7850.0,5000.0,8741700.0
218,2021-10-18 07:27:36,7850.0,1000.0,8736700.0
219,2021-10-18 07:27:36,7850.0,300.0,8735700.0
220,2021-10-18 07:27:36,7850.0,200.0,8735400.0
221,2021-10-18 07:27:36,7850.0,4000.0,8735200.0
222,2021-10-18 07:27:36,7850.0,200.0,8731200.0
223,2021-10-18 07:27:36,7850.0,200.0,8731000.0
224,2021-10-18 07:27:36,7850.0,100.0,8730800.0
225,2021-10-18 07:27:36,7850.0,25000.0,8730700.0
226,2021-10-18 07:27:35,7850.0,5000.0,8705700.0
227,2021-10-18 07:27:35,7850.0,10000.0,8700700.0
228,2021-10-18 07:27:35,7850.0,500.0,8690700.0
229,2021-10-18 07:27:35,7850.0,700.0,8690200.0
230,2021-10-18 07:27:35,7850.0,2000.0,8689500.0
231,2021-10-18 07:27:34,7850.0,4200.0,8687500.0
232,2021-10-18 07:27:34,7850.0,300.0,8683300.0
233,2021-10-18 07:27:34,7850.0,800.0,8683000.0
234,2021-10-18 07:27:34,7850.0,300.0,8682200.0
235,2021-10-18 07:27:34,7850.0,100.0,8681900.0
236,2021-10-18 07:27:34,7850.0,2500.0,8681800.0
237,2021-10-18 07:27:34,7850.0,10000.0,8679300.0
238,2021-10-18 07:27:34,7850.0,500.0,8669300.0
239,2021-10-18 07:27:34,7850.0,200.0,8668800.0
240,2021-10-18 07:27:34,7850.0,500.0,8668600.0
241,2021-10-18 07:27:34,7850.0,1000.0,8668100.0
242,2021-10-18 07:27:34,7850.0,2000.0,8667100.0
243,2021-10-18 07:27:34,7850.0,1000.0,8665100.0
244,2021-10-18 07:27:34,7850.0,38400.0,8664100.0
245,2021-10-18 07:27:32,7850.0,40000.0,8625700.0
246,2021-10-18 07:27:32,7860.0,1900.0,8585700.0
247,2021-10-18 07:27:32,7860.0,300.0,8583800.0
248,2021-10-18 07:27:32,7860.0,100.0,8583500.0
249,2021-10-18 07:27:32,7860.0,4200.0,8583400.0
250,2021-10-18 07:27:32,7860.0,800.0,8579200.0
251,2021-10-18 07:27:32,7860.0,7300.0,8578400.0
252,2021-10-18 07:27:32,7860.0,5400.0,8571100.0
253,2021-10-18 07:27:29,7850.0,3000.0,8565700.0
254,2021-10-18 07:27:23,7850.0,3600.0,8562700.0
255,2021-10-18 07:27:23,7850.0,9000.0,8559100.0
256,2021-10-18 07:27:23,7850.0,400.0,8550100.0
257,2021-10-18 07:27:23,7850.0,800.0,8549700.0
258,2021-10-18 07:27:23,7850.0,300.0,8548900.0
259,2021-10-18 07:27:23,7850.0,3000.0,8548600.0
260,2021-10-18 07:27:23,7850.0,1000.0,8545600.0
261,2021-10-18 07:27:23,7850.0,5000.0,8544600.0
262,2021-10-18 07:27:23,7850.0,300.0,8539600.0
263,2021-10-18 07:27:23,7850.0,1000.0,8539300.0
264,2021-10-18 07:27:23,7850.0,5000.0,8538300.0
265,2021-10-18 07:27:23,7850.0,600.0,8533300.0
266,2021-10-18 07:27:23,7850.0,200.0,8532700.0
267,2021-10-18 07:27:23,7850.0,10000.0,8532500.0
268,2021-10-18 07:27:23,7850.0,2000.0,8522500.0
269,2021-10-18 07:27:23,7850.0,200.0,8520500.0
270,2021-10-18 07:27:23,7850.0,500.0,8520300.0
271,2021-10-18 07:27:23,7850.0,200.0,8519800.0
272,2021-10-18 07:27:23,7850.0,1000.0,8519600.0
273,2021-10-18 07:27:23,7850.0,2000.0,8518600.0
274,2021-10-18 07:27:23,7850.0,100.0,8516600.0
275,2021-10-18 07:27:23,7850.0,3800.0,8516500.0
276,2021-10-18 07:27:17,7850.0,5000.0,8512700.0
277,2021-10-18 07:27:14,7860.0,100.0,8507700.0
278,2021-10-18 07:27:11,7860.0,500.0,8507600.0
279,2021-10-18 07:27:08,7860.0,1900.0,8507100.0
280,2021-10-18 07:27:00,7850.0,200.0,8505200.0
281,2021-10-18 07:27:00,7850.0,1300.0,8505000.0
282,2021-10-18 07:27:00,7850.0,8500.0,8503700.0
283,2021-10-18 07:27:00,7850.0,2000.0,8495200.0
284,2021-10-18 07:26:49,7850.0,10000.0,8493200.0
285,2021-10-18 07:26:49,7850.0,6000.0,8483200.0
286,2021-10-18 07:26:36,7850.0,1000.0,8477200.0
287,2021-10-18 07:26:36,7850.0,5000.0,8476200.0
288,2021-10-18 07:26:08,7850.0,2000.0,8471200.0
289,2021-10-18 07:26:00,7860.0,1000.0,8469200.0
290,2021-10-18 07:25:58,7860.0,1000.0,8468200.0
291,2021-10-18 07:25:54,7860.0,100.0,8467200.0
292,2021-10-18 07:25:53,7850.0,1100.0,8467100.0
293,2021-10-18 07:25:38,7850.0,14400.0,8466000.0
294,2021-10-18 07:25:38,7850.0,3000.0,8451600.0
295,2021-10-18 07:25:38,7850.0,1000.0,8448600.0
296,2021-10-18 07:25:38,7850.0,3300.0,8447600.0
297,2021-10-18 07:25:38,7850.0,100.0,8444300.0
298,2021-10-18 07:25:38,7850.0,500.0,8444200.0
299,2021-10-18 07:25:38,7850.0,100.0,8443700.0
300,2021-10-18 07:25:38,7850.0,3000.0,8443600.0
301,2021-10-18 07:25:38,7850.0,2000.0,8440600.0
302,2021-10-18 07:25:38,7850.0,3000.0,8438600.0
303,2021-10-18 07:25:38,7850.0,1200.0,8435600.0
304,2021-10-18 07:25:38,7850.0,300.0,8434400.0
305,2021-10-18 07:25:38,7850.0,500.0,8434100.0
306,2021-10-18 07:25:38,7850.0,7600.0,8433600.0
307,2021-10-18 07:25:36,7860.0,1000.0,8426000.0
308,2021-10-18 07:25:34,7860.0,2600.0,8425000.0
309,2021-10-18 07:25:27,7860.0,10600.0,8422400.0
310,2021-10-18 07:25:27,7860.0,300.0,8411800.0
311,2021-10-18 07:25:27,7860.0,200.0,8411500.0
312,2021-10-18 07:25:27,7860.0,400.0,8411300.0
313,2021-10-18 07:25:27,7860.0,800.0,8410900.0
314,2021-10-18 07:25:27,7860.0,2400.0,8410100.0
315,2021-10-18 07:25:27,7860.0,500.0,8407700.0
316,2021-10-18 07:25:27,7860.0,300.0,8407200.0
317,2021-10-18 07:25:27,7860.0,6800.0,8406900.0
318,2021-10-18 07:25:09,7860.0,500.0,8400100.0
319,2021-10-18 07:25:04,7860.0,1300.0,8399600.0
320,2021-10-18 07:25:01,7850.0,500.0,8398300.0
321,2021-10-18 07:24:36,7850.0,1900.0,8397800.0
322,2021-10-18 07:24:36,7850.0,100.0,8395900.0
323,2021-10-18 07:24:36,7850.0,1500.0,8395800.0
324,2021-10-18 07:24:33,7850.0,3000.0,8394300.0
325,2021-10-18 07:24:12,7860.0,5000.0,8391300.0
326,2021-10-18 07:24:11,7860.0,400.0,8386300.0
327,2021-10-18 07:24:11,7860.0,100.0,8385900.0
328,2021-10-18 07:24:11,7860.0,500.0,8385800.0
329,2021-10-18 07:24:01,7860.0,200.0,8385300.0
330,2021-10-18 07:24:00,7860.0,1000.0,8385100.0
331,2021-10-18 07:24:00,7860.0,1000.0,8384100.0
332,2021-10-18 07:23:59,7860.0,200.0,8383100.0
333,2021-10-18 07:23:58,7860.0,1000.0,8382900.0
334,2021-10-18 07:23:49,7860.0,300.0,8381900.0
335,2021-10-18 07:23:45,7850.0,5500.0,8381600.0
336,2021-10-18 07:23:45,7850.0,100.0,8376100.0
337,2021-10-18 07:23:45,7850.0,30000.0,8376000.0
338,2021-10-18 07:23:45,7850.0,1000.0,8346000.0
339,2021-10-18 07:23:45,7850.0,400.0,8345000.0
340,2021-10-18 07:23:45,7850.0,5000.0,8344600.0
341,2021-10-18 07:23:45,7850.0,900.0,8339600.0
342,2021-10-18 07:23:45,7850.0,1000.0,8338700.0
343,2021-10-18 07:23:45,7850.0,6100.0,8337700.0
344,2021-10-18 07:23:37,7860.0,100.0,8331600.0
345,2021-10-18 07:23:30,7860.0,200.0,8331500.0
346,2021-10-18 07:23:29,7850.0,900.0,8331300.0
347,2021-10-18 07:23:29,7850.0,1000.0,8330400.0
348,2021-10-18 07:23:29,7850.0,100.0,8329400.0
349,2021-10-18 07:23:29,7850.0,1000.0,8329300.0
350,2021-10-18 07:23:29,7850.0,1700.0,8328300.0
351,2021-10-18 07:23:29,7850.0,300.0,8326600.0
352,2021-10-18 07:23:29,7850.0,100.0,8326300.0
353,2021-10-18 07:23:29,7850.0,4700.0,8326200.0
354,2021-10-18 07:23:28,7860.0,1600.0,8321500.0
355,2021-10-18 07:23:15,7860.0,3900.0,8319900.0
356,2021-10-18 07:23:15,7860.0,1000.0,8316000.0
357,2021-10-18 07:23:15,7860.0,100.0,8315000.0
358,2021-10-18 07:23:13,7860.0,2600.0,8314900.0
359,2021-10-18 07:23:12,7860.0,100.0,8312300.0
360,2021-10-18 07:23:07,7850.0,100.0,8312200.0
361,2021-10-18 07:23:02,7860.0,100.0,8312100.0
362,2021-10-18 07:23:01,7850.0,1000.0,8312000.0
363,2021-10-18 07:23:00,7850.0,1200.0,8311000.0
364,2021-10-18 07:22:54,7850.0,3000.0,8309800.0
365,2021-10-18 07:22:54,7850.0,2200.0,8306800.0
366,2021-10-18 07:22:54,7850.0,2900.0,8304600.0
367,2021-10-18 07:22:54,7850.0,1000.0,8301700.0
368,2021-10-18 07:22:54,7850.0,5900.0,8300700.0
369,2021-10-18 07:22:52,7860.0,100.0,8294800.0
370,2021-10-18 07:22:50,7860.0,5000.0,8294700.0
371,2021-10-18 07:22:45,7860.0,1000.0,8289700.0
372,2021-10-18 07:22:45,7860.0,500.0,8288700.0
373,2021-10-18 07:22:39,7850.0,100.0,8288200.0
374,2021-10-18 07:22:39,7860.0,400.0,8288100.0
375,2021-10-18 07:22:36,7860.0,500.0,8287700.0
376,2021-10-18 07:22:26,7850.0,11700.0,8287200.0
377,2021-10-18 07:22:20,7850.0,2300.0,8275500.0
378,2021-10-18 07:22:20,7850.0,300.0,8273200.0
379,2021-10-18 07:22:20,7850.0,1500.0,8272900.0
380,2021-10-18 07:22:20,7850.0,500.0,8271400.0
381,2021-10-18 07:22:20,7850.0,2000.0,8270900.0
382,2021-10-18 07:22:20,7850.0,500.0,8268900.0
383,2021-10-18 07:22:20,7850.0,2000.0,8268400.0
384,2021-10-18 07:22:20,7850.0,200.0,8266400.0
385,2021-10-18 07:22:20,7850.0,100.0,8266200.0
386,2021-10-18 07:22:20,7850.0,600.0,8266100.0
387,2021-10-18 07:22:15,7860.0,3000.0,8265500.0
388,2021-10-18 07:22:06,7860.0,600.0,8262500.0
389,2021-10-18 07:22:06,7860.0,2000.0,8261900.0
390,2021-10-18 07:22:06,7860.0,2400.0,8259900.0
391,2021-10-18 07:21:59,7850.0,600.0,8257500.0
392,2021-10-18 07:21:59,7850.0,2000.0,8256900.0
393,2021-10-18 07:21:59,7850.0,100.0,8254900.0
394,2021-10-18 07:21:59,7850.0,1000.0,8254800.0
395,2021-10-18 07:21:59,7850.0,300.0,8253800.0
396,2021-10-18 07:21:59,7850.0,9600.0,8253500.0
397,2021-10-18 07:21:59,7850.0,500.0,8243900.0
398,2021-10-18 07:21:59,7850.0,1000.0,8243400.0
399,2021-10-18 07:21:59,7850.0,1000.0,8242400.0
400,2021-10-18 07:21:59,7850.0,100.0,8241400.0
401,2021-10-18 07:21:59,7850.0,300.0,8241300.0
402,2021-10-18 07:21:59,7850.0,100.0,8241000.0
403,2021-10-18 07:21:59,7850.0,5000.0,8240900.0
404,2021-10-18 07:21:59,7850.0,28400.0,8235900.0
405,2021-10-18 07:21:42,7860.0,3000.0,8207500.0
406,2021-10-18 07:21:35,7860.0,2100.0,8204500.0
407,2021-10-18 07:21:35,7860.0,2600.0,8202400.0
408,2021-10-18 07:21:35,7860.0,300.0,8199800.0
409,2021-10-18 07:21:16,7860.0,100.0,8199500.0
410,2021-10-18 07:21:09,7860.0,5100.0,8199400.0
411,2021-10-18 07:20:56,7850.0,4000.0,8194300.0
412,2021-10-18 07:20:52,7860.0,4500.0,8190300.0
413,2021-10-18 07:20:45,7860.0,3000.0,8185800.0
414,2021-10-18 07:20:41,7860.0,2000.0,8182800.0
415,2021-10-18 07:20:41,7860.0,3000.0,8180800.0
416,2021-10-18 07:20:41,7860.0,15000.0,8177800.0
417,2021-10-18 07:20:23,7850.0,500.0,8162800.0
418,2021-10-18 07:20:19,7850.0,3400.0,8162300.0
419,2021-10-18 07:20:18,7860.0,500.0,8158900.0
420,2021-10-18 07:20:18,7860.0,500.0,8158400.0
421,2021-10-18 07:20:18,7860.0,1000.0,8157900.0
422,2021-10-18 07:20:14,7860.0,1000.0,8156900.0
423,2021-10-18 07:20:04,7860.0,100.0,8155900.0
424,2021-10-18 07:20:02,7860.0,2900.0,8155800.0
425,2021-10-18 07:20:02,7860.0,1400.0,8152900.0
426,2021-10-18 07:19:54,7860.0,600.0,8151500.0
427,2021-10-18 07:19:51,7860.0,200.0,8150900.0
428,2021-10-18 07:19:50,7860.0,200.0,8150700.0
429,2021-10-18 07:19:38,7860.0,100.0,8150500.0
430,2021-10-18 07:19:37,7860.0,500.0,8150400.0
431,2021-10-18 07:19:29,7860.0,1900.0,8149900.0
432,2021-10-18 07:19:17,7860.0,100.0,8148000.0
433,2021-10-18 07:19:07,7870.0,1000.0,8147900.0
434,2021-10-18 07:19:05,7850.0,13700.0,8146900.0
435,2021-10-18 07:19:05,7850.0,100.0,8133200.0
436,2021-10-18 07:19:05,7850.0,10000.0,8133100.0
437,2021-10-18 07:19:05,7850.0,200.0,8123100.0
438,2021-10-18 07:19:05,7860.0,5000.0,8122900.0
439,2021-10-18 07:19:05,7860.0,1000.0,8117900.0
440,2021-10-18 07:19:05,7860.0,300.0,8116900.0
441,2021-10-18 07:18:55,7860.0,200.0,8116600.0
442,2021-10-18 07:18:55,7860.0,1500.0,8116400.0
443,2021-10-18 07:18:44,7860.0,1200.0,8114900.0
444,2021-10-18 07:18:41,7860.0,100.0,8113700.0
445,2021-10-18 07:18:34,7860.0,800.0,8113600.0
446,2021-10-18 07:18:23,7860.0,900.0,8112800.0
447,2021-10-18 07:18:13,7860.0,300.0,8111900.0
448,2021-10-18 07:18:08,7860.0,6800.0,8111600.0
449,2021-10-18 07:17:27,7850.0,800.0,8104800.0
450,2021-10-18 07:17:27,7860.0,1800.0,8104000.0
451,2021-10-18 07:17:27,7860.0,2600.0,8102200.0
452,2021-10-18 07:17:25,7860.0,400.0,8099600.0
453,2021-10-18 07:17:24,7860.0,200.0,8099200.0
454,2021-10-18 07:17:22,7860.0,2000.0,8099000.0
455,2021-10-18 07:17:18,7860.0,800.0,8097000.0
456,2021-10-18 07:17:18,7860.0,200.0,8096200.0
457,2021-10-18 07:17:18,7860.0,500.0,8096000.0
458,2021-10-18 07:17:18,7860.0,300.0,8095500.0
459,2021-10-18 07:17:18,7860.0,2000.0,8095200.0
460,2021-10-18 07:17:18,7860.0,2000.0,8093200.0
461,2021-10-18 07:17:18,7860.0,300.0,8091200.0
462,2021-10-18 07:17:18,7860.0,1000.0,8090900.0
463,2021-10-18 07:17:18,7860.0,2900.0,8089900.0
464,2021-10-18 07:17:08,7860.0,100.0,8087000.0
465,2021-10-18 07:17:08,7860.0,2000.0,8086900.0
466,2021-10-18 07:17:08,7860.0,2000.0,8084900.0
467,2021-10-18 07:17:08,7860.0,2800.0,8082900.0
468,2021-10-18 07:16:37,7860.0,600.0,8080100.0
469,2021-10-18 07:16:35,7860.0,2000.0,8079500.0
470,2021-10-18 07:16:34,7860.0,3300.0,8077500.0
471,2021-10-18 07:16:30,7860.0,100.0,8074200.0
472,2021-10-18 07:16:23,7860.0,1000.0,8074100.0
473,2021-10-18 07:16:16,7860.0,200.0,8073100.0
474,2021-10-18 07:16:16,7860.0,200.0,8072900.0
475,2021-10-18 07:16:16,7860.0,400.0,8072700.0
476,2021-10-18 07:16:16,7860.0,1000.0,8072300.0
477,2021-10-18 07:16:16,7860.0,300.0,8071300.0
478,2021-10-18 07:16:16,7860.0,300.0,8071000.0
479,2021-10-18 07:16:16,7860.0,100.0,8070700.0
480,2021-10-18 07:16:16,7860.0,400.0,8070600.0
481,2021-10-18 07:16:16,7860.0,2100.0,8070200.0
482,2021-10-18 07:16:05,7860.0,400.0,8068100.0
483,2021-10-18 07:16:01,7860.0,600.0,8067700.0
484,2021-10-18 07:15:41,7860.0,1600.0,8067100.0
485,2021-10-18 07:15:41,7860.0,600.0,8065500.0
486,2021-10-18 07:15:41,7860.0,300.0,8064900.0
487,2021-10-18 07:15:33,7860.0,3800.0,8064600.0
488,2021-10-18 07:15:30,7870.0,1000.0,8060800.0
489,2021-10-18 07:15:23,7860.0,5900.0,8059800.0
490,2021-10-18 07:15:23,7860.0,500.0,8053900.0
491,2021-10-18 07:15:23,7860.0,10000.0,8053400.0
492,2021-10-18 07:15:23,7860.0,6000.0,8043400.0
493,2021-10-18 07:15:23,7860.0,100.0,8037400.0
494,2021-10-18 07:15:23,7860.0,6000.0,8037300.0
495,2021-10-18 07:15:23,7860.0,1000.0,8031300.0
496,2021-10-18 07:15:23,7860.0,1000.0,8030300.0
497,2021-10-18 07:15:23,7860.0,2000.0,8029300.0
498,2021-10-18 07:15:23,7860.0,500.0,8027300.0
499,2021-10-18 07:15:23,7860.0,100.0,8026800.0
500,2021-10-18 07:15:23,7860.0,1100.0,8026700.0
501,2021-10-18 07:15:23,7860.0,10000.0,8025600.0
502,2021-10-18 07:15:23,7860.0,5800.0,8015600.0
503,2021-10-18 07:15:10,7860.0,10000.0,8009800.0
504,2021-10-18 07:15:01,7860.0,4200.0,7999800.0
505,2021-10-18 07:15:01,7860.0,1000.0,7995600.0
506,2021-10-18 07:15:01,7860.0,2000.0,7994600.0
507,2021-10-18 07:15:01,7860.0,15000.0,7992600.0
508,2021-10-18 07:15:01,7860.0,7700.0,7977600.0
509,2021-10-18 07:14:46,7860.0,600.0,7969900.0
510,2021-10-18 07:14:09,7870.0,2000.0,7969300.0
511,2021-10-18 07:14:07,7860.0,10000.0,7967300.0
512,2021-10-18 07:14:01,7870.0,100.0,7957300.0
513,2021-10-18 07:14:01,7870.0,200.0,7957200.0
514,2021-10-18 07:14:01,7870.0,400.0,7957000.0
515,2021-10-18 07:13:42,7870.0,300.0,7956600.0
516,2021-10-18 07:13:42,7870.0,2800.0,7956300.0
517,2021-10-18 07:13:37,7870.0,3200.0,7953500.0
518,2021-10-18 07:13:37,7870.0,1800.0,7950300.0
519,2021-10-18 07:13:36,7880.0,100.0,7948500.0
520,2021-10-18 07:13:31,7870.0,1000.0,7948400.0
521,2021-10-18 07:13:25,7870.0,2200.0,7947400.0
522,2021-10-18 07:13:25,7870.0,500.0,7945200.0
523,2021-10-18 07:13:25,7870.0,500.0,7944700.0
524,2021-10-18 07:13:25,7870.0,100.0,7944200.0
525,2021-10-18 07:13:25,7870.0,5000.0,7944100.0
526,2021-10-18 07:13:25,7870.0,1700.0,7939100.0
527,2021-10-18 07:13:23,7880.0,300.0,7937400.0
528,2021-10-18 07:13:14,7870.0,1900.0,7937100.0
529,2021-10-18 07:13:13,7870.0,20000.0,7935200.0
530,2021-10-18 07:13:01,7870.0,11400.0,7915200.0
531,2021-10-18 07:13:01,7870.0,1000.0,7903800.0
532,2021-10-18 07:13:01,7870.0,100.0,7902800.0
533,2021-10-18 07:13:01,7870.0,1000.0,7902700.0
534,2021-10-18 07:13:01,7870.0,1000.0,7901700.0
535,2021-10-18 07:13:01,7870.0,5500.0,7900700.0
536,2021-10-18 07:12:50,7870.0,1600.0,7895200.0
537,2021-10-18 07:12:45,7870.0,2900.0,7893600.0
538,2021-10-18 07:12:45,7870.0,2000.0,7890700.0
539,2021-10-18 07:12:45,7870.0,100.0,7888700.0
540,2021-10-18 07:12:45,7870.0,8000.0,7888600.0
541,2021-10-18 07:12:44,7870.0,2000.0,7880600.0
542,2021-10-18 07:12:44,7870.0,100.0,7878600.0
543,2021-10-18 07:12:41,7870.0,400.0,7878500.0
544,2021-10-18 07:12:41,7870.0,100.0,7878100.0
545,2021-10-18 07:12:19,7870.0,200.0,7878000.0
546,2021-10-18 07:12:19,7870.0,300.0,7877800.0
547,2021-10-18 07:12:17,7880.0,100.0,7877500.0
548,2021-10-18 07:12:16,7880.0,400.0,7877400.0
549,2021-10-18 07:12:14,7870.0,200.0,7877000.0
550,2021-10-18 07:12:14,7880.0,300.0,7876800.0
551,2021-10-18 07:12:14,7880.0,100.0,7876500.0
552,2021-10-18 07:12:04,7870.0,200.0,7876400.0
553,2021-10-18 07:11:59,7880.0,200.0,7876200.0
554,2021-10-18 07:11:59,7880.0,800.0,7876000.0
555,2021-10-18 07:11:36,7880.0,100.0,7875200.0
556,2021-10-18 07:11:33,7880.0,100.0,7875100.0
557,2021-10-18 07:11:30,7880.0,500.0,7875000.0
558,2021-10-18 07:11:28,7880.0,300.0,7874500.0
559,2021-10-18 07:11:28,7880.0,2000.0,7874200.0
560,2021-10-18 07:11:28,7880.0,1200.0,7872200.0
561,2021-10-18 07:11:17,7880.0,500.0,7871000.0
562,2021-10-18 07:11:11,7880.0,11300.0,7870500.0
563,2021-10-18 07:11:10,7880.0,2000.0,7859200.0
564,2021-10-18 07:11:10,7880.0,3000.0,7857200.0
565,2021-10-18 07:11:10,7880.0,1000.0,7854200.0
566,2021-10-18 07:11:10,7880.0,1000.0,7853200.0
567,2021-10-18 07:11:10,7880.0,1000.0,7852200.0
568,2021-10-18 07:11:10,7880.0,100.0,7851200.0
569,2021-10-18 07:11:10,7880.0,600.0,7851100.0
570,2021-10-18 07:11:07,7880.0,2400.0,7850500.0
571,2021-10-18 07:11:07,7880.0,600.0,7848100.0
572,2021-10-18 07:11:06,7880.0,300.0,7847500.0
573,2021-10-18 07:10:58,7880.0,2000.0,7847200.0
574,2021-10-18 07:10:52,7880.0,700.0,7845200.0
575,2021-10-18 07:10:52,7880.0,700.0,7844500.0
576,2021-10-18 07:10:52,7880.0,100.0,7843800.0
577,2021-10-18 07:10:52,7880.0,7500.0,7843700.0
578,2021-10-18 07:10:51,7880.0,1400.0,7836200.0
579,2021-10-18 07:10:51,7880.0,1100.0,7834800.0
580,2021-10-18 07:10:51,7880.0,400.0,7833700.0
581,2021-10-18 07:10:51,7880.0,100.0,7833300.0
582,2021-10-18 07:10:51,7880.0,100.0,7833200.0
583,2021-10-18 07:10:51,7880.0,300.0,7833100.0
584,2021-10-18 07:10:43,7890.0,2000.0,7832800.0
585,2021-10-18 07:10:43,7890.0,1400.0,7830800.0
586,2021-10-18 07:10:43,7890.0,1600.0,7829400.0
587,2021-10-18 07:10:40,7880.0,700.0,7827800.0
588,2021-10-18 07:10:40,7880.0,1000.0,7827100.0
589,2021-10-18 07:10:40,7880.0,1000.0,7826100.0
590,2021-10-18 07:10:40,7880.0,300.0,7825100.0
591,2021-10-18 07:10:30,7880.0,200.0,7824800.0
592,2021-10-18 07:10:30,7880.0,100.0,7824600.0
593,2021-10-18 07:10:30,7880.0,100.0,7824500.0
594,2021-10-18 07:10:30,7880.0,300.0,7824400.0
595,2021-10-18 07:10:30,7880.0,1500.0,7824100.0
596,2021-10-18 07:10:15,7890.0,900.0,7822600.0
597,2021-10-18 07:10:10,7880.0,3500.0,7821700.0
598,2021-10-18 07:10:10,7880.0,1500.0,7818200.0
599,2021-10-18 07:10:00,7880.0,1000.0,7816700.0
600,2021-10-18 07:09:28,7890.0,200.0,7815700.0
601,2021-10-18 07:09:28,7890.0,700.0,7815500.0
602,2021-10-18 07:09:28,7890.0,800.0,7814800.0
603,2021-10-18 07:09:28,7890.0,600.0,7814000.0
604,2021-10-18 07:09:28,7890.0,1000.0,7813400.0
605,2021-10-18 07:09:28,7890.0,5000.0,7812400.0
606,2021-10-18 07:09:28,7890.0,3000.0,7807400.0
607,2021-10-18 07:09:28,7890.0,2000.0,7804400.0
608,2021-10-18 07:09:28,7890.0,1000.0,7802400.0
609,2021-10-18 07:09:28,7890.0,1000.0,7801400.0
610,2021-10-18 07:09:28,7890.0,300.0,7800400.0
611,2021-10-18 07:09:28,7890.0,500.0,7800100.0
612,2021-10-18 07:09:28,7890.0,10000.0,7799600.0
613,2021-10-18 07:09:28,7890.0,2500.0,7789600.0
614,2021-10-18 07:09:24,7890.0,1000.0,7787100.0
615,2021-10-18 07:09:23,7900.0,400.0,7786100.0
616,2021-10-18 07:09:20,7890.0,900.0,7785700.0
617,2021-10-18 07:08:48,7900.0,600.0,7784800.0
618,2021-10-18 07:08:48,7900.0,6900.0,7784200.0
619,2021-10-18 07:08:48,7900.0,2500.0,7777300.0
620,2021-10-18 07:08:39,7900.0,400.0,7774800.0
621,2021-10-18 07:08:36,7900.0,100.0,7774400.0
622,2021-10-18 07:08:35,7900.0,2100.0,7774300.0
623,2021-10-18 07:08:35,7900.0,100.0,7772200.0
624,2021-10-18 07:08:35,7900.0,2000.0,7772100.0
625,2021-10-18 07:08:35,7900.0,15800.0,7770100.0
626,2021-10-18 07:08:21,7900.0,100.0,7754300.0
627,2021-10-18 07:08:21,7890.0,1000.0,7754200.0
628,2021-10-18 07:07:59,7900.0,2100.0,7753200.0
629,2021-10-18 07:07:59,7890.0,4600.0,7751100.0
630,2021-10-18 07:07:59,7890.0,500.0,7746500.0
631,2021-10-18 07:07:59,7890.0,100.0,7746000.0
632,2021-10-18 07:06:53,7900.0,400.0,7745900.0
633,2021-10-18 07:06:53,7900.0,500.0,7745500.0
634,2021-10-18 07:06:53,7900.0,300.0,7745000.0
635,2021-10-18 07:06:53,7900.0,3000.0,7744700.0
636,2021-10-18 07:06:53,7900.0,1500.0,7741700.0
637,2021-10-18 07:06:53,7900.0,1200.0,7740200.0
638,2021-10-18 07:06:53,7900.0,200.0,7739000.0
639,2021-10-18 07:06:53,7900.0,2400.0,7738800.0
640,2021-10-18 07:06:53,7900.0,500.0,7736400.0
641,2021-10-18 07:06:53,7900.0,2000.0,7735900.0
642,2021-10-18 07:06:43,7900.0,200.0,7733900.0
643,2021-10-18 07:06:40,7900.0,2800.0,7733700.0
644,2021-10-18 07:06:40,7900.0,1000.0,7730900.0
645,2021-10-18 07:06:40,7900.0,200.0,7729900.0
646,2021-10-18 07:06:40,7900.0,200.0,7729700.0
647,2021-10-18 07:06:40,7900.0,600.0,7729500.0
648,2021-10-18 07:06:40,7900.0,6000.0,7728900.0
649,2021-10-18 07:06:40,7900.0,300.0,7722900.0
650,2021-10-18 07:06:40,7900.0,500.0,7722600.0
651,2021-10-18 07:06:40,7900.0,1000.0,7722100.0
652,2021-10-18 07:06:40,7900.0,1100.0,7721100.0
653,2021-10-18 07:06:40,7900.0,500.0,7720000.0
654,2021-10-18 07:06:40,7900.0,200.0,7719500.0
655,2021-10-18 07:06:40,7900.0,2000.0,7719300.0
656,2021-10-18 07:06:40,7900.0,100.0,7717300.0
657,2021-10-18 07:06:40,7900.0,500.0,7717200.0
658,2021-10-18 07:06:40,7900.0,100.0,7716700.0
659,2021-10-18 07:06:40,7900.0,700.0,7716600.0
660,2021-10-18 07:06:40,7900.0,2000.0,7715900.0
661,2021-10-18 07:06:40,7900.0,700.0,7713900.0
662,2021-10-18 07:06:36,7900.0,300.0,7713200.0
663,2021-10-18 07:06:36,7900.0,1500.0,7712900.0
664,2021-10-18 07:06:36,7900.0,1000.0,7711400.0
665,2021-10-18 07:06:36,7900.0,10000.0,7710400.0
666,2021-10-18 07:06:36,7900.0,500.0,7700400.0
667,2021-10-18 07:06:36,7900.0,3300.0,7699900.0
668,2021-10-18 07:06:36,7900.0,200.0,7696600.0
669,2021-10-18 07:06:36,7900.0,200.0,7696400.0
670,2021-10-18 07:06:36,7900.0,1000.0,7696200.0
671,2021-10-18 07:06:36,7900.0,400.0,7695200.0
672,2021-10-18 07:06:36,7900.0,1000.0,7694800.0
673,2021-10-18 07:06:36,7900.0,3000.0,7693800.0
674,2021-10-18 07:06:36,7900.0,1000.0,7690800.0
675,2021-10-18 07:06:36,7900.0,400.0,7689800.0
676,2021-10-18 07:06:36,7900.0,10000.0,7689400.0
677,2021-10-18 07:06:36,7900.0,16200.0,7679400.0
678,2021-10-18 07:06:36,7900.0,5000.0,7663200.0
679,2021-10-18 07:06:33,7900.0,20000.0,7658200.0
680,2021-10-18 07:06:26,7900.0,5000.0,7638200.0
681,2021-10-18 07:06:22,7900.0,100.0,7633200.0
682,2021-10-18 07:06:07,7900.0,10000.0,7633100.0
683,2021-10-18 07:06:05,7900.0,7000.0,7623100.0
684,2021-10-18 07:05:52,7900.0,500.0,7616100.0
685,2021-10-18 07:05:47,7900.0,400.0,7615600.0
686,2021-10-18 07:05:39,7900.0,6300.0,7615200.0
687,2021-10-18 07:05:37,7900.0,100.0,7608900.0
688,2021-10-18 07:04:49,7910.0,400.0,7608800.0
689,2021-10-18 07:04:49,7910.0,2600.0,7608400.0
690,2021-10-18 07:04:44,7910.0,300.0,7605800.0
691,2021-10-18 07:04:43,7900.0,1000.0,7605500.0
692,2021-10-18 07:04:40,7900.0,1300.0,7604500.0
693,2021-10-18 07:04:30,7900.0,500.0,7603200.0
694,2021-10-18 07:04:11,7900.0,100.0,7602700.0
695,2021-10-18 07:04:06,7910.0,2000.0,7602600.0
696,2021-10-18 07:04:00,7910.0,500.0,7600600.0
697,2021-10-18 07:03:57,7910.0,1100.0,7600100.0
698,2021-10-18 07:03:46,7910.0,1500.0,7599000.0
699,2021-10-18 07:03:46,7910.0,100.0,7597500.0
700,2021-10-18 07:03:46,7910.0,300.0,7597400.0
701,2021-10-18 07:03:46,7910.0,100.0,7597100.0
702,2021-10-18 07:03:46,7910.0,100.0,7597000.0
703,2021-10-18 07:03:46,7910.0,1000.0,7596900.0
704,2021-10-18 07:03:46,7910.0,100.0,7595900.0
705,2021-10-18 07:03:46,7910.0,300.0,7595800.0
706,2021-10-18 07:03:38,7910.0,400.0,7595500.0
707,2021-10-18 07:03:38,7910.0,100.0,7595100.0
708,2021-10-18 07:03:25,7910.0,200.0,7595000.0
709,2021-10-18 07:03:05,7910.0,1500.0,7594800.0
710,2021-10-18 07:03:05,7910.0,1000.0,7593300.0
711,2021-10-18 07:03:05,7910.0,200.0,7592300.0
712,2021-10-18 07:03:05,7910.0,1200.0,7592100.0
713,2021-10-18 07:03:05,7910.0,1100.0,7590900.0
714,2021-10-18 07:02:50,7920.0,100.0,7589800.0
715,2021-10-18 07:02:41,7910.0,1100.0,7589700.0
716,2021-10-18 07:02:41,7910.0,200.0,7588600.0
717,2021-10-18 07:02:41,7910.0,18700.0,7588400.0
718,2021-10-18 07:02:34,7910.0,300.0,7569700.0
719,2021-10-18 07:02:33,7920.0,4000.0,7569400.0
720,2021-10-18 07:02:22,7910.0,50000.0,7565400.0
721,2021-10-18 07:02:21,7920.0,2000.0,7515400.0
722,2021-10-18 07:02:09,7920.0,500.0,7513400.0
723,2021-10-18 07:01:55,7920.0,10000.0,7512900.0
724,2021-10-18 07:01:49,7920.0,3500.0,7502900.0
725,2021-10-18 07:01:43,7920.0,2000.0,7499400.0
726,2021-10-18 07:01:42,7920.0,200.0,7497400.0
727,2021-10-18 07:01:42,7920.0,3000.0,7497200.0
728,2021-10-18 07:01:42,7920.0,1300.0,7494200.0
729,2021-10-18 07:01:41,7920.0,100.0,7492900.0
730,2021-10-18 07:01:35,7920.0,100.0,7492800.0
731,2021-10-18 07:01:35,7920.0,200.0,7492700.0
732,2021-10-18 07:01:18,7920.0,800.0,7492500.0
733,2021-10-18 07:01:18,7920.0,1900.0,7491700.0
734,2021-10-18 07:01:18,7920.0,300.0,7489800.0
735,2021-10-18 07:01:08,7920.0,3000.0,7489500.0
736,2021-10-18 07:01:03,7920.0,1000.0,7486500.0
737,2021-10-18 07:00:40,7920.0,700.0,7485500.0
738,2021-10-18 07:00:34,7920.0,700.0,7484800.0
739,2021-10-18 07:00:34,7920.0,300.0,7484100.0
740,2021-10-18 07:00:30,7920.0,4700.0,7483800.0
741,2021-10-18 07:00:30,7920.0,100.0,7479100.0
742,2021-10-18 07:00:30,7920.0,200.0,7479000.0
743,2021-10-18 07:00:30,7920.0,1000.0,7478800.0
744,2021-10-18 07:00:30,7920.0,100.0,7477800.0
745,2021-10-18 07:00:30,7920.0,2000.0,7477700.0
746,2021-10-18 07:00:30,7920.0,500.0,7475700.0
747,2021-10-18 07:00:30,7920.0,10000.0,7475200.0
748,2021-10-18 07:00:30,7920.0,5000.0,7465200.0
749,2021-10-18 07:00:30,7920.0,700.0,7460200.0
750,2021-10-18 07:00:30,7920.0,300.0,7459500.0
751,2021-10-18 07:00:30,7920.0,200.0,7459200.0
752,2021-10-18 07:00:30,7920.0,300.0,7459000.0
753,2021-10-18 07:00:30,7920.0,2000.0,7458700.0
754,2021-10-18 07:00:30,7920.0,400.0,7456700.0
755,2021-10-18 07:00:30,7920.0,5000.0,7456300.0
756,2021-10-18 07:00:30,7920.0,7500.0,7451300.0
757,2021-10-18 07:00:04,7920.0,2500.0,7443800.0
758,2021-10-18 07:00:04,7920.0,2500.0,7441300.0
759,2021-10-18 06:59:49,7910.0,2500.0,7438800.0
760,2021-10-18 06:59:36,7910.0,100.0,7436300.0
761,2021-10-18 06:59:29,7910.0,100.0,7436200.0
762,2021-10-18 06:59:24,7910.0,1500.0,7436100.0
763,2021-10-18 06:59:23,7920.0,300.0,7434600.0
764,2021-10-18 06:59:07,7910.0,500.0,7434300.0
765,2021-10-18 06:58:40,7910.0,1000.0,7433800.0
766,2021-10-18 06:58:40,7920.0,7200.0,7432800.0
767,2021-10-18 06:58:40,7920.0,2000.0,7425600.0
768,2021-10-18 06:58:40,7920.0,300.0,7423600.0
769,2021-10-18 06:58:40,7920.0,200.0,7423300.0
770,2021-10-18 06:58:40,7920.0,300.0,7423100.0
771,2021-10-18 06:58:35,7910.0,4000.0,7422800.0
772,2021-10-18 06:58:13,7910.0,1500.0,7418800.0
773,2021-10-18 06:58:07,7910.0,10000.0,7417300.0
774,2021-10-18 06:57:36,7910.0,2000.0,7407300.0
775,2021-10-18 06:57:07,7910.0,1000.0,7405300.0
776,2021-10-18 06:57:06,7910.0,1000.0,7404300.0
777,2021-10-18 06:57:03,7910.0,5000.0,7403300.0
778,2021-10-18 06:56:46,7910.0,10000.0,7398300.0
779,2021-10-18 06:56:46,7910.0,1000.0,7388300.0
780,2021-10-18 06:56:46,7910.0,9800.0,7387300.0
781,2021-10-18 06:56:20,7910.0,200.0,7377500.0
782,2021-10-18 06:56:00,7900.0,9900.0,7377300.0
783,2021-10-18 06:56:00,7910.0,10000.0,7367400.0
784,2021-10-18 06:56:00,7910.0,100.0,7357400.0
785,2021-10-18 06:56:00,7910.0,80000.0,7357300.0
786,2021-10-18 06:55:40,7910.0,10000.0,7277300.0
787,2021-10-18 06:55:32,7900.0,1000.0,7267300.0
788,2021-10-18 06:55:31,7900.0,8000.0,7266300.0
789,2021-10-18 06:54:55,7900.0,30500.0,7258300.0
790,2021-10-18 06:54:55,7900.0,19500.0,7227800.0
791,2021-10-18 06:54:20,7920.0,700.0,7208300.0
792,2021-10-18 06:54:20,7920.0,1300.0,7207600.0
793,2021-10-18 06:54:11,7900.0,500.0,7206300.0
794,2021-10-18 06:54:11,7900.0,1000.0,7205800.0
795,2021-10-18 06:54:11,7900.0,200.0,7204800.0
796,2021-10-18 06:54:11,7900.0,1100.0,7204600.0
797,2021-10-18 06:54:11,7910.0,2000.0,7203500.0
798,2021-10-18 06:54:11,7910.0,100.0,7201500.0
799,2021-10-18 06:54:11,7910.0,200.0,7201400.0
800,2021-10-18 06:54:11,7910.0,14900.0,7201200.0
801,2021-10-18 06:54:11,7910.0,10000.0,7186300.0
802,2021-10-18 06:54:02,7920.0,3000.0,7176300.0
803,2021-10-18 06:54:01,7910.0,1000.0,7173300.0
804,2021-10-18 06:53:55,7910.0,3000.0,7172300.0
805,2021-10-18 06:53:39,7910.0,10000.0,7169300.0
806,2021-10-18 06:53:01,7920.0,1000.0,7159300.0
807,2021-10-18 06:52:50,7920.0,400.0,7158300.0
808,2021-10-18 06:52:38,7920.0,1000.0,7157900.0
809,2021-10-18 06:52:37,7910.0,100.0,7156900.0
810,2021-10-18 06:52:18,7910.0,10000.0,7156800.0
811,2021-10-18 06:52:17,7910.0,1000.0,7146800.0
812,2021-10-18 06:52:06,7900.0,900.0,7145800.0
813,2021-10-18 06:52:06,7900.0,3000.0,7144900.0
814,2021-10-18 06:52:06,7910.0,400.0,7141900.0
815,2021-10-18 06:52:06,7910.0,1700.0,7141500.0
816,2021-10-18 06:51:40,7910.0,400.0,7139800.0
817,2021-10-18 06:51:31,7910.0,8000.0,7139400.0
818,2021-10-18 06:51:21,7910.0,1600.0,7131400.0
819,2021-10-18 06:50:57,7920.0,200.0,7129800.0
820,2021-10-18 06:50:34,7920.0,100.0,7129600.0
821,2021-10-18 06:50:33,7910.0,500.0,7129500.0
822,2021-10-18 06:50:05,7910.0,4500.0,7129000.0
823,2021-10-18 06:50:05,7910.0,500.0,7124500.0
824,2021-10-18 06:50:01,7910.0,1500.0,7124000.0
825,2021-10-18 06:50:01,7910.0,2000.0,7122500.0
826,2021-10-18 06:50:01,7910.0,200.0,7120500.0
827,2021-10-18 06:50:01,7910.0,1000.0,7120300.0
828,2021-10-18 06:50:01,7910.0,3000.0,7119300.0
829,2021-10-18 06:50:01,7910.0,400.0,7116300.0
830,2021-10-18 06:50:01,7910.0,2000.0,7115900.0
831,2021-10-18 06:50:01,7910.0,100.0,7113900.0
832,2021-10-18 06:50:01,7910.0,9800.0,7113800.0
833,2021-10-18 06:49:51,7910.0,10200.0,7104000.0
834,2021-10-18 06:49:51,7910.0,200.0,7093800.0
835,2021-10-18 06:49:51,7910.0,600.0,7093600.0
836,2021-10-18 06:49:08,7910.0,500.0,7093000.0
837,2021-10-18 06:49:07,7910.0,500.0,7092500.0
838,2021-10-18 06:48:54,7910.0,2000.0,7092000.0
839,2021-10-18 06:48:36,7910.0,1400.0,7090000.0
840,2021-10-18 06:48:36,7910.0,200.0,7088600.0
841,2021-10-18 06:48:36,7910.0,500.0,7088400.0
842,2021-10-18 06:48:36,7910.0,100.0,7087900.0
843,2021-10-18 06:48:36,7910.0,1000.0,7087800.0
844,2021-10-18 06:48:36,7910.0,500.0,7086800.0
845,2021-10-18 06:48:36,7910.0,3000.0,7086300.0
846,2021-10-18 06:48:36,7910.0,3300.0,7083300.0
847,2021-10-18 06:48:22,7910.0,10000.0,7080000.0
848,2021-10-18 06:48:15,7910.0,100.0,7070000.0
849,2021-10-18 06:48:08,7910.0,2600.0,7069900.0
850,2021-10-18 06:47:52,7910.0,30000.0,7067300.0
851,2021-10-18 06:47:44,7920.0,100.0,7037300.0
852,2021-10-18 06:47:40,7910.0,10000.0,7037200.0
853,2021-10-18 06:47:39,7920.0,1000.0,7027200.0
854,2021-10-18 06:47:37,7910.0,10000.0,7026200.0
855,2021-10-18 06:47:17,7920.0,500.0,7016200.0
856,2021-10-18 06:47:14,7910.0,5000.0,7015700.0
857,2021-10-18 06:47:02,7910.0,5000.0,7010700.0
858,2021-10-18 06:46:58,7920.0,100.0,7005700.0
859,2021-10-18 06:46:54,7910.0,700.0,7005600.0
860,2021-10-18 06:46:53,7920.0,1300.0,7004900.0
861,2021-10-18 06:46:53,7920.0,3700.0,7003600.0
862,2021-10-18 06:46:50,7910.0,8000.0,6999900.0
863,2021-10-18 06:46:49,7910.0,5000.0,6991900.0
864,2021-10-18 06:46:37,7910.0,100.0,6986900.0
865,2021-10-18 06:46:32,7910.0,5000.0,6986800.0
866,2021-10-18 06:46:06,7910.0,2000.0,6981800.0
867,2021-10-18 06:45:59,7910.0,3000.0,6979800.0
868,2021-10-18 06:45:56,7910.0,100.0,6976800.0
869,2021-10-18 06:45:30,7910.0,100.0,6976700.0
870,2021-10-18 06:44:45,7910.0,1500.0,6976600.0
871,2021-10-18 06:44:45,7910.0,4000.0,6975100.0
872,2021-10-18 06:44:45,7910.0,200.0,6971100.0
873,2021-10-18 06:44:45,7910.0,600.0,6970900.0
874,2021-10-18 06:44:45,7910.0,3700.0,6970300.0
875,2021-10-18 06:44:33,7910.0,3000.0,6966600.0
876,2021-10-18 06:44:33,7910.0,3300.0,6963600.0
877,2021-10-18 06:44:33,7910.0,400.0,6960300.0
878,2021-10-18 06:44:32,7910.0,8200.0,6959900.0
879,2021-10-18 06:44:32,7910.0,100.0,6951700.0
880,2021-10-18 06:44:32,7910.0,1000.0,6951600.0
881,2021-10-18 06:44:32,7910.0,700.0,6950600.0
882,2021-10-18 06:43:54,7910.0,6000.0,6949900.0
883,2021-10-18 06:43:47,7920.0,3000.0,6943900.0
884,2021-10-18 06:43:43,7910.0,10000.0,6940900.0
885,2021-10-18 06:43:35,7910.0,5000.0,6930900.0
886,2021-10-18 06:43:31,7910.0,2500.0,6925900.0
887,2021-10-18 06:43:21,7910.0,100.0,6923400.0
888,2021-10-18 06:42:37,7910.0,100.0,6923300.0
889,2021-10-18 06:42:23,7910.0,10000.0,6923200.0
890,2021-10-18 06:42:17,7910.0,100.0,6913200.0
891,2021-10-18 06:42:07,7910.0,1000.0,6913100.0
892,2021-10-18 06:41:55,7910.0,1000.0,6912100.0
893,2021-10-18 06:41:55,7910.0,50000.0,6911100.0
894,2021-10-18 06:41:55,7910.0,100.0,6861100.0
895,2021-10-18 06:41:55,7910.0,1000.0,6861000.0
896,2021-10-18 06:41:55,7910.0,300.0,6860000.0
897,2021-10-18 06:41:55,7910.0,500.0,6859700.0
898,2021-10-18 06:41:55,7910.0,100.0,6859200.0
899,2021-10-18 06:41:55,7910.0,2000.0,6859100.0
900,2021-10-18 06:41:55,7910.0,6500.0,6857100.0
901,2021-10-18 06:41:53,7900.0,100.0,6850600.0
902,2021-10-18 06:41:50,7900.0,100.0,6850500.0
903,2021-10-18 06:41:36,7900.0,100.0,6850400.0
904,2021-10-18 06:41:34,7900.0,100.0,6850300.0
905,2021-10-18 06:41:34,7900.0,200.0,6850200.0
906,2021-10-18 06:41:32,7900.0,9700.0,6850000.0
907,2021-10-18 06:41:32,7900.0,300.0,6840300.0
908,2021-10-18 06:41:17,7900.0,400.0,6840000.0
909,2021-10-18 06:41:04,7910.0,2500.0,6839600.0
910,2021-10-18 06:41:04,7900.0,3000.0,6837100.0
911,2021-10-18 06:41:04,7900.0,2000.0,6834100.0
912,2021-10-18 06:41:04,7900.0,300.0,6832100.0
913,2021-10-18 06:41:04,7900.0,50000.0,6831800.0
914,2021-10-18 06:41:04,7900.0,44700.0,6781800.0
915,2021-10-18 06:40:55,7910.0,10000.0,6737100.0
916,2021-10-18 06:40:45,7910.0,200.0,6727100.0
917,2021-10-18 06:40:34,7910.0,600.0,6726900.0
918,2021-10-18 06:40:07,7910.0,100.0,6726300.0
919,2021-10-18 06:40:02,7910.0,100.0,6726200.0
920,2021-10-18 06:39:55,7900.0,28900.0,6726100.0
921,2021-10-18 06:39:52,7900.0,5000.0,6697200.0
922,2021-10-18 06:39:42,7900.0,200.0,6692200.0
923,2021-10-18 06:39:42,7910.0,4800.0,6692000.0
924,2021-10-18 06:39:36,7910.0,100.0,6687200.0
925,2021-10-18 06:39:18,7910.0,100.0,6687100.0
926,2021-10-18 06:39:12,7920.0,200.0,6687000.0
927,2021-10-18 06:38:54,7920.0,1000.0,6686800.0
928,2021-10-18 06:38:54,7920.0,2100.0,6685800.0
929,2021-10-18 06:38:52,7920.0,4000.0,6683700.0
930,2021-10-18 06:38:30,7930.0,1200.0,6679700.0
931,2021-10-18 06:38:30,7930.0,100.0,6678500.0
932,2021-10-18 06:38:28,7940.0,200.0,6678400.0
933,2021-10-18 06:38:24,7930.0,600.0,6678200.0
934,2021-10-18 06:37:58,7930.0,10000.0,6677600.0
935,2021-10-18 06:37:53,7940.0,100.0,6667600.0
936,2021-10-18 06:37:51,7930.0,1000.0,6667500.0
937,2021-10-18 06:37:51,7930.0,4000.0,6666500.0
938,2021-10-18 06:37:40,7940.0,1200.0,6662500.0
939,2021-10-18 06:37:38,7930.0,15000.0,6661300.0
940,2021-10-18 06:37:35,7930.0,100.0,6646300.0
941,2021-10-18 06:37:35,7930.0,500.0,6646200.0
942,2021-10-18 06:37:35,7930.0,800.0,6645700.0
943,2021-10-18 06:37:35,7930.0,3000.0,6644900.0
944,2021-10-18 06:37:35,7930.0,10000.0,6641900.0
945,2021-10-18 06:37:35,7930.0,500.0,6631900.0
946,2021-10-18 06:37:35,7930.0,4400.0,6631400.0
947,2021-10-18 06:37:32,7920.0,100.0,6627000.0
948,2021-10-18 06:37:31,7920.0,1000.0,6626900.0
949,2021-10-18 06:37:31,7920.0,2000.0,6625900.0
950,2021-10-18 06:37:31,7920.0,10000.0,6623900.0
951,2021-10-18 06:37:31,7920.0,100.0,6613900.0
952,2021-10-18 06:37:31,7920.0,10000.0,6613800.0
953,2021-10-18 06:37:31,7920.0,20000.0,6603800.0
954,2021-10-18 06:37:31,7920.0,300.0,6583800.0
955,2021-10-18 06:37:31,7920.0,400.0,6583500.0
956,2021-10-18 06:37:03,7900.0,20000.0,6583100.0
957,2021-10-18 06:36:49,7900.0,1200.0,6563100.0
958,2021-10-18 06:36:49,7900.0,300.0,6561900.0
959,2021-10-18 06:36:49,7910.0,2000.0,6561600.0
960,2021-10-18 06:36:47,7910.0,1000.0,6559600.0
961,2021-10-18 06:36:47,7910.0,1000.0,6558600.0
962,2021-10-18 06:36:47,7910.0,6000.0,6557600.0
963,2021-10-18 06:36:31,7900.0,1200.0,6551600.0
964,2021-10-18 06:36:29,7900.0,400.0,6550400.0
965,2021-10-18 06:36:29,7900.0,600.0,6550000.0
966,2021-10-18 06:36:01,7900.0,10000.0,6549400.0
967,2021-10-18 06:35:55,7900.0,500.0,6539400.0
968,2021-10-18 06:35:55,7910.0,4000.0,6538900.0
969,2021-10-18 06:35:55,7910.0,1000.0,6534900.0
970,2021-10-18 06:35:52,7900.0,100.0,6533900.0
971,2021-10-18 06:35:52,7900.0,16800.0,6533800.0
972,2021-10-18 06:35:49,7900.0,100.0,6517000.0
973,2021-10-18 06:35:37,7900.0,500.0,6516900.0
974,2021-10-18 06:35:37,7900.0,7600.0,6516400.0
975,2021-10-18 06:35:35,7900.0,200.0,6508800.0
976,2021-10-18 06:35:35,7900.0,42200.0,6508600.0
977,2021-10-18 06:35:25,7900.0,7500.0,6466400.0
978,2021-10-18 06:35:25,7900.0,200.0,6458900.0
979,2021-10-18 06:35:25,7900.0,100.0,6458700.0
980,2021-10-18 06:35:20,7900.0,1100.0,6458600.0
981,2021-10-18 06:35:20,7900.0,1900.0,6457500.0
982,2021-10-18 06:35:17,7900.0,100.0,6455600.0
983,2021-10-18 06:35:17,7900.0,200.0,6455500.0
984,2021-10-18 06:35:12,7900.0,2800.0,6455300.0
985,2021-10-18 06:35:12,7900.0,500.0,6452500.0
986,2021-10-18 06:35:12,7900.0,1000.0,6452000.0
987,2021-10-18 06:35:12,7900.0,2000.0,6451000.0
988,2021-10-18 06:35:12,7900.0,2000.0,6449000.0
989,2021-10-18 06:35:12,7900.0,1700.0,6447000.0
990,2021-10-18 06:35:07,7900.0,5000.0,6445300.0
991,2021-10-18 06:35:07,7900.0,2000.0,6440300.0
992,2021-10-18 06:35:05,7900.0,500.0,6438300.0
993,2021-10-18 06:34:55,7900.0,3000.0,6437800.0
994,2021-10-18 06:34:43,7900.0,2000.0,6434800.0
995,2021-10-18 06:34:42,7900.0,50000.0,6432800.0
996,2021-10-18 06:34:42,7900.0,1000.0,6382800.0
997,2021-10-18 06:33:46,7900.0,10000.0,6381800.0
998,2021-10-18 06:33:43,7900.0,2000.0,6371800.0
999,2021-10-18 06:33:43,7900.0,20000.0,6369800.0
1000,2021-10-18 06:33:43,7900.0,2500.0,6349800.0
1001,2021-10-18 06:33:43,7900.0,300.0,6347300.0
1002,2021-10-18 06:33:37,7900.0,2900.0,6347000.0
1003,2021-10-18 06:33:32,7900.0,2000.0,6344100.0
1004,2021-10-18 06:33:30,7900.0,100.0,6342100.0
1005,2021-10-18 06:33:25,7900.0,200.0,6342000.0
1006,2021-10-18 06:33:17,7900.0,2000.0,6341800.0
1007,2021-10-18 06:33:15,7900.0,500.0,6339800.0
1008,2021-10-18 06:33:03,7900.0,2000.0,6339300.0
1009,2021-10-18 06:33:03,7900.0,1000.0,6337300.0
1010,2021-10-18 06:32:55,7890.0,1500.0,6336300.0
1011,2021-10-18 06:32:55,7890.0,500.0,6334800.0
1012,2021-10-18 06:32:55,7890.0,1000.0,6334300.0
1013,2021-10-18 06:32:55,7890.0,2000.0,6333300.0
1014,2021-10-18 06:32:37,7900.0,3000.0,6331300.0
1015,2021-10-18 06:32:37,7900.0,1000.0,6328300.0
1016,2021-10-18 06:32:34,7900.0,200.0,6327300.0
1017,2021-10-18 06:32:19,7900.0,1600.0,6327100.0
1018,2021-10-18 06:32:16,7900.0,3000.0,6325500.0
1019,2021-10-18 06:32:14,7900.0,1400.0,6322500.0
1020,2021-10-18 06:32:13,7900.0,600.0,6321100.0
1021,2021-10-18 06:32:13,7900.0,4400.0,6320500.0
1022,2021-10-18 06:32:11,7900.0,5000.0,6316100.0
1023,2021-10-18 06:32:10,7900.0,4000.0,6311100.0
1024,2021-10-18 06:32:03,7900.0,1000.0,6307100.0
1025,2021-10-18 06:32:00,7900.0,100.0,6306100.0
1026,2021-10-18 06:31:51,7890.0,3000.0,6306000.0
1027,2021-10-18 06:31:51,7900.0,600.0,6303000.0
1028,2021-10-18 06:31:51,7900.0,5000.0,6302400.0
1029,2021-10-18 06:31:51,7900.0,10000.0,6297400.0
1030,2021-10-18 06:31:51,7900.0,700.0,6287400.0
1031,2021-10-18 06:31:51,7900.0,700.0,6286700.0
1032,2021-10-18 06:31:28,7900.0,1300.0,6286000.0
1033,2021-10-18 06:31:28,7900.0,100.0,6284700.0
1034,2021-10-18 06:31:28,7900.0,300.0,6284600.0
1035,2021-10-18 06:31:27,7900.0,5000.0,6284300.0
1036,2021-10-18 06:31:07,7900.0,200.0,6279300.0
1037,2021-10-18 06:31:07,7900.0,4500.0,6279100.0
1038,2021-10-18 06:31:07,7900.0,500.0,6274600.0
1039,2021-10-18 06:30:51,7900.0,500.0,6274100.0
1040,2021-10-18 06:30:51,7900.0,300.0,6273600.0
1041,2021-10-18 06:30:51,7900.0,2000.0,6273300.0
1042,2021-10-18 06:30:51,7900.0,100.0,6271300.0
1043,2021-10-18 06:30:46,7900.0,400.0,6271200.0
1044,2021-10-18 06:30:46,7900.0,500.0,6270800.0
1045,2021-10-18 06:30:46,7900.0,600.0,6270300.0
1046,2021-10-18 06:30:46,7900.0,100.0,6269700.0
1047,2021-10-18 06:30:46,7900.0,400.0,6269600.0
1048,2021-10-18 06:30:46,7900.0,100.0,6269200.0
1049,2021-10-18 06:30:46,7900.0,500.0,6269100.0
1050,2021-10-18 06:30:46,7900.0,200.0,6268600.0
1051,2021-10-18 06:30:46,7900.0,1000.0,6268400.0
1052,2021-10-18 06:30:46,7900.0,700.0,6267400.0
1053,2021-10-18 06:30:46,7900.0,200.0,6266700.0
1054,2021-10-18 06:30:46,7900.0,100.0,6266500.0
1055,2021-10-18 06:30:46,7900.0,100.0,6266400.0
1056,2021-10-18 06:30:46,7900.0,5000.0,6266300.0
1057,2021-10-18 06:30:46,7900.0,7000.0,6261300.0
1058,2021-10-18 06:30:46,7900.0,200.0,6254300.0
1059,2021-10-18 06:30:46,7900.0,4000.0,6254100.0
1060,2021-10-18 06:30:46,7900.0,500.0,6250100.0
1061,2021-10-18 06:30:46,7900.0,5000.0,6249600.0
1062,2021-10-18 06:30:46,7900.0,2000.0,6244600.0
1063,2021-10-18 06:30:46,7900.0,100.0,6242600.0
1064,2021-10-18 06:30:46,7900.0,2000.0,6242500.0
1065,2021-10-18 06:30:46,7900.0,1200.0,6240500.0
1066,2021-10-18 06:30:46,7900.0,8100.0,6239300.0
1067,2021-10-18 06:30:37,7900.0,200.0,6231200.0
1068,2021-10-18 06:30:36,7900.0,100.0,6231000.0
1069,2021-10-18 06:30:33,7920.0,4600.0,6230900.0
1070,2021-10-18 06:30:33,7910.0,5400.0,6226300.0
1071,2021-10-18 06:30:23,7910.0,8000.0,6220900.0
1072,2021-10-18 06:30:16,7910.0,1000.0,6212900.0
1073,2021-10-18 06:30:16,7910.0,600.0,6211900.0
1074,2021-10-18 06:30:15,7910.0,20000.0,6211300.0
1075,2021-10-18 06:30:01,7910.0,29400.0,6191300.0
1076,2021-10-18 06:30:01,7910.0,2000.0,6161900.0
1077,2021-10-18 06:30:01,7910.0,2000.0,6159900.0
1078,2021-10-18 06:30:01,7910.0,100.0,6157900.0
1079,2021-10-18 06:30:01,7910.0,1500.0,6157800.0
1080,2021-10-18 06:30:01,7910.0,500.0,6156300.0
1081,2021-10-18 06:30:01,7910.0,3000.0,6155800.0
1082,2021-10-18 06:30:01,7910.0,500.0,6152800.0
1083,2021-10-18 06:30:01,7910.0,5000.0,6152300.0
1084,2021-10-18 06:30:01,7910.0,19000.0,6147300.0
1085,2021-10-18 06:30:01,7910.0,4200.0,6128300.0
1086,2021-10-18 06:30:01,7920.0,5000.0,6124100.0
1087,2021-10-18 06:30:01,7920.0,7800.0,6119100.0
1088,2021-10-18 06:29:54,7930.0,5600.0,6111300.0
1089,2021-10-18 06:29:54,7930.0,2000.0,6105700.0
1090,2021-10-18 06:29:54,7930.0,3700.0,6103700.0
1091,2021-10-18 06:29:54,7930.0,3500.0,6100000.0
1092,2021-10-18 06:29:54,7930.0,200.0,6096500.0
1093,2021-10-18 06:29:38,7920.0,30000.0,6096300.0
1094,2021-10-18 06:29:36,7920.0,1000.0,6066300.0
1095,2021-10-18 06:29:33,7920.0,10000.0,6065300.0
1096,2021-10-18 06:29:06,7930.0,200.0,6055300.0
1097,2021-10-18 06:28:53,7920.0,1100.0,6055100.0
1098,2021-10-18 06:28:37,7920.0,100.0,6054000.0
1099,2021-10-18 06:28:27,7930.0,100.0,6053900.0
1100,2021-10-18 06:28:14,7930.0,1000.0,6053800.0
1101,2021-10-18 06:28:14,7930.0,18500.0,6052800.0
1102,2021-10-18 06:28:14,7930.0,10000.0,6034300.0
1103,2021-10-18 06:27:49,7940.0,100.0,6024300.0
1104,2021-10-18 06:27:48,7930.0,300.0,6024200.0
1105,2021-10-18 06:27:29,7930.0,13000.0,6023900.0
1106,2021-10-18 06:27:29,7930.0,3300.0,6010900.0
1107,2021-10-18 06:27:29,7930.0,200.0,6007600.0
1108,2021-10-18 06:27:29,7930.0,4700.0,6007400.0
1109,2021-10-18 06:27:26,7930.0,600.0,6002700.0
1110,2021-10-18 06:27:13,7930.0,100.0,6002100.0
1111,2021-10-18 06:27:01,7920.0,5000.0,6002000.0
1112,2021-10-18 06:26:50,7930.0,9800.0,5997000.0
1113,2021-10-18 06:26:50,7920.0,200.0,5987200.0
1114,2021-10-18 06:26:43,7920.0,500.0,5987000.0
1115,2021-10-18 06:26:39,7930.0,24800.0,5986500.0
1116,2021-10-18 06:26:39,7930.0,25200.0,5961700.0
1117,2021-10-18 06:26:38,7910.0,5800.0,5936500.0
1118,2021-10-18 06:26:38,7910.0,3000.0,5930700.0
1119,2021-10-18 06:26:38,7920.0,1000.0,5927700.0
1120,2021-10-18 06:26:38,7920.0,500.0,5926700.0
1121,2021-10-18 06:26:38,7920.0,1800.0,5926200.0
1122,2021-10-18 06:26:35,7920.0,3200.0,5924400.0
1123,2021-10-18 06:26:35,7920.0,500.0,5921200.0
1124,2021-10-18 06:26:35,7920.0,200.0,5920700.0
1125,2021-10-18 06:26:35,7920.0,900.0,5920500.0
1126,2021-10-18 06:26:35,7920.0,2000.0,5919600.0
1127,2021-10-18 06:26:35,7920.0,43200.0,5917600.0
1128,2021-10-18 06:26:31,7930.0,11000.0,5874400.0
1129,2021-10-18 06:26:19,7930.0,2000.0,5863400.0
1130,2021-10-18 06:26:19,7930.0,800.0,5861400.0
1131,2021-10-18 06:26:19,7930.0,11000.0,5860600.0
1132,2021-10-18 06:26:13,7930.0,34000.0,5849600.0
1133,2021-10-18 06:26:13,7930.0,1500.0,5815600.0
1134,2021-10-18 06:26:13,7930.0,10000.0,5814100.0
1135,2021-10-18 06:26:13,7930.0,200.0,5804100.0
1136,2021-10-18 06:26:13,7930.0,1000.0,5803900.0
1137,2021-10-18 06:26:13,7930.0,3300.0,5802900.0
1138,2021-10-18 06:25:44,7930.0,1700.0,5799600.0
1139,2021-10-18 06:25:44,7930.0,200.0,5797900.0
1140,2021-10-18 06:25:44,7930.0,1000.0,5797700.0
1141,2021-10-18 06:25:44,7930.0,1000.0,5796700.0
1142,2021-10-18 06:25:44,7930.0,26100.0,5795700.0
1143,2021-10-18 06:24:46,7930.0,1900.0,5769600.0
1144,2021-10-18 06:24:41,7940.0,2000.0,5767700.0
1145,2021-10-18 06:24:41,7930.0,1000.0,5765700.0
1146,2021-10-18 06:24:26,7930.0,1600.0,5764700.0
1147,2021-10-18 06:24:14,7940.0,800.0,5763100.0
1148,2021-10-18 06:23:52,7930.0,1900.0,5762300.0
1149,2021-10-18 06:23:47,7930.0,1000.0,5760400.0
1150,2021-10-18 06:23:21,7940.0,2000.0,5759400.0
1151,2021-10-18 06:23:21,7940.0,6500.0,5757400.0
1152,2021-10-18 06:23:21,7940.0,500.0,5750900.0
1153,2021-10-18 06:23:21,7940.0,3500.0,5750400.0
1154,2021-10-18 06:23:21,7940.0,7200.0,5746900.0
1155,2021-10-18 06:23:21,7940.0,10000.0,5739700.0
1156,2021-10-18 06:23:06,7940.0,200.0,5729700.0
1157,2021-10-18 06:23:06,7940.0,100.0,5729500.0
1158,2021-10-18 06:23:02,7940.0,100.0,5729400.0
1159,2021-10-18 06:22:49,7940.0,100.0,5729300.0
1160,2021-10-18 06:22:47,7940.0,100.0,5729200.0
1161,2021-10-18 06:22:42,7940.0,1000.0,5729100.0
1162,2021-10-18 06:22:42,7940.0,200.0,5728100.0
1163,2021-10-18 06:22:42,7940.0,30000.0,5727900.0
1164,2021-10-18 06:22:42,7940.0,1000.0,5697900.0
1165,2021-10-18 06:22:42,7930.0,5500.0,5696900.0
1166,2021-10-18 06:22:34,7930.0,4000.0,5691400.0
1167,2021-10-18 06:22:31,7930.0,3000.0,5687400.0
1168,2021-10-18 06:22:26,7930.0,500.0,5684400.0
1169,2021-10-18 06:22:24,7930.0,1000.0,5683900.0
1170,2021-10-18 06:22:20,7930.0,500.0,5682900.0
1171,2021-10-18 06:22:09,7930.0,600.0,5682400.0
1172,2021-10-18 06:21:20,7930.0,100.0,5681800.0
1173,2021-10-18 06:21:04,7930.0,1300.0,5681700.0
1174,2021-10-18 06:21:04,7930.0,500.0,5680400.0
1175,2021-10-18 06:21:04,7930.0,3000.0,5679900.0
1176,2021-10-18 06:21:04,7930.0,500.0,5676900.0
1177,2021-10-18 06:21:04,7930.0,6100.0,5676400.0
1178,2021-10-18 06:21:04,7940.0,8600.0,5670300.0
1179,2021-10-18 06:20:59,7940.0,5900.0,5661700.0
1180,2021-10-18 06:20:59,7940.0,15500.0,5655800.0
1181,2021-10-18 06:20:26,7940.0,4500.0,5640300.0
1182,2021-10-18 06:20:23,7950.0,1000.0,5635800.0
1183,2021-10-18 06:20:23,7950.0,9100.0,5634800.0
1184,2021-10-18 06:20:23,7940.0,300.0,5625700.0
1185,2021-10-18 06:20:23,7940.0,400.0,5625400.0
1186,2021-10-18 06:20:23,7940.0,1500.0,5625000.0
1187,2021-10-18 06:20:23,7940.0,700.0,5623500.0
1188,2021-10-18 06:20:15,7940.0,2000.0,5622800.0
1189,2021-10-18 06:19:49,7930.0,2900.0,5620800.0
1190,2021-10-18 06:19:49,7930.0,2000.0,5617900.0
1191,2021-10-18 06:19:49,7930.0,13100.0,5615900.0
1192,2021-10-18 06:19:48,7940.0,300.0,5602800.0
1193,2021-10-18 06:19:18,7940.0,1100.0,5602500.0
1194,2021-10-18 06:19:14,7940.0,1000.0,5601400.0
1195,2021-10-18 06:19:12,7940.0,400.0,5600400.0
1196,2021-10-18 06:18:58,7940.0,1000.0,5600000.0
1197,2021-10-18 06:18:35,7940.0,4600.0,5599000.0
1198,2021-10-18 06:18:35,7940.0,5400.0,5594400.0
1199,2021-10-18 06:18:23,7930.0,900.0,5589000.0
1200,2021-10-18 06:18:22,7930.0,200.0,5588100.0
1201,2021-10-18 06:18:12,7930.0,2000.0,5587900.0
1202,2021-10-18 06:18:08,7930.0,1500.0,5585900.0
1203,2021-10-18 06:17:59,7930.0,3500.0,5584400.0
1204,2021-10-18 06:17:55,7940.0,14600.0,5580900.0
1205,2021-10-18 06:17:55,7940.0,400.0,5566300.0
1206,2021-10-18 06:17:49,7930.0,400.0,5565900.0
1207,2021-10-18 06:17:47,7940.0,200.0,5565500.0
1208,2021-10-18 06:17:45,7930.0,700.0,5565300.0
1209,2021-10-18 06:17:43,7930.0,500.0,5564600.0
1210,2021-10-18 06:17:08,7930.0,2200.0,5564100.0
1211,2021-10-18 06:17:08,7930.0,500.0,5561900.0
1212,2021-10-18 06:17:08,7930.0,100.0,5561400.0
1213,2021-10-18 06:17:08,7930.0,1800.0,5561300.0
1214,2021-10-18 06:17:08,7930.0,1400.0,5559500.0
1215,2021-10-18 06:17:07,7930.0,3600.0,5558100.0
1216,2021-10-18 06:17:07,7930.0,100.0,5554500.0
1217,2021-10-18 06:17:07,7930.0,300.0,5554400.0
1218,2021-10-18 06:17:07,7930.0,1000.0,5554100.0
1219,2021-10-18 06:17:02,7940.0,1000.0,5553100.0
1220,2021-10-18 06:17:02,7940.0,6000.0,5552100.0
1221,2021-10-18 06:17:02,7940.0,400.0,5546100.0
1222,2021-10-18 06:17:02,7940.0,5000.0,5545700.0
1223,2021-10-18 06:17:02,7940.0,2000.0,5540700.0
1224,2021-10-18 06:16:56,7940.0,13000.0,5538700.0
1225,2021-10-18 06:16:25,7950.0,8000.0,5525700.0
1226,2021-10-18 06:16:25,7950.0,12900.0,5517700.0
1227,2021-10-18 06:16:21,7950.0,7100.0,5504800.0
1228,2021-10-18 06:16:21,7950.0,500.0,5497700.0
1229,2021-10-18 06:16:21,7950.0,10000.0,5497200.0
1230,2021-10-18 06:16:21,7950.0,2000.0,5487200.0
1231,2021-10-18 06:16:21,7950.0,100.0,5485200.0
1232,2021-10-18 06:16:21,7950.0,500.0,5485100.0
1233,2021-10-18 06:16:21,7950.0,1000.0,5484600.0
1234,2021-10-18 06:16:21,7950.0,200.0,5483600.0
1235,2021-10-18 06:16:21,7950.0,1000.0,5483400.0
1236,2021-10-18 06:16:21,7950.0,1200.0,5482400.0
1237,2021-10-18 06:16:21,7950.0,100.0,5481200.0
1238,2021-10-18 06:16:21,7950.0,100.0,5481100.0
1239,2021-10-18 06:16:21,7950.0,5200.0,5481000.0
1240,2021-10-18 06:16:18,7950.0,18600.0,5475800.0
1241,2021-10-18 06:16:18,7950.0,200.0,5457200.0
1242,2021-10-18 06:16:18,7950.0,7000.0,5457000.0
1243,2021-10-18 06:16:18,7950.0,4200.0,5450000.0
1244,2021-10-18 06:16:17,7960.0,100.0,5445800.0
1245,2021-10-18 06:16:16,7950.0,1300.0,5445700.0
1246,2021-10-18 06:16:13,7960.0,6000.0,5444400.0
1247,2021-10-18 06:15:06,7960.0,1300.0,5438400.0
1248,2021-10-18 06:14:55,7960.0,10000.0,5437100.0
1249,2021-10-18 06:14:53,7960.0,5000.0,5427100.0
1250,2021-10-18 06:14:49,7960.0,3200.0,5422100.0
1251,2021-10-18 06:14:43,7960.0,5000.0,5418900.0
1252,2021-10-18 06:14:43,7960.0,300.0,5413900.0
1253,2021-10-18 06:14:43,7960.0,100.0,5413600.0
1254,2021-10-18 06:14:43,7960.0,7300.0,5413500.0
1255,2021-10-18 06:14:42,7960.0,20000.0,5406200.0
1256,2021-10-18 06:14:36,7960.0,100.0,5386200.0
1257,2021-10-18 06:14:36,7960.0,1000.0,5386100.0
1258,2021-10-18 06:14:26,7960.0,1600.0,5385100.0
1259,2021-10-18 06:14:26,7960.0,100.0,5383500.0
1260,2021-10-18 06:14:26,7960.0,900.0,5383400.0
1261,2021-10-18 06:14:26,7960.0,100.0,5382500.0
1262,2021-10-18 06:14:26,7960.0,1000.0,5382400.0
1263,2021-10-18 06:14:26,7960.0,5000.0,5381400.0
1264,2021-10-18 06:14:26,7960.0,3000.0,5376400.0
1265,2021-10-18 06:14:11,7960.0,5000.0,5373400.0
1266,2021-10-18 06:14:11,7960.0,100.0,5368400.0
1267,2021-10-18 06:14:01,7960.0,100.0,5368300.0
1268,2021-10-18 06:13:54,7960.0,1000.0,5368200.0
1269,2021-10-18 06:13:46,7960.0,800.0,5367200.0
1270,2021-10-18 06:13:46,7960.0,49200.0,5366400.0
1271,2021-10-18 06:13:43,7960.0,100.0,5317200.0
1272,2021-10-18 06:13:41,7960.0,700.0,5317100.0
1273,2021-10-18 06:13:41,7960.0,7300.0,5316400.0
1274,2021-10-18 06:13:21,7960.0,900.0,5309100.0
1275,2021-10-18 06:13:15,7960.0,800.0,5308200.0
1276,2021-10-18 06:12:57,7960.0,1000.0,5307400.0
1277,2021-10-18 06:12:57,7960.0,200.0,5306400.0
1278,2021-10-18 06:12:57,7960.0,300.0,5306200.0
1279,2021-10-18 06:12:57,7960.0,1700.0,5305900.0
1280,2021-10-18 06:12:57,7960.0,5000.0,5304200.0
1281,2021-10-18 06:12:57,7960.0,100.0,5299200.0
1282,2021-10-18 06:12:57,7960.0,200.0,5299100.0
1283,2021-10-18 06:12:54,7970.0,900.0,5298900.0
1284,2021-10-18 06:12:31,7970.0,900.0,5298000.0
1285,2021-10-18 06:12:31,7970.0,1000.0,5297100.0
1286,2021-10-18 06:12:31,7970.0,500.0,5296100.0
1287,2021-10-18 06:12:31,7970.0,1000.0,5295600.0
1288,2021-10-18 06:12:31,7970.0,1000.0,5294600.0
1289,2021-10-18 06:12:31,7970.0,15600.0,5293600.0
1290,2021-10-18 06:12:30,7960.0,1000.0,5278000.0
1291,2021-10-18 06:12:22,7960.0,2000.0,5277000.0
1292,2021-10-18 06:12:13,7960.0,3000.0,5275000.0
1293,2021-10-18 06:12:05,7970.0,200.0,5272000.0
1294,2021-10-18 06:12:03,7960.0,1000.0,5271800.0
1295,2021-10-18 06:12:02,7960.0,100.0,5270800.0
1296,2021-10-18 06:12:02,7960.0,400.0,5270700.0
1297,2021-10-18 06:12:02,7960.0,2300.0,5270300.0
1298,2021-10-18 06:11:48,7960.0,500.0,5268000.0
1299,2021-10-18 06:11:48,7960.0,200.0,5267500.0
1300,2021-10-18 06:11:39,7960.0,300.0,5267300.0
1301,2021-10-18 06:11:39,7960.0,100.0,5267000.0
1302,2021-10-18 06:11:39,7960.0,100.0,5266900.0
1303,2021-10-18 06:11:07,7960.0,2000.0,5266800.0
1304,2021-10-18 06:11:07,7960.0,100.0,5264800.0
1305,2021-10-18 06:11:07,7960.0,800.0,5264700.0
1306,2021-10-18 06:11:04,7960.0,300.0,5263900.0
1307,2021-10-18 06:10:56,7960.0,400.0,5263600.0
1308,2021-10-18 06:10:39,7960.0,2000.0,5263200.0
1309,2021-10-18 06:10:21,7970.0,29800.0,5261200.0
1310,2021-10-18 06:10:21,7960.0,20200.0,5231400.0
1311,2021-10-18 06:10:15,7960.0,200.0,5211200.0
1312,2021-10-18 06:10:15,7960.0,10000.0,5211000.0
1313,2021-10-18 06:10:15,7960.0,17800.0,5201000.0
1314,2021-10-18 06:10:15,7960.0,1800.0,5183200.0
1315,2021-10-18 06:10:13,7970.0,4400.0,5181400.0
1316,2021-10-18 06:10:13,7970.0,600.0,5177000.0
1317,2021-10-18 06:10:10,7970.0,13600.0,5176400.0
1318,2021-10-18 06:10:10,7970.0,500.0,5162800.0
1319,2021-10-18 06:10:10,7970.0,600.0,5162300.0
1320,2021-10-18 06:10:10,7970.0,1300.0,5161700.0
1321,2021-10-18 06:09:56,7970.0,500.0,5160400.0
1322,2021-10-18 06:09:22,7970.0,7000.0,5159900.0
1323,2021-10-18 06:09:20,7970.0,1200.0,5152900.0
1324,2021-10-18 06:09:20,7970.0,1000.0,5151700.0
1325,2021-10-18 06:09:20,7970.0,500.0,5150700.0
1326,2021-10-18 06:09:20,7970.0,500.0,5150200.0
1327,2021-10-18 06:09:20,7970.0,1000.0,5149700.0
1328,2021-10-18 06:09:20,7970.0,100.0,5148700.0
1329,2021-10-18 06:09:20,7970.0,100.0,5148600.0
1330,2021-10-18 06:09:20,7970.0,600.0,5148500.0
1331,2021-10-18 06:09:12,7970.0,400.0,5147900.0
1332,2021-10-18 06:09:12,7970.0,2700.0,5147500.0
1333,2021-10-18 06:09:04,7970.0,1300.0,5144800.0
1334,2021-10-18 06:09:04,7970.0,200.0,5143500.0
1335,2021-10-18 06:09:04,7970.0,5000.0,5143300.0
1336,2021-10-18 06:09:04,7970.0,3500.0,5138300.0
1337,2021-10-18 06:09:04,7970.0,1200.0,5134800.0
1338,2021-10-18 06:09:04,7970.0,1000.0,5133600.0
1339,2021-10-18 06:09:04,7970.0,2000.0,5132600.0
1340,2021-10-18 06:09:04,7970.0,1500.0,5130600.0
1341,2021-10-18 06:09:04,7970.0,3000.0,5129100.0
1342,2021-10-18 06:09:04,7970.0,1900.0,5126100.0
1343,2021-10-18 06:08:44,7970.0,100.0,5124200.0
1344,2021-10-18 06:08:36,7970.0,100.0,5124100.0
1345,2021-10-18 06:08:29,7970.0,1000.0,5124000.0
1346,2021-10-18 06:08:13,7970.0,1900.0,5123000.0
1347,2021-10-18 06:08:13,7970.0,3000.0,5121100.0
1348,2021-10-18 06:08:13,7970.0,100.0,5118100.0
1349,2021-10-18 06:08:13,7970.0,5000.0,5118000.0
1350,2021-10-18 06:08:13,7970.0,5000.0,5113000.0
1351,2021-10-18 06:08:05,7960.0,2200.0,5108000.0
1352,2021-10-18 06:07:58,7960.0,2800.0,5105800.0
1353,2021-10-18 06:07:58,7960.0,200.0,5103000.0
1354,2021-10-18 06:07:58,7960.0,400.0,5102800.0
1355,2021-10-18 06:07:58,7960.0,400.0,5102400.0
1356,2021-10-18 06:07:58,7960.0,100.0,5102000.0
1357,2021-10-18 06:07:58,7960.0,1100.0,5101900.0
1358,2021-10-18 06:07:52,7960.0,200.0,5100800.0
1359,2021-10-18 06:07:50,7960.0,3000.0,5100600.0
1360,2021-10-18 06:07:43,7960.0,100.0,5097600.0
1361,2021-10-18 06:07:43,7960.0,100.0,5097500.0
1362,2021-10-18 06:07:43,7960.0,800.0,5097400.0
1363,2021-10-18 06:07:41,7960.0,1200.0,5096600.0
1364,2021-10-18 06:07:41,7960.0,100.0,5095400.0
1365,2021-10-18 06:07:41,7960.0,8700.0,5095300.0
1366,2021-10-18 06:07:33,7950.0,1100.0,5086600.0
1367,2021-10-18 06:07:33,7960.0,1400.0,5085500.0
1368,2021-10-18 06:07:21,7960.0,100.0,5084100.0
1369,2021-10-18 06:07:14,7960.0,5000.0,5084000.0
1370,2021-10-18 06:07:12,7960.0,3300.0,5079000.0
1371,2021-10-18 06:06:53,7960.0,27500.0,5075700.0
1372,2021-10-18 06:06:53,7960.0,100.0,5048200.0
1373,2021-10-18 06:06:53,7960.0,5000.0,5048100.0
1374,2021-10-18 06:06:53,7960.0,1000.0,5043100.0
1375,2021-10-18 06:06:53,7960.0,1000.0,5042100.0
1376,2021-10-18 06:06:53,7960.0,1000.0,5041100.0
1377,2021-10-18 06:06:53,7960.0,400.0,5040100.0
1378,2021-10-18 06:06:53,7960.0,3000.0,5039700.0
1379,2021-10-18 06:06:53,7960.0,100.0,5036700.0
1380,2021-10-18 06:06:53,7960.0,2900.0,5036600.0
1381,2021-10-18 06:06:47,7960.0,2100.0,5033700.0
1382,2021-10-18 06:06:47,7960.0,600.0,5031600.0
1383,2021-10-18 06:06:47,7960.0,500.0,5031000.0
1384,2021-10-18 06:06:47,7960.0,100.0,5030500.0
1385,2021-10-18 06:06:46,7960.0,1900.0,5030400.0
1386,2021-10-18 06:06:46,7960.0,2500.0,5028500.0
1387,2021-10-18 06:06:44,7960.0,500.0,5026000.0
1388,2021-10-18 06:06:40,7960.0,15000.0,5025500.0
1389,2021-10-18 06:06:25,7960.0,200.0,5010500.0
1390,2021-10-18 06:06:25,7960.0,500.0,5010300.0
1391,2021-10-18 06:06:25,7960.0,300.0,5009800.0
1392,2021-10-18 06:06:19,7960.0,200.0,5009500.0
1393,2021-10-18 06:06:11,7950.0,5000.0,5009300.0
1394,2021-10-18 06:06:11,7950.0,600.0,5004300.0
1395,2021-10-18 06:06:11,7950.0,500.0,5003700.0
1396,2021-10-18 06:06:11,7950.0,1000.0,5003200.0
1397,2021-10-18 06:06:11,7950.0,100.0,5002200.0
1398,2021-10-18 06:06:11,7950.0,3500.0,5002100.0
1399,2021-10-18 06:06:11,7950.0,1000.0,4998600.0
1400,2021-10-18 06:06:11,7950.0,3000.0,4997600.0
1401,2021-10-18 06:06:11,7950.0,200.0,4994600.0
1402,2021-10-18 06:06:11,7950.0,3500.0,4994400.0
1403,2021-10-18 06:06:11,7950.0,100.0,4990900.0
1404,2021-10-18 06:06:11,7950.0,600.0,4990800.0
1405,2021-10-18 06:06:11,7950.0,100.0,4990200.0
1406,2021-10-18 06:06:11,7950.0,1000.0,4990100.0
1407,2021-10-18 06:06:11,7950.0,1000.0,4989100.0
1408,2021-10-18 06:06:11,7950.0,1000.0,4988100.0
1409,2021-10-18 06:06:11,7950.0,500.0,4987100.0
1410,2021-10-18 06:06:11,7950.0,70700.0,4986600.0
1411,2021-10-18 06:05:56,7950.0,6000.0,4915900.0
1412,2021-10-18 06:05:55,7950.0,9800.0,4909900.0
1413,2021-10-18 06:05:51,7940.0,1000.0,4900100.0
1414,2021-10-18 06:05:50,7950.0,5000.0,4899100.0
1415,2021-10-18 06:05:48,7950.0,8500.0,4894100.0
1416,2021-10-18 06:05:48,7950.0,100.0,4885600.0
1417,2021-10-18 06:05:48,7950.0,100.0,4885500.0
1418,2021-10-18 06:05:48,7950.0,100.0,4885400.0
1419,2021-10-18 06:05:48,7950.0,4200.0,4885300.0
1420,2021-10-18 06:05:15,7950.0,500.0,4881100.0
1421,2021-10-18 06:05:07,7940.0,500.0,4880600.0
1422,2021-10-18 06:04:57,7940.0,200.0,4880100.0
1423,2021-10-18 06:04:00,7940.0,2000.0,4879900.0
1424,2021-10-18 06:03:57,7940.0,1900.0,4877900.0
1425,2021-10-18 06:03:49,7940.0,100.0,4876000.0
1426,2021-10-18 06:03:45,7940.0,10000.0,4875900.0
1427,2021-10-18 06:03:28,7940.0,2000.0,4865900.0
1428,2021-10-18 06:02:57,7940.0,100.0,4863900.0
1429,2021-10-18 06:02:57,7940.0,1000.0,4863800.0
1430,2021-10-18 06:02:48,7940.0,100.0,4862800.0
1431,2021-10-18 06:02:46,7940.0,500.0,4862700.0
1432,2021-10-18 06:02:46,7940.0,500.0,4862200.0
1433,2021-10-18 06:02:46,7940.0,1000.0,4861700.0
1434,2021-10-18 06:02:46,7940.0,1800.0,4860700.0
1435,2021-10-18 06:02:33,7940.0,100.0,4858900.0
1436,2021-10-18 06:02:19,7940.0,2000.0,4858800.0
1437,2021-10-18 06:02:17,7940.0,700.0,4856800.0
1438,2021-10-18 06:01:49,7940.0,100.0,4856100.0
1439,2021-10-18 06:01:37,7940.0,2000.0,4856000.0
1440,2021-10-18 06:01:37,7940.0,2000.0,4854000.0
1441,2021-10-18 06:01:37,7940.0,1000.0,4852000.0
1442,2021-10-18 06:01:37,7940.0,300.0,4851000.0
1443,2021-10-18 06:01:25,7940.0,100.0,4850700.0
1444,2021-10-18 06:01:25,7940.0,200.0,4850600.0
1445,2021-10-18 06:01:13,7940.0,300.0,4850400.0
1446,2021-10-18 06:01:13,7940.0,500.0,4850100.0
1447,2021-10-18 06:01:09,7940.0,100.0,4849600.0
1448,2021-10-18 06:01:00,7940.0,500.0,4849500.0
1449,2021-10-18 06:00:39,7940.0,200.0,4849000.0
1450,2021-10-18 06:00:28,7930.0,400.0,4848800.0
1451,2021-10-18 06:00:26,7940.0,5700.0,4848400.0
1452,2021-10-18 06:00:21,7940.0,200.0,4842700.0
1453,2021-10-18 06:00:20,7950.0,2000.0,4842500.0
1454,2021-10-18 06:00:18,7940.0,4100.0,4840500.0
1455,2021-10-18 06:00:15,7940.0,2700.0,4836400.0
1456,2021-10-18 06:00:15,7940.0,100.0,4833700.0
1457,2021-10-18 06:00:13,7940.0,300.0,4833600.0
1458,2021-10-18 06:00:13,7940.0,200.0,4833300.0
1459,2021-10-18 06:00:12,7940.0,100.0,4833100.0
1460,2021-10-18 06:00:11,7940.0,200.0,4833000.0
1461,2021-10-18 06:00:11,7940.0,200.0,4832800.0
1462,2021-10-18 06:00:11,7940.0,200.0,4832600.0
1463,2021-10-18 06:00:11,7940.0,24700.0,4832400.0
1464,2021-10-18 06:00:07,7950.0,2900.0,4807700.0
1465,2021-10-18 06:00:06,7950.0,400.0,4804800.0
1466,2021-10-18 06:00:06,7950.0,1000.0,4804400.0
1467,2021-10-18 06:00:06,7950.0,1800.0,4803400.0
1468,2021-10-18 06:00:06,7950.0,500.0,4801600.0
1469,2021-10-18 06:00:06,7950.0,3000.0,4801100.0
1470,2021-10-18 06:00:06,7950.0,100.0,4798100.0
1471,2021-10-18 06:00:06,7950.0,1500.0,4798000.0
1472,2021-10-18 06:00:06,7950.0,3500.0,4796500.0
1473,2021-10-18 06:00:06,7950.0,700.0,4793000.0
1474,2021-10-18 06:00:06,7950.0,1000.0,4792300.0
1475,2021-10-18 06:00:06,7950.0,5000.0,4791300.0
1476,2021-10-18 06:00:06,7950.0,100.0,4786300.0
1477,2021-10-18 06:00:06,7950.0,4900.0,4786200.0
1478,2021-10-18 06:00:06,7950.0,500.0,4781300.0
1479,2021-10-18 06:00:06,7950.0,2000.0,4780800.0
1480,2021-10-18 06:00:06,7950.0,3000.0,4778800.0
1481,2021-10-18 06:00:06,7950.0,1000.0,4775800.0
1482,2021-10-18 06:00:06,7950.0,1000.0,4774800.0
1483,2021-10-18 06:00:06,7950.0,200.0,4773800.0
1484,2021-10-18 06:00:06,7950.0,500.0,4773600.0
1485,2021-10-18 06:00:06,7950.0,200.0,4773100.0
1486,2021-10-18 06:00:06,7950.0,2000.0,4772900.0
1487,2021-10-18 06:00:06,7950.0,2000.0,4770900.0
1488,2021-10-18 06:00:06,7950.0,3900.0,4768900.0
1489,2021-10-18 06:00:06,7950.0,500.0,4765000.0
1490,2021-10-18 06:00:06,7950.0,1800.0,4764500.0
1491,2021-10-18 06:00:06,7950.0,100.0,4762700.0
1492,2021-10-18 06:00:06,7950.0,100.0,4762600.0
1493,2021-10-18 06:00:06,7950.0,3600.0,4762500.0
1494,2021-10-18 06:00:05,7950.0,1800.0,4758900.0
1495,2021-10-18 06:00:02,7940.0,4000.0,4757100.0
1496,2021-10-18 06:00:02,7940.0,1000.0,4753100.0
1497,2021-10-18 06:00:02,7940.0,300.0,4752100.0
1498,2021-10-18 06:00:01,7940.0,1000.0,4751800.0
1499,2021-10-18 06:00:01,7940.0,700.0,4750800.0
1500,2021-10-18 06:00:01,7940.0,100.0,4750100.0
1501,2021-10-18 06:00:01,7940.0,1200.0,4750000.0
1502,2021-10-18 06:00:01,7940.0,1800.0,4748800.0
1503,2021-10-18 06:00:01,7940.0,100.0,4747000.0
1504,2021-10-18 06:00:01,7940.0,1000.0,4746900.0
1505,2021-10-18 06:00:01,7940.0,2100.0,4745900.0
1506,2021-10-18 06:00:01,7940.0,200.0,4743800.0
1507,2021-10-18 06:00:01,7940.0,2000.0,4743600.0
1508,2021-10-18 06:00:01,7950.0,3000.0,4741600.0
1509,2021-10-18 06:00:01,7940.0,500.0,4738600.0
1510,2021-10-18 06:00:01,7940.0,2500.0,4738100.0
1511,2021-10-18 06:00:01,7940.0,1000.0,4735600.0
1512,2021-10-18 06:00:00,7940.0,1500.0,4734600.0
1513,2021-10-18 06:00:00,7940.0,5000.0,4733100.0
1514,2021-10-18 06:00:00,7940.0,100.0,4728100.0
1515,2021-10-18 06:00:00,7940.0,100.0,4728000.0
1516,2021-10-18 06:00:00,7950.0,600.0,4727900.0
1517,2021-10-18 06:00:00,7940.0,100.0,4727300.0
1518,2021-10-18 04:30:00,7940.0,1500.0,4727200.0
1519,2021-10-18 04:30:00,7940.0,500.0,4725700.0
1520,2021-10-18 04:30:00,7940.0,900.0,4725200.0
1521,2021-10-18 04:30:00,7940.0,300.0,4724300.0
1522,2021-10-18 04:29:45,7940.0,200.0,4724000.0
1523,2021-10-18 04:29:21,7940.0,2500.0,4723800.0
1524,2021-10-18 04:29:21,7940.0,1300.0,4721300.0
1525,2021-10-18 04:29:21,7940.0,6200.0,4720000.0
1526,2021-10-18 04:29:02,7940.0,3800.0,4713800.0
1527,2021-10-18 04:29:02,7940.0,5000.0,4710000.0
1528,2021-10-18 04:29:02,7940.0,9000.0,4705000.0
1529,2021-10-18 04:29:02,7940.0,1000.0,4696000.0
1530,2021-10-18 04:29:02,7940.0,1000.0,4695000.0
1531,2021-10-18 04:29:02,7940.0,200.0,4694000.0
1532,2021-10-18 04:28:41,7930.0,4000.0,4693800.0
1533,2021-10-18 04:27:58,7940.0,1900.0,4689800.0
1534,2021-10-18 04:27:58,7940.0,1800.0,4687900.0
1535,2021-10-18 04:27:58,7940.0,300.0,4686100.0
1536,2021-10-18 04:27:58,7930.0,300.0,4685800.0
1537,2021-10-18 04:27:40,7930.0,200.0,4685500.0
1538,2021-10-18 04:27:38,7930.0,200.0,4685300.0
1539,2021-10-18 04:27:37,7930.0,100.0,4685100.0
1540,2021-10-18 04:26:53,7930.0,15000.0,4685000.0
1541,2021-10-18 04:26:50,7930.0,100.0,4670000.0
1542,2021-10-18 04:26:33,7940.0,500.0,4669900.0
1543,2021-10-18 04:26:14,7940.0,1000.0,4669400.0
1544,2021-10-18 04:26:02,7940.0,2200.0,4668400.0
1545,2021-10-18 04:26:02,7940.0,2800.0,4666200.0
1546,2021-10-18 04:25:51,7940.0,200.0,4663400.0
1547,2021-10-18 04:25:51,7940.0,100.0,4663200.0
1548,2021-10-18 04:25:51,7940.0,700.0,4663100.0
1549,2021-10-18 04:25:49,7940.0,9300.0,4662400.0
1550,2021-10-18 04:25:49,7940.0,100.0,4653100.0
1551,2021-10-18 04:25:49,7940.0,600.0,4653000.0
1552,2021-10-18 04:25:45,7930.0,1000.0,4652400.0
1553,2021-10-18 04:25:34,7940.0,400.0,4651400.0
1554,2021-10-18 04:25:34,7940.0,1100.0,4651000.0
1555,2021-10-18 04:25:24,7940.0,1600.0,4649900.0
1556,2021-10-18 04:25:12,7940.0,300.0,4648300.0
1557,2021-10-18 04:25:12,7940.0,700.0,4648000.0
1558,2021-10-18 04:25:07,7940.0,1300.0,4647300.0
1559,2021-10-18 04:24:55,7940.0,100.0,4646000.0
1560,2021-10-18 04:24:41,7930.0,1000.0,4645900.0
1561,2021-10-18 04:24:23,7930.0,1000.0,4644900.0
1562,2021-10-18 04:24:05,7940.0,100.0,4643900.0
1563,2021-10-18 04:24:05,7930.0,400.0,4643800.0
1564,2021-10-18 04:24:03,7930.0,2300.0,4643400.0
1565,2021-10-18 04:24:03,7930.0,300.0,4641100.0
1566,2021-10-18 04:23:20,7940.0,500.0,4640800.0
1567,2021-10-18 04:23:10,7930.0,5000.0,4640300.0
1568,2021-10-18 04:23:03,7940.0,1000.0,4635300.0
1569,2021-10-18 04:22:37,7940.0,500.0,4634300.0
1570,2021-10-18 04:22:20,7940.0,2000.0,4633800.0
1571,2021-10-18 04:22:20,7940.0,3800.0,4631800.0
1572,2021-10-18 04:21:58,7940.0,1000.0,4628000.0
1573,2021-10-18 04:21:58,7940.0,5200.0,4627000.0
1574,2021-10-18 04:21:56,7940.0,2000.0,4621800.0
1575,2021-10-18 04:21:50,7940.0,2800.0,4619800.0
1576,2021-10-18 04:21:48,7940.0,5000.0,4617000.0
1577,2021-10-18 04:21:41,7940.0,500.0,4612000.0
1578,2021-10-18 04:21:20,7950.0,1000.0,4611500.0
1579,2021-10-18 04:21:15,7950.0,4000.0,4610500.0
1580,2021-10-18 04:21:08,7940.0,200.0,4606500.0
1581,2021-10-18 04:20:13,7950.0,1400.0,4606300.0
1582,2021-10-18 04:20:07,7950.0,500.0,4604900.0
1583,2021-10-18 04:19:31,7930.0,100.0,4604400.0
1584,2021-10-18 04:19:29,7950.0,25600.0,4604300.0
1585,2021-10-18 04:19:29,7940.0,3000.0,4578700.0
1586,2021-10-18 04:19:29,7940.0,200.0,4575700.0
1587,2021-10-18 04:19:29,7940.0,500.0,4575500.0
1588,2021-10-18 04:19:29,7940.0,3000.0,4575000.0
1589,2021-10-18 04:19:29,7940.0,2500.0,4572000.0
1590,2021-10-18 04:19:29,7940.0,1900.0,4569500.0
1591,2021-10-18 04:19:29,7930.0,3000.0,4567600.0
1592,2021-10-18 04:19:29,7930.0,1000.0,4564600.0
1593,2021-10-18 04:19:29,7930.0,100.0,4563600.0
1594,2021-10-18 04:19:29,7930.0,6400.0,4563500.0
1595,2021-10-18 04:19:29,7930.0,200.0,4557100.0
1596,2021-10-18 04:19:29,7930.0,500.0,4556900.0
1597,2021-10-18 04:19:29,7930.0,1000.0,4556400.0
1598,2021-10-18 04:19:29,7930.0,700.0,4555400.0
1599,2021-10-18 04:19:29,7930.0,5000.0,4554700.0
1600,2021-10-18 04:19:29,7930.0,11400.0,4549700.0
1601,2021-10-18 04:19:26,7930.0,100.0,4538300.0
1602,2021-10-18 04:19:18,7930.0,3200.0,4538200.0
1603,2021-10-18 04:19:15,7930.0,500.0,4535000.0
1604,2021-10-18 04:19:07,7920.0,200.0,4534500.0
1605,2021-10-18 04:19:07,7920.0,100.0,4534300.0
1606,2021-10-18 04:19:07,7920.0,1100.0,4534200.0
1607,2021-10-18 04:19:07,7920.0,5400.0,4533100.0
1608,2021-10-18 04:19:05,7920.0,3000.0,4527700.0
1609,2021-10-18 04:18:39,7920.0,1500.0,4524700.0
1610,2021-10-18 04:17:33,7920.0,100.0,4523200.0
1611,2021-10-18 04:17:33,7920.0,900.0,4523100.0
1612,2021-10-18 04:17:13,7900.0,1600.0,4522200.0
1613,2021-10-18 04:17:13,7900.0,400.0,4520600.0
1614,2021-10-18 04:15:58,7900.0,200.0,4520200.0
1615,2021-10-18 04:15:32,7900.0,500.0,4520000.0
1616,2021-10-18 04:15:32,7900.0,400.0,4519500.0
1617,2021-10-18 04:15:32,7900.0,200.0,4519100.0
1618,2021-10-18 04:15:32,7900.0,1000.0,4518900.0
1619,2021-10-18 04:15:32,7900.0,7300.0,4517900.0
1620,2021-10-18 04:15:24,7900.0,1000.0,4510600.0
1621,2021-10-18 04:15:17,7900.0,2000.0,4509600.0
1622,2021-10-18 04:15:15,7900.0,1000.0,4507600.0
1623,2021-10-18 04:15:09,7900.0,100.0,4506600.0
1624,2021-10-18 04:15:06,7900.0,1000.0,4506500.0
1625,2021-10-18 04:15:04,7900.0,700.0,4505500.0
1626,2021-10-18 04:15:01,7900.0,500.0,4504800.0
1627,2021-10-18 04:14:56,7900.0,200.0,4504300.0
1628,2021-10-18 04:14:53,7900.0,100.0,4504100.0
1629,2021-10-18 04:14:46,7900.0,5000.0,4504000.0
1630,2021-10-18 04:14:41,7900.0,1100.0,4499000.0
1631,2021-10-18 04:14:41,7900.0,900.0,4497900.0
1632,2021-10-18 04:14:26,7900.0,100.0,4497000.0
1633,2021-10-18 04:14:26,7900.0,900.0,4496900.0
1634,2021-10-18 04:14:25,7900.0,100.0,4496000.0
1635,2021-10-18 04:13:55,7900.0,4000.0,4495900.0
1636,2021-10-18 04:13:55,7900.0,5000.0,4491900.0
1637,2021-10-18 04:13:55,7900.0,1000.0,4486900.0
1638,2021-10-18 04:13:22,7900.0,10000.0,4485900.0
1639,2021-10-18 04:12:36,7890.0,200.0,4475900.0
1640,2021-10-18 04:12:22,7900.0,1000.0,4475700.0
1641,2021-10-18 04:12:01,7890.0,35300.0,4474700.0
1642,2021-10-18 04:12:01,7890.0,2700.0,4439400.0
1643,2021-10-18 04:12:01,7890.0,1000.0,4436700.0
1644,2021-10-18 04:12:01,7890.0,1000.0,4435700.0
1645,2021-10-18 04:11:53,7900.0,500.0,4434700.0
1646,2021-10-18 04:11:31,7900.0,2300.0,4434200.0
1647,2021-10-18 04:11:31,7900.0,3000.0,4431900.0
1648,2021-10-18 04:11:31,7900.0,100.0,4428900.0
1649,2021-10-18 04:11:31,7900.0,1000.0,4428800.0
1650,2021-10-18 04:11:31,7900.0,5000.0,4427800.0
1651,2021-10-18 04:11:31,7900.0,1100.0,4422800.0
1652,2021-10-18 04:10:52,7900.0,300.0,4421700.0
1653,2021-10-18 04:10:47,7900.0,400.0,4421400.0
1654,2021-10-18 04:10:41,7900.0,1700.0,4421000.0
1655,2021-10-18 04:10:32,7900.0,500.0,4419300.0
1656,2021-10-18 04:10:03,7920.0,100.0,4418800.0
1657,2021-10-18 04:10:03,7920.0,100.0,4418700.0
1658,2021-10-18 04:10:03,7910.0,100.0,4418600.0
1659,2021-10-18 04:09:48,7900.0,2000.0,4418500.0
1660,2021-10-18 04:09:46,7900.0,2000.0,4416500.0
1661,2021-10-18 04:08:54,7890.0,500.0,4414500.0
1662,2021-10-18 04:08:50,7890.0,3500.0,4414000.0
1663,2021-10-18 04:08:48,7890.0,5000.0,4410500.0
1664,2021-10-18 04:08:44,7890.0,500.0,4405500.0
1665,2021-10-18 04:08:43,7890.0,500.0,4405000.0
1666,2021-10-18 04:08:38,7890.0,500.0,4404500.0
1667,2021-10-18 04:07:55,7880.0,500.0,4404000.0
1668,2021-10-18 04:07:55,7880.0,100.0,4403500.0
1669,2021-10-18 04:07:55,7880.0,1000.0,4403400.0
1670,2021-10-18 04:07:55,7880.0,1400.0,4402400.0
1671,2021-10-18 04:07:47,7930.0,800.0,4401000.0
1672,2021-10-18 04:07:47,7920.0,2000.0,4400200.0
1673,2021-10-18 04:07:47,7920.0,1000.0,4398200.0
1674,2021-10-18 04:07:47,7920.0,6000.0,4397200.0
1675,2021-10-18 04:07:47,7920.0,200.0,4391200.0
1676,2021-10-18 04:07:47,7920.0,4000.0,4391000.0
1677,2021-10-18 04:07:47,7920.0,1200.0,4387000.0
1678,2021-10-18 04:07:47,7920.0,500.0,4385800.0
1679,2021-10-18 04:07:47,7920.0,500.0,4385300.0
1680,2021-10-18 04:07:47,7910.0,100.0,4384800.0
1681,2021-10-18 04:07:47,7910.0,1000.0,4384700.0
1682,2021-10-18 04:07:47,7910.0,1000.0,4383700.0
1683,2021-10-18 04:07:47,7910.0,500.0,4382700.0
1684,2021-10-18 04:07:47,7910.0,500.0,4382200.0
1685,2021-10-18 04:07:47,7900.0,1000.0,4381700.0
1686,2021-10-18 04:07:47,7900.0,5000.0,4380700.0
1687,2021-10-18 04:07:47,7900.0,400.0,4375700.0
1688,2021-10-18 04:07:47,7900.0,200.0,4375300.0
1689,2021-10-18 04:07:47,7900.0,4400.0,4375100.0
1690,2021-10-18 04:07:47,7900.0,300.0,4370700.0
1691,2021-10-18 04:07:47,7900.0,1000.0,4370400.0
1692,2021-10-18 04:07:47,7900.0,2000.0,4369400.0
1693,2021-10-18 04:07:47,7900.0,500.0,4367400.0
1694,2021-10-18 04:07:47,7900.0,1000.0,4366900.0
1695,2021-10-18 04:07:47,7900.0,6000.0,4365900.0
1696,2021-10-18 04:07:47,7900.0,5000.0,4359900.0
1697,2021-10-18 04:07:47,7900.0,2000.0,4354900.0
1698,2021-10-18 04:07:47,7900.0,300.0,4352900.0
1699,2021-10-18 04:07:47,7890.0,1600.0,4352600.0
1700,2021-10-18 04:07:31,7890.0,400.0,4351000.0
1701,2021-10-18 04:06:17,7880.0,200.0,4350600.0
1702,2021-10-18 04:06:17,7880.0,100.0,4350400.0
1703,2021-10-18 04:06:17,7880.0,1000.0,4350300.0
1704,2021-10-18 04:06:17,7880.0,3700.0,4349300.0
1705,2021-10-18 04:05:59,7880.0,1300.0,4345600.0
1706,2021-10-18 04:05:59,7880.0,400.0,4344300.0
1707,2021-10-18 04:05:59,7880.0,300.0,4343900.0
1708,2021-10-18 04:05:13,7880.0,700.0,4343600.0
1709,2021-10-18 04:05:13,7880.0,100.0,4342900.0
1710,2021-10-18 04:05:13,7880.0,1200.0,4342800.0
1711,2021-10-18 04:04:32,7880.0,2000.0,4341600.0
1712,2021-10-18 04:04:13,7880.0,5000.0,4339600.0
1713,2021-10-18 04:04:07,7880.0,1000.0,4334600.0
1714,2021-10-18 04:04:04,7880.0,700.0,4333600.0
1715,2021-10-18 04:03:36,7880.0,100.0,4332900.0
1716,2021-10-18 04:03:02,7900.0,500.0,4332800.0
1717,2021-10-18 04:03:02,7900.0,1700.0,4332300.0
1718,2021-10-18 04:03:02,7900.0,4500.0,4330600.0
1719,2021-10-18 04:03:02,7900.0,3300.0,4326100.0
1720,2021-10-18 04:03:01,7900.0,100.0,4322800.0
1721,2021-10-18 04:02:51,7900.0,6000.0,4322700.0
1722,2021-10-18 04:02:51,7900.0,100.0,4316700.0
1723,2021-10-18 04:02:51,7900.0,100.0,4316600.0
1724,2021-10-18 04:02:51,7900.0,2000.0,4316500.0
1725,2021-10-18 04:02:51,7900.0,200.0,4314500.0
1726,2021-10-18 04:02:51,7900.0,1200.0,4314300.0
1727,2021-10-18 04:02:51,7890.0,9000.0,4313100.0
1728,2021-10-18 04:02:51,7890.0,1200.0,4304100.0
1729,2021-10-18 04:02:51,7890.0,10000.0,4302900.0
1730,2021-10-18 04:02:51,7880.0,10000.0,4292900.0
1731,2021-10-18 04:02:51,7880.0,1000.0,4282900.0
1732,2021-10-18 04:02:51,7880.0,300.0,4281900.0
1733,2021-10-18 04:02:51,7880.0,8900.0,4281600.0
1734,2021-10-18 04:02:42,7880.0,1100.0,4272700.0
1735,2021-10-18 04:02:39,7880.0,10000.0,4271600.0
1736,2021-10-18 04:02:34,7880.0,7700.0,4261600.0
1737,2021-10-18 04:02:32,7870.0,500.0,4253900.0
1738,2021-10-18 04:02:30,7880.0,200.0,4253400.0
1739,2021-10-18 04:02:03,7880.0,300.0,4253200.0
1740,2021-10-18 04:01:55,7870.0,500.0,4252900.0
1741,2021-10-18 04:01:55,7870.0,200.0,4252400.0
1742,2021-10-18 04:01:55,7870.0,300.0,4252200.0
1743,2021-10-18 04:01:52,7880.0,1000.0,4251900.0
1744,2021-10-18 04:01:51,7870.0,2000.0,4250900.0
1745,2021-10-18 04:01:46,7880.0,5000.0,4248900.0
1746,2021-10-18 04:01:33,7870.0,8300.0,4243900.0
1747,2021-10-18 04:01:08,7880.0,200.0,4235600.0
1748,2021-10-18 04:01:06,7880.0,3400.0,4235400.0
1749,2021-10-18 04:00:57,7880.0,500.0,4232000.0
1750,2021-10-18 04:00:51,7880.0,100.0,4231500.0
1751,2021-10-18 04:00:51,7880.0,700.0,4231400.0
1752,2021-10-18 04:00:36,7880.0,100.0,4230700.0
1753,2021-10-18 04:00:26,7870.0,1000.0,4230600.0
1754,2021-10-18 04:00:17,7870.0,20000.0,4229600.0
1755,2021-10-18 04:00:14,7870.0,11000.0,4209600.0
1756,2021-10-18 04:00:03,7880.0,200.0,4198600.0
1757,2021-10-18 03:59:53,7880.0,1000.0,4198400.0
1758,2021-10-18 03:59:46,7880.0,2000.0,4197400.0
1759,2021-10-18 03:59:20,7880.0,800.0,4195400.0
1760,2021-10-18 03:58:38,7870.0,100.0,4194600.0
1761,2021-10-18 03:58:36,7870.0,100.0,4194500.0
1762,2021-10-18 03:58:35,7880.0,1000.0,4194400.0
1763,2021-10-18 03:58:21,7880.0,200.0,4193400.0
1764,2021-10-18 03:58:12,7880.0,200.0,4193200.0
1765,2021-10-18 03:57:54,7870.0,500.0,4193000.0
1766,2021-10-18 03:57:07,7870.0,1500.0,4192500.0
1767,2021-10-18 03:56:56,7870.0,1200.0,4191000.0
1768,2021-10-18 03:56:56,7890.0,1000.0,4189800.0
1769,2021-10-18 03:56:56,7890.0,500.0,4188800.0
1770,2021-10-18 03:56:56,7890.0,800.0,4188300.0
1771,2021-10-18 03:56:56,7890.0,1000.0,4187500.0
1772,2021-10-18 03:56:47,7890.0,200.0,4186500.0
1773,2021-10-18 03:56:47,7890.0,300.0,4186300.0
1774,2021-10-18 03:56:47,7890.0,500.0,4186000.0
1775,2021-10-18 03:56:44,7890.0,1000.0,4185500.0
1776,2021-10-18 03:56:16,7890.0,1000.0,4184500.0
1777,2021-10-18 03:56:16,7890.0,5000.0,4183500.0
1778,2021-10-18 03:56:16,7890.0,100.0,4178500.0
1779,2021-10-18 03:56:16,7890.0,2300.0,4178400.0
1780,2021-10-18 03:56:16,7880.0,100.0,4176100.0
1781,2021-10-18 03:56:00,7890.0,1000.0,4176000.0
1782,2021-10-18 03:55:58,7890.0,500.0,4175000.0
1783,2021-10-18 03:55:45,7890.0,2000.0,4174500.0
1784,2021-10-18 03:55:35,7870.0,2000.0,4172500.0
1785,2021-10-18 03:55:25,7890.0,1700.0,4170500.0
1786,2021-10-18 03:54:24,7890.0,1800.0,4168800.0
1787,2021-10-18 03:54:24,7890.0,2500.0,4167000.0
1788,2021-10-18 03:54:21,7870.0,2000.0,4164500.0
1789,2021-10-18 03:54:05,7900.0,1900.0,4162500.0
1790,2021-10-18 03:54:05,7870.0,7100.0,4160600.0
1791,2021-10-18 03:54:03,7860.0,2000.0,4153500.0
1792,2021-10-18 03:53:58,7870.0,100.0,4151500.0
1793,2021-10-18 03:53:33,7870.0,1000.0,4151400.0
1794,2021-10-18 03:53:33,7870.0,100.0,4150400.0
1795,2021-10-18 03:53:33,7870.0,100.0,4150300.0
1796,2021-10-18 03:53:33,7870.0,5000.0,4150200.0
1797,2021-10-18 03:53:33,7870.0,1000.0,4145200.0
1798,2021-10-18 03:53:33,7870.0,100.0,4144200.0
1799,2021-10-18 03:53:33,7870.0,400.0,4144100.0
1800,2021-10-18 03:53:33,7870.0,10000.0,4143700.0
1801,2021-10-18 03:53:33,7870.0,20000.0,4133700.0
1802,2021-10-18 03:53:33,7870.0,700.0,4113700.0
1803,2021-10-18 03:53:33,7870.0,3000.0,4113000.0
1804,2021-10-18 03:53:33,7870.0,2000.0,4110000.0
1805,2021-10-18 03:53:33,7870.0,50000.0,4108000.0
1806,2021-10-18 03:53:33,7870.0,900.0,4058000.0
1807,2021-10-18 03:53:33,7880.0,100.0,4057100.0
1808,2021-10-18 03:53:33,7880.0,500.0,4057000.0
1809,2021-10-18 03:53:33,7880.0,1000.0,4056500.0
1810,2021-10-18 03:53:33,7880.0,500.0,4055500.0
1811,2021-10-18 03:53:33,7880.0,50000.0,4055000.0
1812,2021-10-18 03:53:33,7880.0,1000.0,4005000.0
1813,2021-10-18 03:53:33,7880.0,300.0,4004000.0
1814,2021-10-18 03:53:33,7880.0,5000.0,4003700.0
1815,2021-10-18 03:53:33,7880.0,200.0,3998700.0
1816,2021-10-18 03:53:33,7890.0,2300.0,3998500.0
1817,2021-10-18 03:53:33,7890.0,2000.0,3996200.0
1818,2021-10-18 03:53:33,7890.0,600.0,3994200.0
1819,2021-10-18 03:53:33,7890.0,1600.0,3993600.0
1820,2021-10-18 03:53:33,7890.0,5000.0,3992000.0
1821,2021-10-18 03:53:33,7890.0,6800.0,3987000.0
1822,2021-10-18 03:53:33,7890.0,300.0,3980200.0
1823,2021-10-18 03:53:33,7890.0,1600.0,3979900.0
1824,2021-10-18 03:53:33,7890.0,500.0,3978300.0
1825,2021-10-18 03:53:33,7890.0,200.0,3977800.0
1826,2021-10-18 03:53:33,7890.0,500.0,3977600.0
1827,2021-10-18 03:53:33,7890.0,1000.0,3977100.0
1828,2021-10-18 03:53:33,7890.0,17500.0,3976100.0
1829,2021-10-18 03:53:32,7900.0,2000.0,3958600.0
1830,2021-10-18 03:53:31,7900.0,800.0,3956600.0
1831,2021-10-18 03:53:29,7900.0,3000.0,3955800.0
1832,2021-10-18 03:53:24,7900.0,1000.0,3952800.0
1833,2021-10-18 03:53:21,7900.0,100.0,3951800.0
1834,2021-10-18 03:53:21,7900.0,200.0,3951700.0
1835,2021-10-18 03:53:15,7900.0,1500.0,3951500.0
1836,2021-10-18 03:53:15,7900.0,1000.0,3950000.0
1837,2021-10-18 03:53:15,7900.0,300.0,3949000.0
1838,2021-10-18 03:53:06,7900.0,600.0,3948700.0
1839,2021-10-18 03:52:58,7900.0,400.0,3948100.0
1840,2021-10-18 03:52:58,7900.0,1600.0,3947700.0
1841,2021-10-18 03:52:44,7900.0,1000.0,3946100.0
1842,2021-10-18 03:52:41,7900.0,3500.0,3945100.0
1843,2021-10-18 03:52:33,7900.0,3600.0,3941600.0
1844,2021-10-18 03:52:33,7900.0,100.0,3938000.0
1845,2021-10-18 03:52:33,7900.0,6300.0,3937900.0
1846,2021-10-18 03:52:28,7900.0,100.0,3931600.0
1847,2021-10-18 03:52:28,7900.0,300.0,3931500.0
1848,2021-10-18 03:52:23,7900.0,100.0,3931200.0
1849,2021-10-18 03:51:53,7900.0,9600.0,3931100.0
1850,2021-10-18 03:51:53,7900.0,400.0,3921500.0
1851,2021-10-18 03:51:28,7900.0,1000.0,3921100.0
1852,2021-10-18 03:51:15,7890.0,3000.0,3920100.0
1853,2021-10-18 03:51:10,7900.0,4100.0,3917100.0
1854,2021-10-18 03:51:10,7900.0,200.0,3913000.0
1855,2021-10-18 03:51:10,7900.0,700.0,3912800.0
1856,2021-10-18 03:51:02,7900.0,100.0,3912100.0
1857,2021-10-18 03:50:46,7900.0,200.0,3912000.0
1858,2021-10-18 03:50:46,7900.0,4000.0,3911800.0
1859,2021-10-18 03:50:46,7900.0,200.0,3907800.0
1860,2021-10-18 03:50:46,7900.0,600.0,3907600.0
1861,2021-10-18 03:50:33,7900.0,400.0,3907000.0
1862,2021-10-18 03:50:33,7900.0,600.0,3906600.0
1863,2021-10-18 03:50:27,7900.0,200.0,3906000.0
1864,2021-10-18 03:50:24,7900.0,2000.0,3905800.0
1865,2021-10-18 03:49:48,7900.0,1500.0,3903800.0
1866,2021-10-18 03:49:38,7890.0,5000.0,3902300.0
1867,2021-10-18 03:49:30,7900.0,700.0,3897300.0
1868,2021-10-18 03:49:30,7900.0,600.0,3896600.0
1869,2021-10-18 03:49:30,7900.0,300.0,3896000.0
1870,2021-10-18 03:49:30,7900.0,400.0,3895700.0
1871,2021-10-18 03:49:03,7900.0,4000.0,3895300.0
1872,2021-10-18 03:48:59,7900.0,600.0,3891300.0
1873,2021-10-18 03:48:59,7900.0,200.0,3890700.0
1874,2021-10-18 03:48:59,7900.0,100.0,3890500.0
1875,2021-10-18 03:48:59,7900.0,200.0,3890400.0
1876,2021-10-18 03:48:45,7890.0,100.0,3890200.0
1877,2021-10-18 03:47:43,7900.0,900.0,3890100.0
1878,2021-10-18 03:47:36,7890.0,400.0,3889200.0
1879,2021-10-18 03:46:17,7900.0,3300.0,3888800.0
1880,2021-10-18 03:46:17,7900.0,3000.0,3885500.0
1881,2021-10-18 03:46:17,7900.0,5000.0,3882500.0
1882,2021-10-18 03:46:17,7900.0,600.0,3877500.0
1883,2021-10-18 03:46:17,7890.0,5000.0,3876900.0
1884,2021-10-18 03:45:38,7890.0,1000.0,3871900.0
1885,2021-10-18 03:45:23,7890.0,2600.0,3870900.0
1886,2021-10-18 03:45:14,7900.0,1000.0,3868300.0
1887,2021-10-18 03:44:58,7900.0,10000.0,3867300.0
1888,2021-10-18 03:44:40,7890.0,15400.0,3857300.0
1889,2021-10-18 03:44:40,7890.0,3000.0,3841900.0
1890,2021-10-18 03:44:40,7890.0,100.0,3838900.0
1891,2021-10-18 03:44:40,7890.0,800.0,3838800.0
1892,2021-10-18 03:44:35,7900.0,100.0,3838000.0
1893,2021-10-18 03:44:28,7900.0,400.0,3837900.0
1894,2021-10-18 03:44:28,7900.0,100.0,3837500.0
1895,2021-10-18 03:44:28,7900.0,500.0,3837400.0
1896,2021-10-18 03:44:25,7900.0,1500.0,3836900.0
1897,2021-10-18 03:44:25,7900.0,6000.0,3835400.0
1898,2021-10-18 03:44:25,7900.0,300.0,3829400.0
1899,2021-10-18 03:44:25,7900.0,2200.0,3829100.0
1900,2021-10-18 03:44:21,7900.0,5000.0,3826900.0
1901,2021-10-18 03:44:12,7890.0,4400.0,3821900.0
1902,2021-10-18 03:44:12,7890.0,1000.0,3817500.0
1903,2021-10-18 03:44:12,7890.0,2000.0,3816500.0
1904,2021-10-18 03:44:12,7890.0,12600.0,3814500.0
1905,2021-10-18 03:43:56,7900.0,300.0,3801900.0
1906,2021-10-18 03:43:45,7900.0,1000.0,3801600.0
1907,2021-10-18 03:43:22,7890.0,5000.0,3800600.0
1908,2021-10-18 03:43:21,7900.0,1500.0,3795600.0
1909,2021-10-18 03:43:21,7900.0,300.0,3794100.0
1910,2021-10-18 03:43:21,7900.0,3200.0,3793800.0
1911,2021-10-18 03:43:18,7890.0,100.0,3790600.0
1912,2021-10-18 03:42:35,7890.0,800.0,3790500.0
1913,2021-10-18 03:42:32,7890.0,31500.0,3789700.0
1914,2021-10-18 03:42:32,7890.0,1000.0,3758200.0
1915,2021-10-18 03:42:32,7890.0,13000.0,3757200.0
1916,2021-10-18 03:42:25,7890.0,800.0,3744200.0
1917,2021-10-18 03:41:52,7890.0,100.0,3743400.0
1918,2021-10-18 03:41:23,7900.0,10000.0,3743300.0
1919,2021-10-18 03:41:20,7890.0,10000.0,3733300.0
1920,2021-10-18 03:41:12,7890.0,500.0,3723300.0
1921,2021-10-18 03:40:48,7900.0,1000.0,3722800.0
1922,2021-10-18 03:40:48,7900.0,1000.0,3721800.0
1923,2021-10-18 03:40:48,7900.0,300.0,3720800.0
1924,2021-10-18 03:40:48,7900.0,1000.0,3720500.0
1925,2021-10-18 03:40:48,7900.0,200.0,3719500.0
1926,2021-10-18 03:40:48,7900.0,200.0,3719300.0
1927,2021-10-18 03:40:48,7900.0,200.0,3719100.0
1928,2021-10-18 03:40:48,7900.0,2000.0,3718900.0
1929,2021-10-18 03:40:48,7900.0,700.0,3716900.0
1930,2021-10-18 03:40:48,7900.0,200.0,3716200.0
1931,2021-10-18 03:40:48,7900.0,1500.0,3716000.0
1932,2021-10-18 03:40:48,7900.0,300.0,3714500.0
1933,2021-10-18 03:40:48,7900.0,100.0,3714200.0
1934,2021-10-18 03:40:48,7900.0,1000.0,3714100.0
1935,2021-10-18 03:40:48,7900.0,2000.0,3713100.0
1936,2021-10-18 03:40:48,7900.0,500.0,3711100.0
1937,2021-10-18 03:40:48,7900.0,1000.0,3710600.0
1938,2021-10-18 03:40:48,7900.0,5000.0,3709600.0
1939,2021-10-18 03:40:48,7900.0,4000.0,3704600.0
1940,2021-10-18 03:40:48,7900.0,1200.0,3700600.0
1941,2021-10-18 03:40:48,7900.0,500.0,3699400.0
1942,2021-10-18 03:40:48,7900.0,2000.0,3698900.0
1943,2021-10-18 03:40:48,7900.0,20000.0,3696900.0
1944,2021-10-18 03:40:48,7900.0,100.0,3676900.0
1945,2021-10-18 03:40:48,7900.0,20000.0,3676800.0
1946,2021-10-18 03:40:48,7900.0,100.0,3656800.0
1947,2021-10-18 03:40:48,7900.0,500.0,3656700.0
1948,2021-10-18 03:40:48,7900.0,20000.0,3656200.0
1949,2021-10-18 03:40:48,7900.0,200.0,3636200.0
1950,2021-10-18 03:40:24,7910.0,1100.0,3636000.0
1951,2021-10-18 03:40:24,7910.0,100.0,3634900.0
1952,2021-10-18 03:40:20,7910.0,40600.0,3634800.0
1953,2021-10-18 03:40:10,7910.0,9400.0,3594200.0
1954,2021-10-18 03:40:10,7910.0,600.0,3584800.0
1955,2021-10-18 03:39:56,7910.0,400.0,3584200.0
1956,2021-10-18 03:38:58,7920.0,8100.0,3583800.0
1957,2021-10-18 03:38:58,7920.0,3100.0,3575700.0
1958,2021-10-18 03:38:58,7920.0,300.0,3572600.0
1959,2021-10-18 03:38:58,7920.0,2000.0,3572300.0
1960,2021-10-18 03:38:58,7920.0,400.0,3570300.0
1961,2021-10-18 03:38:58,7920.0,32500.0,3569900.0
1962,2021-10-18 03:38:58,7920.0,3600.0,3537400.0
1963,2021-10-18 03:38:38,7920.0,100.0,3533800.0
1964,2021-10-18 03:38:27,7930.0,100.0,3533700.0
1965,2021-10-18 03:37:56,7930.0,800.0,3533600.0
1966,2021-10-18 03:37:46,7930.0,100.0,3532800.0
1967,2021-10-18 03:37:34,7930.0,2000.0,3532700.0
1968,2021-10-18 03:37:22,7930.0,1000.0,3530700.0
1969,2021-10-18 03:37:22,7930.0,100.0,3529700.0
1970,2021-10-18 03:37:22,7930.0,2000.0,3529600.0
1971,2021-10-18 03:37:22,7930.0,100.0,3527600.0
1972,2021-10-18 03:37:22,7930.0,500.0,3527500.0
1973,2021-10-18 03:37:22,7930.0,100.0,3527000.0
1974,2021-10-18 03:37:22,7930.0,100.0,3526900.0
1975,2021-10-18 03:37:22,7930.0,3100.0,3526800.0
1976,2021-10-18 03:37:12,7940.0,1500.0,3523700.0
1977,2021-10-18 03:36:53,7930.0,1000.0,3522200.0
1978,2021-10-18 03:36:51,7930.0,1000.0,3521200.0
1979,2021-10-18 03:36:49,7930.0,4200.0,3520200.0
1980,2021-10-18 03:36:49,7930.0,100.0,3516000.0
1981,2021-10-18 03:36:49,7930.0,5700.0,3515900.0
1982,2021-10-18 03:36:46,7940.0,1600.0,3510200.0
1983,2021-10-18 03:36:46,7940.0,300.0,3508600.0
1984,2021-10-18 03:36:46,7940.0,400.0,3508300.0
1985,2021-10-18 03:36:46,7940.0,1000.0,3507900.0
1986,2021-10-18 03:36:46,7940.0,20000.0,3506900.0
1987,2021-10-18 03:36:46,7940.0,100.0,3486900.0
1988,2021-10-18 03:36:46,7940.0,100.0,3486800.0
1989,2021-10-18 03:36:46,7940.0,1000.0,3486700.0
1990,2021-10-18 03:36:46,7940.0,700.0,3485700.0
1991,2021-10-18 03:36:46,7940.0,100.0,3485000.0
1992,2021-10-18 03:36:46,7940.0,100.0,3484900.0
1993,2021-10-18 03:36:46,7940.0,400.0,3484800.0
1994,2021-10-18 03:36:44,7930.0,2300.0,3484400.0
1995,2021-10-18 03:36:44,7930.0,500.0,3482100.0
1996,2021-10-18 03:36:44,7930.0,17200.0,3481600.0
1997,2021-10-18 03:36:32,7930.0,8100.0,3464400.0
1998,2021-10-18 03:36:32,7930.0,100.0,3456300.0
1999,2021-10-18 03:36:32,7930.0,21800.0,3456200.0
2000,2021-10-18 03:35:54,7930.0,5000.0,3434400.0
2001,2021-10-18 03:35:29,7930.0,600.0,3429400.0
2002,2021-10-18 03:35:28,7940.0,1600.0,3428800.0
2003,2021-10-18 03:35:28,7940.0,2000.0,3427200.0
2004,2021-10-18 03:35:28,7940.0,900.0,3425200.0
2005,2021-10-18 03:35:28,7940.0,500.0,3424300.0
2006,2021-10-18 03:35:26,7940.0,1000.0,3423800.0
2007,2021-10-18 03:35:18,7940.0,500.0,3422800.0
2008,2021-10-18 03:35:17,7930.0,2600.0,3422300.0
2009,2021-10-18 03:35:17,7930.0,400.0,3419700.0
2010,2021-10-18 03:35:15,7940.0,5000.0,3419300.0
2011,2021-10-18 03:35:13,7940.0,100.0,3414300.0
2012,2021-10-18 03:34:27,7940.0,1000.0,3414200.0
2013,2021-10-18 03:34:26,7940.0,1900.0,3413200.0
2014,2021-10-18 03:34:26,7940.0,500.0,3411300.0
2015,2021-10-18 03:34:26,7940.0,600.0,3410800.0
2016,2021-10-18 03:34:25,7940.0,400.0,3410200.0
2017,2021-10-18 03:34:25,7940.0,600.0,3409800.0
2018,2021-10-18 03:34:24,7940.0,100.0,3409200.0
2019,2021-10-18 03:34:22,7940.0,100.0,3409100.0
2020,2021-10-18 03:34:16,7940.0,15000.0,3409000.0
2021,2021-10-18 03:34:01,7940.0,12300.0,3394000.0
2022,2021-10-18 03:34:01,7940.0,7700.0,3381700.0
2023,2021-10-18 03:33:42,7940.0,1300.0,3374000.0
2024,2021-10-18 03:33:37,7940.0,1000.0,3372700.0
2025,2021-10-18 03:33:31,7930.0,500.0,3371700.0
2026,2021-10-18 03:33:31,7940.0,1000.0,3371200.0
2027,2021-10-18 03:33:29,7930.0,100.0,3370200.0
2028,2021-10-18 03:33:23,7930.0,1100.0,3370100.0
2029,2021-10-18 03:32:49,7930.0,500.0,3369000.0
2030,2021-10-18 03:32:49,7930.0,1000.0,3368500.0
2031,2021-10-18 03:32:49,7930.0,500.0,3367500.0
2032,2021-10-18 03:32:49,7930.0,500.0,3367000.0
2033,2021-10-18 03:32:49,7930.0,400.0,3366500.0
2034,2021-10-18 03:32:24,7930.0,200.0,3366100.0
2035,2021-10-18 03:31:56,7930.0,200.0,3365900.0
2036,2021-10-18 03:31:56,7930.0,1200.0,3365700.0
2037,2021-10-18 03:31:52,7930.0,100.0,3364500.0
2038,2021-10-18 03:31:46,7930.0,3000.0,3364400.0
2039,2021-10-18 03:31:36,7930.0,10000.0,3361400.0
2040,2021-10-18 03:31:23,7930.0,100.0,3351400.0
2041,2021-10-18 03:31:18,7930.0,1000.0,3351300.0
2042,2021-10-18 03:31:09,7930.0,900.0,3350300.0
2043,2021-10-18 03:31:09,7930.0,1000.0,3349400.0
2044,2021-10-18 03:31:09,7930.0,2700.0,3348400.0
2045,2021-10-18 03:30:50,7930.0,100.0,3345700.0
2046,2021-10-18 03:30:42,7930.0,500.0,3345600.0
2047,2021-10-18 03:30:42,7930.0,1000.0,3345100.0
2048,2021-10-18 03:30:42,7930.0,1000.0,3344100.0
2049,2021-10-18 03:30:42,7930.0,500.0,3343100.0
2050,2021-10-18 03:30:42,7930.0,1800.0,3342600.0
2051,2021-10-18 03:30:37,7930.0,100.0,3340800.0
2052,2021-10-18 03:30:13,7930.0,900.0,3340700.0
2053,2021-10-18 03:29:25,7940.0,100.0,3339800.0
2054,2021-10-18 03:29:08,7940.0,100.0,3339700.0
2055,2021-10-18 03:28:56,7930.0,1000.0,3339600.0
2056,2021-10-18 03:28:53,7930.0,300.0,3338600.0
2057,2021-10-18 03:28:53,7930.0,3300.0,3338300.0
2058,2021-10-18 03:28:53,7930.0,2600.0,3335000.0
2059,2021-10-18 03:28:28,7920.0,100.0,3332400.0
2060,2021-10-18 03:28:20,7920.0,3700.0,3332300.0
2061,2021-10-18 03:28:20,7920.0,6000.0,3328600.0
2062,2021-10-18 03:28:20,7920.0,300.0,3322600.0
2063,2021-10-18 03:28:10,7930.0,100.0,3322300.0
2064,2021-10-18 03:28:10,7930.0,100.0,3322200.0
2065,2021-10-18 03:28:10,7930.0,200.0,3322100.0
2066,2021-10-18 03:28:09,7930.0,2000.0,3321900.0
2067,2021-10-18 03:28:09,7930.0,3000.0,3319900.0
2068,2021-10-18 03:27:46,7930.0,5000.0,3316900.0
2069,2021-10-18 03:27:42,7930.0,200.0,3311900.0
2070,2021-10-18 03:27:31,7930.0,1000.0,3311700.0
2071,2021-10-18 03:27:22,7930.0,1500.0,3310700.0
2072,2021-10-18 03:27:22,7930.0,2100.0,3309200.0
2073,2021-10-18 03:27:19,7930.0,500.0,3307100.0
2074,2021-10-18 03:27:16,7930.0,2500.0,3306600.0
2075,2021-10-18 03:27:16,7930.0,2000.0,3304100.0
2076,2021-10-18 03:27:11,7930.0,800.0,3302100.0
2077,2021-10-18 03:27:11,7930.0,100.0,3301300.0
