,Time,Price,Volume_per_trade,Volume
0,2021-10-13 07:45:00,7700.0,2000.0,10823100.0
1,2021-10-13 07:45:00,7700.0,3000.0,10821100.0
2,2021-10-13 07:45:00,7700.0,1000.0,10818100.0
3,2021-10-13 07:45:00,7700.0,1000.0,10817100.0
4,2021-10-13 07:45:00,7700.0,2500.0,10816100.0
5,2021-10-13 07:45:00,7700.0,500.0,10813600.0
6,2021-10-13 07:45:00,7700.0,1500.0,10813100.0
7,2021-10-13 07:45:00,7700.0,500.0,10811600.0
8,2021-10-13 07:45:00,7700.0,2000.0,10811100.0
9,2021-10-13 07:45:00,7700.0,2000.0,10809100.0
10,2021-10-13 07:45:00,7700.0,1000.0,10807100.0
11,2021-10-13 07:45:00,7700.0,800.0,10806100.0
12,2021-10-13 07:45:00,7700.0,1300.0,10805300.0
13,2021-10-13 07:45:00,7700.0,400.0,10804000.0
14,2021-10-13 07:45:00,7700.0,2300.0,10803600.0
15,2021-10-13 07:45:00,7700.0,2000.0,10801300.0
16,2021-10-13 07:45:00,7700.0,700.0,10799300.0
17,2021-10-13 07:45:00,7700.0,100.0,10798600.0
18,2021-10-13 07:45:00,7700.0,400.0,10798500.0
19,2021-10-13 07:45:00,7700.0,2000.0,10798100.0
20,2021-10-13 07:45:00,7700.0,500.0,10796100.0
21,2021-10-13 07:45:00,7700.0,2000.0,10795600.0
22,2021-10-13 07:45:00,7700.0,65100.0,10793600.0
23,2021-10-13 07:45:00,7700.0,100.0,10728500.0
24,2021-10-13 07:45:00,7700.0,300.0,10728400.0
25,2021-10-13 07:45:00,7700.0,3000.0,10728100.0
26,2021-10-13 07:45:00,7700.0,2000.0,10725100.0
27,2021-10-13 07:45:00,7700.0,1500.0,10723100.0
28,2021-10-13 07:45:00,7700.0,200.0,10721600.0
29,2021-10-13 07:45:00,7700.0,200.0,10721400.0
30,2021-10-13 07:45:00,7700.0,1000.0,10721200.0
31,2021-10-13 07:45:00,7700.0,2100.0,10720200.0
32,2021-10-13 07:45:00,7700.0,1000.0,10718100.0
33,2021-10-13 07:45:00,7700.0,1900.0,10717100.0
34,2021-10-13 07:45:00,7700.0,200.0,10715200.0
35,2021-10-13 07:45:00,7700.0,800.0,10715000.0
36,2021-10-13 07:45:00,7700.0,3200.0,10714200.0
37,2021-10-13 07:45:00,7700.0,6800.0,10711000.0
38,2021-10-13 07:45:00,7700.0,1000.0,10704200.0
39,2021-10-13 07:45:00,7700.0,1000.0,10703200.0
40,2021-10-13 07:45:00,7700.0,1400.0,10702200.0
41,2021-10-13 07:45:00,7700.0,6000.0,10700800.0
42,2021-10-13 07:45:00,7700.0,3000.0,10694800.0
43,2021-10-13 07:45:00,7700.0,800.0,10691800.0
44,2021-10-13 07:45:00,7700.0,200.0,10691000.0
45,2021-10-13 07:45:00,7700.0,5000.0,10690800.0
46,2021-10-13 07:45:00,7700.0,2600.0,10685800.0
47,2021-10-13 07:45:00,7700.0,2200.0,10683200.0
48,2021-10-13 07:45:00,7700.0,2000.0,10681000.0
49,2021-10-13 07:45:00,7700.0,100.0,10679000.0
50,2021-10-13 07:45:00,7700.0,6500.0,10678900.0
51,2021-10-13 07:45:00,7700.0,1000.0,10672400.0
52,2021-10-13 07:45:00,7700.0,2900.0,10671400.0
53,2021-10-13 07:45:00,7700.0,1000.0,10668500.0
54,2021-10-13 07:45:00,7700.0,5000.0,10667500.0
55,2021-10-13 07:45:00,7700.0,300.0,10662500.0
56,2021-10-13 07:45:00,7700.0,100.0,10662200.0
57,2021-10-13 07:45:00,7700.0,4900.0,10662100.0
58,2021-10-13 07:45:00,7700.0,100.0,10657200.0
59,2021-10-13 07:45:00,7700.0,500.0,10657100.0
60,2021-10-13 07:45:00,7700.0,1000.0,10656600.0
61,2021-10-13 07:45:00,7700.0,3400.0,10655600.0
62,2021-10-13 07:45:00,7700.0,10000.0,10652200.0
63,2021-10-13 07:45:00,7700.0,2000.0,10642200.0
64,2021-10-13 07:45:00,7700.0,500.0,10640200.0
65,2021-10-13 07:45:00,7700.0,500.0,10639700.0
66,2021-10-13 07:45:00,7700.0,1500.0,10639200.0
67,2021-10-13 07:45:00,7700.0,500.0,10637700.0
68,2021-10-13 07:45:00,7700.0,100.0,10637200.0
69,2021-10-13 07:45:00,7700.0,3000.0,10637100.0
70,2021-10-13 07:45:00,7700.0,2000.0,10634100.0
71,2021-10-13 07:45:00,7700.0,100.0,10632100.0
72,2021-10-13 07:45:00,7700.0,4300.0,10632000.0
73,2021-10-13 07:45:00,7700.0,10000.0,10627700.0
74,2021-10-13 07:45:00,7700.0,300.0,10617700.0
75,2021-10-13 07:45:00,7700.0,2800.0,10617400.0
76,2021-10-13 07:45:00,7700.0,100.0,10614600.0
77,2021-10-13 07:45:00,7700.0,200.0,10614500.0
78,2021-10-13 07:45:00,7700.0,10000.0,10614300.0
79,2021-10-13 07:45:00,7700.0,3600.0,10604300.0
80,2021-10-13 07:45:00,7700.0,1500.0,10600700.0
81,2021-10-13 07:45:00,7700.0,200.0,10599200.0
82,2021-10-13 07:45:00,7700.0,300.0,10599000.0
83,2021-10-13 07:45:00,7700.0,200.0,10598700.0
84,2021-10-13 07:45:00,7700.0,100.0,10598500.0
85,2021-10-13 07:45:00,7700.0,600.0,10598400.0
86,2021-10-13 07:45:00,7700.0,100.0,10597800.0
87,2021-10-13 07:45:00,7700.0,100.0,10597700.0
88,2021-10-13 07:45:00,7700.0,9900.0,10597600.0
89,2021-10-13 07:45:00,7700.0,100.0,10587700.0
90,2021-10-13 07:29:47,7650.0,1000.0,10587600.0
91,2021-10-13 07:29:34,7650.0,1000.0,10586600.0
92,2021-10-13 07:29:34,7650.0,6900.0,10585600.0
93,2021-10-13 07:29:34,7650.0,3000.0,10578700.0
94,2021-10-13 07:29:34,7650.0,3800.0,10575700.0
95,2021-10-13 07:29:32,7650.0,100.0,10571900.0
96,2021-10-13 07:29:32,7650.0,400.0,10571800.0
97,2021-10-13 07:29:30,7650.0,1800.0,10571400.0
98,2021-10-13 07:29:23,7650.0,2500.0,10569600.0
99,2021-10-13 07:29:18,7640.0,1000.0,10567100.0
100,2021-10-13 07:29:00,7640.0,9900.0,10566100.0
101,2021-10-13 07:29:00,7640.0,100.0,10556200.0
102,2021-10-13 07:28:54,7650.0,2200.0,10556100.0
103,2021-10-13 07:28:54,7650.0,800.0,10553900.0
104,2021-10-13 07:28:53,7640.0,100.0,10553100.0
105,2021-10-13 07:28:33,7640.0,100.0,10553000.0
106,2021-10-13 07:28:30,7640.0,200.0,10552900.0
107,2021-10-13 07:28:30,7640.0,1300.0,10552700.0
108,2021-10-13 07:28:17,7640.0,200.0,10551400.0
109,2021-10-13 07:28:17,7640.0,100.0,10551200.0
110,2021-10-13 07:28:17,7640.0,200.0,10551100.0
111,2021-10-13 07:28:17,7640.0,19500.0,10550900.0
112,2021-10-13 07:28:17,7650.0,2000.0,10531400.0
113,2021-10-13 07:28:03,7650.0,100.0,10529400.0
114,2021-10-13 07:27:59,7640.0,2300.0,10529300.0
115,2021-10-13 07:27:48,7640.0,100.0,10527000.0
116,2021-10-13 07:27:47,7640.0,100.0,10526900.0
117,2021-10-13 07:27:46,7640.0,500.0,10526800.0
118,2021-10-13 07:27:44,7650.0,200.0,10526300.0
119,2021-10-13 07:27:39,7650.0,8900.0,10526100.0
120,2021-10-13 07:27:39,7640.0,700.0,10517200.0
121,2021-10-13 07:27:39,7640.0,10400.0,10516500.0
122,2021-10-13 07:27:36,7640.0,5000.0,10506100.0
123,2021-10-13 07:27:36,7640.0,800.0,10501100.0
124,2021-10-13 07:27:36,7640.0,100.0,10500300.0
125,2021-10-13 07:27:36,7640.0,7800.0,10500200.0
126,2021-10-13 07:27:14,7650.0,100.0,10492400.0
127,2021-10-13 07:27:13,7650.0,1000.0,10492300.0
128,2021-10-13 07:26:47,7650.0,2000.0,10491300.0
129,2021-10-13 07:26:44,7640.0,12200.0,10489300.0
130,2021-10-13 07:26:44,7640.0,100.0,10477100.0
131,2021-10-13 07:26:44,7650.0,200.0,10477000.0
132,2021-10-13 07:26:44,7650.0,15000.0,10476800.0
133,2021-10-13 07:26:44,7650.0,1300.0,10461800.0
134,2021-10-13 07:26:44,7650.0,1200.0,10460500.0
135,2021-10-13 07:26:41,7650.0,1000.0,10459300.0
136,2021-10-13 07:26:38,7650.0,10000.0,10458300.0
137,2021-10-13 07:26:30,7650.0,800.0,10448300.0
138,2021-10-13 07:26:30,7650.0,200.0,10447500.0
139,2021-10-13 07:26:26,7650.0,300.0,10447300.0
140,2021-10-13 07:26:26,7650.0,10000.0,10447000.0
141,2021-10-13 07:26:26,7650.0,3000.0,10437000.0
142,2021-10-13 07:26:26,7650.0,1300.0,10434000.0
143,2021-10-13 07:26:26,7650.0,200.0,10432700.0
144,2021-10-13 07:26:26,7650.0,1000.0,10432500.0
145,2021-10-13 07:26:26,7650.0,400.0,10431500.0
146,2021-10-13 07:26:26,7650.0,100.0,10431100.0
147,2021-10-13 07:26:26,7650.0,300.0,10431000.0
148,2021-10-13 07:26:26,7650.0,3400.0,10430700.0
149,2021-10-13 07:26:25,7650.0,100.0,10427300.0
150,2021-10-13 07:26:12,7650.0,300.0,10427200.0
151,2021-10-13 07:26:10,7660.0,100.0,10426900.0
152,2021-10-13 07:25:30,7660.0,100.0,10426800.0
153,2021-10-13 07:25:26,7660.0,5000.0,10426700.0
154,2021-10-13 07:25:25,7660.0,200.0,10421700.0
155,2021-10-13 07:25:25,7660.0,300.0,10421500.0
156,2021-10-13 07:25:25,7660.0,5000.0,10421200.0
157,2021-10-13 07:25:25,7660.0,5000.0,10416200.0
158,2021-10-13 07:25:25,7660.0,50000.0,10411200.0
159,2021-10-13 07:25:25,7660.0,100.0,10361200.0
160,2021-10-13 07:25:25,7660.0,5000.0,10361100.0
161,2021-10-13 07:25:25,7660.0,900.0,10356100.0
162,2021-10-13 07:25:25,7670.0,6400.0,10355200.0
163,2021-10-13 07:25:21,7670.0,1000.0,10348800.0
164,2021-10-13 07:25:17,7670.0,300.0,10347800.0
165,2021-10-13 07:25:16,7670.0,4000.0,10347500.0
166,2021-10-13 07:25:14,7670.0,5000.0,10343500.0
167,2021-10-13 07:25:10,7670.0,1400.0,10338500.0
168,2021-10-13 07:25:08,7670.0,1900.0,10337100.0
169,2021-10-13 07:25:08,7670.0,1000.0,10335200.0
170,2021-10-13 07:25:08,7670.0,500.0,10334200.0
171,2021-10-13 07:25:08,7670.0,3000.0,10333700.0
172,2021-10-13 07:25:08,7670.0,3600.0,10330700.0
173,2021-10-13 07:25:03,7670.0,500.0,10327100.0
174,2021-10-13 07:24:59,7670.0,500.0,10326600.0
175,2021-10-13 07:24:57,7680.0,30000.0,10326100.0
176,2021-10-13 07:24:30,7670.0,400.0,10296100.0
177,2021-10-13 07:24:30,7670.0,100.0,10295700.0
178,2021-10-13 07:24:24,7680.0,1000.0,10295600.0
179,2021-10-13 07:24:24,7680.0,2000.0,10294600.0
180,2021-10-13 07:24:24,7680.0,500.0,10292600.0
181,2021-10-13 07:24:24,7680.0,200.0,10292100.0
182,2021-10-13 07:24:24,7680.0,100.0,10291900.0
183,2021-10-13 07:24:24,7680.0,1000.0,10291800.0
184,2021-10-13 07:24:24,7680.0,200.0,10290800.0
185,2021-10-13 07:24:24,7680.0,500.0,10290600.0
186,2021-10-13 07:24:24,7680.0,500.0,10290100.0
187,2021-10-13 07:24:24,7680.0,2900.0,10289600.0
188,2021-10-13 07:24:23,7690.0,200.0,10286700.0
189,2021-10-13 07:24:12,7680.0,1000.0,10286500.0
190,2021-10-13 07:24:11,7680.0,100.0,10285500.0
191,2021-10-13 07:24:08,7680.0,1000.0,10285400.0
192,2021-10-13 07:24:08,7680.0,500.0,10284400.0
193,2021-10-13 07:24:02,7680.0,500.0,10283900.0
194,2021-10-13 07:24:02,7680.0,100.0,10283400.0
195,2021-10-13 07:24:02,7680.0,300.0,10283300.0
196,2021-10-13 07:23:41,7690.0,6600.0,10283000.0
197,2021-10-13 07:23:41,7690.0,300.0,10276400.0
198,2021-10-13 07:23:29,7680.0,5000.0,10276100.0
199,2021-10-13 07:23:24,7690.0,800.0,10271100.0
200,2021-10-13 07:23:14,7690.0,1000.0,10270300.0
201,2021-10-13 07:23:13,7680.0,4700.0,10269300.0
202,2021-10-13 07:23:13,7680.0,2000.0,10264600.0
203,2021-10-13 07:23:13,7680.0,500.0,10262600.0
204,2021-10-13 07:23:13,7680.0,1000.0,10262100.0
205,2021-10-13 07:23:13,7680.0,10000.0,10261100.0
206,2021-10-13 07:23:13,7680.0,2000.0,10251100.0
207,2021-10-13 07:23:13,7680.0,1000.0,10249100.0
208,2021-10-13 07:23:13,7680.0,1000.0,10248100.0
209,2021-10-13 07:23:13,7680.0,100.0,10247100.0
210,2021-10-13 07:23:13,7680.0,100.0,10247000.0
211,2021-10-13 07:23:13,7680.0,10000.0,10246900.0
212,2021-10-13 07:23:13,7680.0,100.0,10236900.0
213,2021-10-13 07:23:13,7680.0,100.0,10236800.0
214,2021-10-13 07:23:13,7680.0,500.0,10236700.0
215,2021-10-13 07:23:13,7680.0,5000.0,10236200.0
216,2021-10-13 07:23:13,7680.0,1000.0,10231200.0
217,2021-10-13 07:23:13,7680.0,500.0,10230200.0
218,2021-10-13 07:23:13,7680.0,300.0,10229700.0
219,2021-10-13 07:23:13,7680.0,1100.0,10229400.0
220,2021-10-13 07:22:54,7690.0,100.0,10228300.0
221,2021-10-13 07:22:39,7680.0,300.0,10228200.0
222,2021-10-13 07:22:37,7690.0,400.0,10227900.0
223,2021-10-13 07:22:36,7690.0,200.0,10227500.0
224,2021-10-13 07:22:32,7680.0,3600.0,10227300.0
225,2021-10-13 07:22:32,7680.0,1300.0,10223700.0
226,2021-10-13 07:22:32,7680.0,100.0,10222400.0
227,2021-10-13 07:22:10,7690.0,12900.0,10222300.0
228,2021-10-13 07:22:08,7690.0,200.0,10209400.0
229,2021-10-13 07:22:00,7690.0,1000.0,10209200.0
230,2021-10-13 07:21:51,7690.0,500.0,10208200.0
231,2021-10-13 07:21:15,7690.0,4000.0,10207700.0
232,2021-10-13 07:21:15,7690.0,200.0,10203700.0
233,2021-10-13 07:21:15,7690.0,100.0,10203500.0
234,2021-10-13 07:21:15,7690.0,700.0,10203400.0
235,2021-10-13 07:21:00,7690.0,300.0,10202700.0
236,2021-10-13 07:21:00,7690.0,1700.0,10202400.0
237,2021-10-13 07:20:56,7690.0,300.0,10200700.0
238,2021-10-13 07:20:56,7690.0,200.0,10200400.0
239,2021-10-13 07:20:43,7690.0,100.0,10200200.0
240,2021-10-13 07:20:36,7690.0,1000.0,10200100.0
241,2021-10-13 07:19:55,7690.0,7000.0,10199100.0
242,2021-10-13 07:19:51,7700.0,100.0,10192100.0
243,2021-10-13 07:19:44,7690.0,1000.0,10192000.0
244,2021-10-13 07:19:07,7690.0,200.0,10191000.0
245,2021-10-13 07:19:07,7690.0,500.0,10190800.0
246,2021-10-13 07:18:56,7680.0,500.0,10190300.0
247,2021-10-13 07:18:50,7680.0,500.0,10189800.0
248,2021-10-13 07:18:45,7680.0,1500.0,10189300.0
249,2021-10-13 07:18:27,7680.0,10000.0,10187800.0
250,2021-10-13 07:17:58,7680.0,37400.0,10177800.0
251,2021-10-13 07:17:58,7680.0,300.0,10140400.0
252,2021-10-13 07:17:58,7690.0,2300.0,10140100.0
253,2021-10-13 07:17:53,7690.0,100.0,10137800.0
254,2021-10-13 07:17:49,7690.0,500.0,10137700.0
255,2021-10-13 07:17:17,7680.0,1700.0,10137200.0
256,2021-10-13 07:17:17,7680.0,1000.0,10135500.0
257,2021-10-13 07:17:17,7680.0,11200.0,10134500.0
258,2021-10-13 07:17:17,7690.0,1100.0,10123300.0
259,2021-10-13 07:17:06,7690.0,400.0,10122200.0
260,2021-10-13 07:17:01,7690.0,600.0,10121800.0
261,2021-10-13 07:16:59,7690.0,10000.0,10121200.0
262,2021-10-13 07:16:42,7680.0,18800.0,10111200.0
263,2021-10-13 07:16:42,7680.0,10000.0,10092400.0
264,2021-10-13 07:16:42,7680.0,300.0,10082400.0
265,2021-10-13 07:16:42,7680.0,10000.0,10082100.0
266,2021-10-13 07:16:42,7680.0,10000.0,10072100.0
267,2021-10-13 07:16:42,7680.0,500.0,10062100.0
268,2021-10-13 07:16:42,7680.0,400.0,10061600.0
269,2021-10-13 07:16:40,7690.0,3100.0,10061200.0
270,2021-10-13 07:16:25,7690.0,1900.0,10058100.0
271,2021-10-13 07:16:25,7690.0,100.0,10056200.0
272,2021-10-13 07:16:25,7690.0,1000.0,10056100.0
273,2021-10-13 07:16:10,7690.0,1000.0,10055100.0
274,2021-10-13 07:16:03,7690.0,200.0,10054100.0
275,2021-10-13 07:15:59,7690.0,100.0,10053900.0
276,2021-10-13 07:15:59,7690.0,100.0,10053800.0
277,2021-10-13 07:15:59,7690.0,100.0,10053700.0
278,2021-10-13 07:15:58,7690.0,2000.0,10053600.0
279,2021-10-13 07:15:48,7690.0,5000.0,10051600.0
280,2021-10-13 07:15:46,7690.0,2900.0,10046600.0
281,2021-10-13 07:15:46,7690.0,1000.0,10043700.0
282,2021-10-13 07:15:46,7690.0,200.0,10042700.0
283,2021-10-13 07:15:46,7690.0,1000.0,10042500.0
284,2021-10-13 07:15:46,7690.0,1000.0,10041500.0
285,2021-10-13 07:15:46,7690.0,3000.0,10040500.0
286,2021-10-13 07:15:46,7690.0,900.0,10037500.0
287,2021-10-13 07:15:45,7690.0,500.0,10036600.0
288,2021-10-13 07:15:42,7700.0,300.0,10036100.0
289,2021-10-13 07:15:34,7690.0,300.0,10035800.0
290,2021-10-13 07:15:33,7690.0,500.0,10035500.0
291,2021-10-13 07:15:25,7690.0,7800.0,10035000.0
292,2021-10-13 07:15:25,7690.0,500.0,10027200.0
293,2021-10-13 07:15:23,7700.0,5000.0,10026700.0
294,2021-10-13 07:15:13,7690.0,12300.0,10021700.0
295,2021-10-13 07:15:13,7690.0,1200.0,10009400.0
296,2021-10-13 07:15:13,7690.0,5000.0,10008200.0
297,2021-10-13 07:15:13,7690.0,1000.0,10003200.0
298,2021-10-13 07:15:13,7690.0,1000.0,10002200.0
299,2021-10-13 07:15:13,7690.0,1000.0,10001200.0
300,2021-10-13 07:15:13,7690.0,5000.0,10000200.0
301,2021-10-13 07:15:13,7690.0,300.0,9995200.0
302,2021-10-13 07:15:13,7690.0,1200.0,9994900.0
303,2021-10-13 07:14:39,7700.0,2000.0,9993700.0
304,2021-10-13 07:14:34,7690.0,800.0,9991700.0
305,2021-10-13 07:14:34,7690.0,1000.0,9990900.0
306,2021-10-13 07:14:32,7700.0,1000.0,9989900.0
307,2021-10-13 07:14:24,7700.0,200.0,9988900.0
308,2021-10-13 07:14:19,7690.0,5000.0,9988700.0
309,2021-10-13 07:14:17,7690.0,100.0,9983700.0
310,2021-10-13 07:14:05,7690.0,5000.0,9983600.0
311,2021-10-13 07:14:04,7690.0,1000.0,9978600.0
312,2021-10-13 07:13:50,7690.0,2000.0,9977600.0
313,2021-10-13 07:13:44,7700.0,1500.0,9975600.0
314,2021-10-13 07:13:44,7700.0,1000.0,9974100.0
315,2021-10-13 07:13:30,7700.0,5000.0,9973100.0
316,2021-10-13 07:13:24,7700.0,4000.0,9968100.0
317,2021-10-13 07:13:13,7700.0,3000.0,9964100.0
318,2021-10-13 07:13:09,7700.0,1000.0,9961100.0
319,2021-10-13 07:13:07,7700.0,1000.0,9960100.0
320,2021-10-13 07:12:58,7700.0,2000.0,9959100.0
321,2021-10-13 07:12:57,7690.0,500.0,9957100.0
322,2021-10-13 07:12:48,7700.0,2000.0,9956600.0
323,2021-10-13 07:12:27,7700.0,5800.0,9954600.0
324,2021-10-13 07:12:22,7700.0,1000.0,9948800.0
325,2021-10-13 07:12:22,7700.0,1800.0,9947800.0
326,2021-10-13 07:12:22,7700.0,5000.0,9946000.0
327,2021-10-13 07:12:22,7700.0,3500.0,9941000.0
328,2021-10-13 07:12:22,7700.0,100.0,9937500.0
329,2021-10-13 07:12:22,7700.0,1500.0,9937400.0
330,2021-10-13 07:12:22,7700.0,500.0,9935900.0
331,2021-10-13 07:11:26,7700.0,900.0,9935400.0
332,2021-10-13 07:11:09,7700.0,100.0,9934500.0
333,2021-10-13 07:11:08,7700.0,500.0,9934400.0
334,2021-10-13 07:11:08,7700.0,1000.0,9933900.0
335,2021-10-13 07:11:08,7700.0,1000.0,9932900.0
336,2021-10-13 07:11:08,7700.0,500.0,9931900.0
337,2021-10-13 07:11:06,7700.0,500.0,9931400.0
338,2021-10-13 07:11:02,7700.0,1000.0,9930900.0
339,2021-10-13 07:10:35,7700.0,500.0,9929900.0
340,2021-10-13 07:10:35,7700.0,100.0,9929400.0
341,2021-10-13 07:10:35,7700.0,2000.0,9929300.0
342,2021-10-13 07:10:35,7700.0,1900.0,9927300.0
343,2021-10-13 07:10:23,7700.0,100.0,9925400.0
344,2021-10-13 07:10:23,7700.0,1000.0,9925300.0
345,2021-10-13 07:10:23,7700.0,1000.0,9924300.0
346,2021-10-13 07:10:23,7700.0,200.0,9923300.0
347,2021-10-13 07:10:18,7700.0,300.0,9923100.0
348,2021-10-13 07:10:18,7700.0,9700.0,9922800.0
349,2021-10-13 07:10:16,7700.0,1000.0,9913100.0
350,2021-10-13 07:10:03,7700.0,500.0,9912100.0
351,2021-10-13 07:09:57,7700.0,100.0,9911600.0
352,2021-10-13 07:09:48,7690.0,1000.0,9911500.0
353,2021-10-13 07:09:48,7700.0,3000.0,9910500.0
354,2021-10-13 07:09:37,7690.0,4400.0,9907500.0
355,2021-10-13 07:09:37,7690.0,4400.0,9903100.0
356,2021-10-13 07:09:02,7690.0,500.0,9898700.0
357,2021-10-13 07:08:55,7690.0,100.0,9898200.0
358,2021-10-13 07:08:55,7690.0,200.0,9898100.0
359,2021-10-13 07:08:54,7700.0,2000.0,9897900.0
360,2021-10-13 07:08:47,7700.0,2100.0,9895900.0
361,2021-10-13 07:08:41,7700.0,5000.0,9893800.0
362,2021-10-13 07:08:41,7700.0,500.0,9888800.0
363,2021-10-13 07:08:41,7700.0,1800.0,9888300.0
364,2021-10-13 07:08:41,7700.0,900.0,9886500.0
365,2021-10-13 07:08:41,7710.0,8400.0,9885600.0
366,2021-10-13 07:08:36,7710.0,1000.0,9877200.0
367,2021-10-13 07:08:36,7710.0,200.0,9876200.0
368,2021-10-13 07:08:36,7710.0,400.0,9876000.0
369,2021-10-13 07:08:34,7700.0,1100.0,9875600.0
370,2021-10-13 07:08:34,7700.0,12000.0,9874500.0
371,2021-10-13 07:08:34,7700.0,1000.0,9862500.0
372,2021-10-13 07:08:34,7700.0,900.0,9861500.0
373,2021-10-13 07:07:59,7700.0,400.0,9860600.0
374,2021-10-13 07:07:58,7710.0,600.0,9860200.0
375,2021-10-13 07:07:58,7710.0,4400.0,9859600.0
376,2021-10-13 07:07:49,7700.0,5100.0,9855200.0
377,2021-10-13 07:07:49,7700.0,1000.0,9850100.0
378,2021-10-13 07:07:49,7700.0,1000.0,9849100.0
379,2021-10-13 07:07:49,7700.0,500.0,9848100.0
380,2021-10-13 07:07:49,7700.0,2400.0,9847600.0
381,2021-10-13 07:07:34,7710.0,600.0,9845200.0
382,2021-10-13 07:07:34,7710.0,400.0,9844600.0
383,2021-10-13 07:07:28,7700.0,5000.0,9844200.0
384,2021-10-13 07:07:28,7700.0,1000.0,9839200.0
385,2021-10-13 07:07:28,7700.0,2000.0,9838200.0
386,2021-10-13 07:07:23,7700.0,1000.0,9836200.0
387,2021-10-13 07:07:23,7700.0,1000.0,9835200.0
388,2021-10-13 07:07:23,7700.0,4000.0,9834200.0
389,2021-10-13 07:07:22,7700.0,100.0,9830200.0
390,2021-10-13 07:07:00,7710.0,500.0,9830100.0
391,2021-10-13 07:07:00,7710.0,100.0,9829600.0
392,2021-10-13 07:07:00,7710.0,1000.0,9829500.0
393,2021-10-13 07:06:50,7710.0,100.0,9828500.0
394,2021-10-13 07:06:50,7710.0,500.0,9828400.0
395,2021-10-13 07:06:36,7710.0,5500.0,9827900.0
396,2021-10-13 07:06:33,7710.0,1500.0,9822400.0
397,2021-10-13 07:06:33,7710.0,1000.0,9820900.0
398,2021-10-13 07:06:33,7710.0,200.0,9819900.0
399,2021-10-13 07:06:33,7710.0,1100.0,9819700.0
400,2021-10-13 07:06:33,7710.0,200.0,9818600.0
401,2021-10-13 07:06:31,7720.0,200.0,9818400.0
402,2021-10-13 07:06:09,7720.0,1400.0,9818200.0
403,2021-10-13 07:06:04,7710.0,200.0,9816800.0
404,2021-10-13 07:05:51,7720.0,2800.0,9816600.0
405,2021-10-13 07:05:51,7720.0,2200.0,9813800.0
406,2021-10-13 07:05:46,7720.0,1500.0,9811600.0
407,2021-10-13 07:05:29,7720.0,300.0,9810100.0
408,2021-10-13 07:05:27,7720.0,1000.0,9809800.0
409,2021-10-13 07:05:21,7720.0,100.0,9808800.0
410,2021-10-13 07:05:21,7720.0,2200.0,9808700.0
411,2021-10-13 07:05:21,7720.0,2000.0,9806500.0
412,2021-10-13 07:05:21,7720.0,100.0,9804500.0
413,2021-10-13 07:05:21,7720.0,600.0,9804400.0
414,2021-10-13 07:05:19,7720.0,4400.0,9803800.0
415,2021-10-13 07:05:19,7720.0,600.0,9799400.0
416,2021-10-13 07:05:14,7730.0,2000.0,9798800.0
417,2021-10-13 07:05:10,7720.0,100.0,9796800.0
418,2021-10-13 07:05:10,7720.0,700.0,9796700.0
419,2021-10-13 07:05:10,7720.0,8300.0,9796000.0
420,2021-10-13 07:05:09,7730.0,3000.0,9787700.0
421,2021-10-13 07:05:09,7730.0,300.0,9784700.0
422,2021-10-13 07:05:01,7730.0,100.0,9784400.0
423,2021-10-13 07:05:00,7730.0,1000.0,9784300.0
424,2021-10-13 07:05:00,7730.0,400.0,9783300.0
425,2021-10-13 07:04:50,7730.0,200.0,9782900.0
426,2021-10-13 07:04:46,7720.0,300.0,9782700.0
427,2021-10-13 07:04:39,7720.0,500.0,9782400.0
428,2021-10-13 07:04:34,7720.0,10000.0,9781900.0
429,2021-10-13 07:04:26,7720.0,100.0,9771900.0
430,2021-10-13 07:04:20,7720.0,800.0,9771800.0
431,2021-10-13 07:04:20,7720.0,200.0,9771000.0
432,2021-10-13 07:04:04,7730.0,100.0,9770800.0
433,2021-10-13 07:03:59,7730.0,200.0,9770700.0
434,2021-10-13 07:03:51,7730.0,3000.0,9770500.0
435,2021-10-13 07:03:49,7730.0,500.0,9767500.0
436,2021-10-13 07:03:41,7730.0,100.0,9767000.0
437,2021-10-13 07:03:30,7730.0,500.0,9766900.0
438,2021-10-13 07:03:25,7730.0,500.0,9766400.0
439,2021-10-13 07:03:25,7730.0,800.0,9765900.0
440,2021-10-13 07:03:25,7730.0,3000.0,9765100.0
441,2021-10-13 07:03:25,7730.0,2600.0,9762100.0
442,2021-10-13 07:03:25,7730.0,100.0,9759500.0
443,2021-10-13 07:03:25,7730.0,11600.0,9759400.0
444,2021-10-13 07:03:25,7730.0,1400.0,9747800.0
445,2021-10-13 07:03:12,7740.0,1000.0,9746400.0
446,2021-10-13 07:03:07,7730.0,1000.0,9745400.0
447,2021-10-13 07:03:00,7730.0,1000.0,9744400.0
448,2021-10-13 07:02:55,7740.0,3300.0,9743400.0
449,2021-10-13 07:02:55,7740.0,100.0,9740100.0
450,2021-10-13 07:02:55,7740.0,100.0,9740000.0
451,2021-10-13 07:02:43,7730.0,100.0,9739900.0
452,2021-10-13 07:02:43,7730.0,500.0,9739800.0
453,2021-10-13 07:02:24,7730.0,1000.0,9739300.0
454,2021-10-13 07:02:24,7730.0,3000.0,9738300.0
455,2021-10-13 07:02:20,7730.0,7000.0,9735300.0
456,2021-10-13 07:02:20,7730.0,3000.0,9728300.0
457,2021-10-13 07:02:14,7740.0,300.0,9725300.0
458,2021-10-13 07:01:36,7740.0,100.0,9725000.0
459,2021-10-13 07:01:33,7730.0,300.0,9724900.0
460,2021-10-13 07:01:17,7730.0,1000.0,9724600.0
461,2021-10-13 07:01:08,7730.0,700.0,9723600.0
462,2021-10-13 07:01:08,7730.0,500.0,9722900.0
463,2021-10-13 07:01:08,7730.0,3500.0,9722400.0
464,2021-10-13 07:01:08,7740.0,300.0,9718900.0
465,2021-10-13 07:01:07,7740.0,5000.0,9718600.0
466,2021-10-13 07:01:07,7740.0,10000.0,9713600.0
467,2021-10-13 07:01:05,7740.0,100.0,9703600.0
468,2021-10-13 07:01:05,7740.0,200.0,9703500.0
469,2021-10-13 07:01:00,7740.0,10000.0,9703300.0
470,2021-10-13 07:00:54,7740.0,6000.0,9693300.0
471,2021-10-13 07:00:54,7740.0,1000.0,9687300.0
472,2021-10-13 07:00:54,7740.0,1000.0,9686300.0
473,2021-10-13 07:00:54,7740.0,100.0,9685300.0
474,2021-10-13 07:00:54,7740.0,3000.0,9685200.0
475,2021-10-13 07:00:54,7740.0,2400.0,9682200.0
476,2021-10-13 07:00:54,7740.0,7000.0,9679800.0
477,2021-10-13 07:00:54,7740.0,200.0,9672800.0
478,2021-10-13 07:00:54,7740.0,100.0,9672600.0
479,2021-10-13 07:00:54,7740.0,3600.0,9672500.0
480,2021-10-13 07:00:48,7730.0,500.0,9668900.0
481,2021-10-13 07:00:48,7730.0,500.0,9668400.0
482,2021-10-13 07:00:05,7740.0,6400.0,9667900.0
483,2021-10-13 07:00:05,7740.0,1000.0,9661500.0
484,2021-10-13 07:00:05,7740.0,300.0,9660500.0
485,2021-10-13 07:00:05,7740.0,2000.0,9660200.0
486,2021-10-13 07:00:05,7740.0,100.0,9658200.0
487,2021-10-13 07:00:05,7740.0,5000.0,9658100.0
488,2021-10-13 07:00:05,7740.0,100.0,9653100.0
489,2021-10-13 07:00:05,7740.0,100.0,9653000.0
490,2021-10-13 07:00:02,7730.0,1000.0,9652900.0
491,2021-10-13 07:00:01,7730.0,400.0,9651900.0
492,2021-10-13 06:59:58,7730.0,500.0,9651500.0
493,2021-10-13 06:59:44,7730.0,1000.0,9651000.0
494,2021-10-13 06:59:40,7730.0,100.0,9650000.0
495,2021-10-13 06:59:40,7730.0,500.0,9649900.0
496,2021-10-13 06:59:40,7730.0,2000.0,9649400.0
497,2021-10-13 06:59:28,7730.0,4000.0,9647400.0
498,2021-10-13 06:59:26,7720.0,300.0,9643400.0
499,2021-10-13 06:59:26,7720.0,100.0,9643100.0
500,2021-10-13 06:59:26,7720.0,600.0,9643000.0
501,2021-10-13 06:59:22,7720.0,400.0,9642400.0
502,2021-10-13 06:59:22,7720.0,100.0,9642000.0
503,2021-10-13 06:59:12,7730.0,14800.0,9641900.0
504,2021-10-13 06:59:12,7730.0,1000.0,9627100.0
505,2021-10-13 06:59:12,7730.0,30000.0,9626100.0
506,2021-10-13 06:59:12,7730.0,100.0,9596100.0
507,2021-10-13 06:59:12,7730.0,2000.0,9596000.0
508,2021-10-13 06:59:12,7730.0,100.0,9594000.0
509,2021-10-13 06:59:12,7730.0,2000.0,9593900.0
510,2021-10-13 06:58:51,7710.0,100.0,9591900.0
511,2021-10-13 06:58:49,7720.0,200.0,9591800.0
512,2021-10-13 06:58:49,7720.0,1000.0,9591600.0
513,2021-10-13 06:58:49,7720.0,800.0,9590600.0
514,2021-10-13 06:58:37,7710.0,100.0,9589800.0
515,2021-10-13 06:58:14,7710.0,500.0,9589700.0
516,2021-10-13 06:58:06,7720.0,200.0,9589200.0
517,2021-10-13 06:58:06,7720.0,200.0,9589000.0
518,2021-10-13 06:58:06,7720.0,1000.0,9588800.0
519,2021-10-13 06:58:06,7720.0,100.0,9587800.0
520,2021-10-13 06:58:06,7720.0,1000.0,9587700.0
521,2021-10-13 06:58:06,7720.0,900.0,9586700.0
522,2021-10-13 06:58:06,7720.0,100.0,9585800.0
523,2021-10-13 06:58:06,7720.0,100.0,9585700.0
524,2021-10-13 06:58:06,7720.0,1000.0,9585600.0
525,2021-10-13 06:58:06,7720.0,300.0,9584600.0
526,2021-10-13 06:58:06,7720.0,100.0,9584300.0
527,2021-10-13 06:58:01,7710.0,500.0,9584200.0
528,2021-10-13 06:58:01,7710.0,100.0,9583700.0
529,2021-10-13 06:58:01,7710.0,700.0,9583600.0
530,2021-10-13 06:58:01,7710.0,100.0,9582900.0
531,2021-10-13 06:58:01,7710.0,200.0,9582800.0
532,2021-10-13 06:58:01,7710.0,100.0,9582600.0
533,2021-10-13 06:58:01,7710.0,200.0,9582500.0
534,2021-10-13 06:57:51,7700.0,400.0,9582300.0
535,2021-10-13 06:57:51,7700.0,8000.0,9581900.0
536,2021-10-13 06:57:51,7700.0,5000.0,9573900.0
537,2021-10-13 06:57:47,7700.0,400.0,9568900.0
538,2021-10-13 06:57:40,7700.0,100.0,9568500.0
539,2021-10-13 06:57:40,7700.0,1000.0,9568400.0
540,2021-10-13 06:57:40,7700.0,2000.0,9567400.0
541,2021-10-13 06:57:40,7700.0,1000.0,9565400.0
542,2021-10-13 06:57:40,7700.0,600.0,9564400.0
543,2021-10-13 06:57:40,7700.0,10000.0,9563800.0
544,2021-10-13 06:57:40,7700.0,400.0,9553800.0
545,2021-10-13 06:57:30,7700.0,500.0,9553400.0
546,2021-10-13 06:57:15,7700.0,1000.0,9552900.0
547,2021-10-13 06:57:14,7700.0,200.0,9551900.0
548,2021-10-13 06:56:49,7700.0,2900.0,9551700.0
549,2021-10-13 06:56:49,7700.0,2100.0,9548800.0
550,2021-10-13 06:56:43,7700.0,1000.0,9546700.0
551,2021-10-13 06:56:43,7710.0,2000.0,9545700.0
552,2021-10-13 06:56:42,7710.0,1000.0,9543700.0
553,2021-10-13 06:56:36,7700.0,700.0,9542700.0
554,2021-10-13 06:56:36,7700.0,300.0,9542000.0
555,2021-10-13 06:56:36,7700.0,1000.0,9541700.0
556,2021-10-13 06:56:36,7700.0,1000.0,9540700.0
557,2021-10-13 06:56:36,7700.0,1000.0,9539700.0
558,2021-10-13 06:56:36,7700.0,100.0,9538700.0
559,2021-10-13 06:56:36,7700.0,900.0,9538600.0
560,2021-10-13 06:56:36,7720.0,6000.0,9537700.0
561,2021-10-13 06:56:21,7700.0,5000.0,9531700.0
562,2021-10-13 06:56:17,7700.0,1200.0,9526700.0
563,2021-10-13 06:56:17,7720.0,6900.0,9525500.0
564,2021-10-13 06:56:17,7710.0,100.0,9518600.0
565,2021-10-13 06:56:04,7720.0,10000.0,9518500.0
566,2021-10-13 06:56:02,7700.0,2900.0,9508500.0
567,2021-10-13 06:56:02,7700.0,700.0,9505600.0
568,2021-10-13 06:56:02,7700.0,200.0,9504900.0
569,2021-10-13 06:56:02,7700.0,100.0,9504700.0
570,2021-10-13 06:56:02,7700.0,7000.0,9504600.0
571,2021-10-13 06:56:02,7710.0,100.0,9497600.0
572,2021-10-13 06:56:01,7710.0,300.0,9497500.0
573,2021-10-13 06:56:01,7710.0,100.0,9497200.0
574,2021-10-13 06:56:00,7700.0,2500.0,9497100.0
575,2021-10-13 06:55:52,7710.0,200.0,9494600.0
576,2021-10-13 06:55:45,7700.0,500.0,9494400.0
577,2021-10-13 06:55:45,7700.0,500.0,9493900.0
578,2021-10-13 06:55:42,7710.0,1000.0,9493400.0
579,2021-10-13 06:55:42,7710.0,700.0,9492400.0
580,2021-10-13 06:55:38,7710.0,100.0,9491700.0
581,2021-10-13 06:55:37,7720.0,5000.0,9491600.0
582,2021-10-13 06:55:32,7710.0,1000.0,9486600.0
583,2021-10-13 06:55:26,7720.0,3500.0,9485600.0
584,2021-10-13 06:55:24,7720.0,500.0,9482100.0
585,2021-10-13 06:55:24,7720.0,1600.0,9481600.0
586,2021-10-13 06:55:21,7730.0,3800.0,9480000.0
587,2021-10-13 06:55:21,7740.0,29900.0,9476200.0
588,2021-10-13 06:55:21,7740.0,20100.0,9446300.0
589,2021-10-13 06:55:18,7720.0,10000.0,9426200.0
590,2021-10-13 06:55:18,7730.0,10000.0,9416200.0
591,2021-10-13 06:55:17,7730.0,1000.0,9406200.0
592,2021-10-13 06:55:16,7730.0,5000.0,9405200.0
593,2021-10-13 06:55:13,7730.0,1000.0,9400200.0
594,2021-10-13 06:55:12,7730.0,10000.0,9399200.0
595,2021-10-13 06:55:12,7730.0,1000.0,9389200.0
596,2021-10-13 06:55:11,7730.0,2000.0,9388200.0
597,2021-10-13 06:55:01,7720.0,400.0,9386200.0
598,2021-10-13 06:55:00,7730.0,100.0,9385800.0
599,2021-10-13 06:54:48,7740.0,6000.0,9385700.0
600,2021-10-13 06:54:48,7740.0,1000.0,9379700.0
601,2021-10-13 06:54:48,7740.0,2900.0,9378700.0
602,2021-10-13 06:54:48,7740.0,500.0,9375800.0
603,2021-10-13 06:54:48,7740.0,200.0,9375300.0
604,2021-10-13 06:54:46,7740.0,6400.0,9375100.0
605,2021-10-13 06:54:46,7740.0,600.0,9368700.0
606,2021-10-13 06:54:40,7750.0,10000.0,9368100.0
607,2021-10-13 06:54:38,7750.0,5000.0,9358100.0
608,2021-10-13 06:54:37,7750.0,1000.0,9353100.0
609,2021-10-13 06:54:35,7750.0,1500.0,9352100.0
610,2021-10-13 06:54:35,7750.0,4400.0,9350600.0
611,2021-10-13 06:54:35,7750.0,10000.0,9346200.0
612,2021-10-13 06:54:35,7750.0,1000.0,9336200.0
613,2021-10-13 06:54:35,7750.0,1200.0,9335200.0
614,2021-10-13 06:54:35,7750.0,200.0,9334000.0
615,2021-10-13 06:54:35,7750.0,27300.0,9333800.0
616,2021-10-13 06:54:25,7760.0,100.0,9306500.0
617,2021-10-13 06:54:24,7750.0,5000.0,9306400.0
618,2021-10-13 06:54:24,7750.0,1000.0,9301400.0
619,2021-10-13 06:54:23,7750.0,10000.0,9300400.0
620,2021-10-13 06:54:14,7750.0,6700.0,9290400.0
621,2021-10-13 06:54:14,7750.0,3300.0,9283700.0
622,2021-10-13 06:53:59,7760.0,3000.0,9280400.0
623,2021-10-13 06:53:57,7760.0,100.0,9277400.0
624,2021-10-13 06:53:50,7760.0,1100.0,9277300.0
625,2021-10-13 06:53:50,7760.0,500.0,9276200.0
626,2021-10-13 06:53:50,7760.0,1400.0,9275700.0
627,2021-10-13 06:53:43,7760.0,600.0,9274300.0
628,2021-10-13 06:53:43,7760.0,5000.0,9273700.0
629,2021-10-13 06:53:43,7760.0,1000.0,9268700.0
630,2021-10-13 06:53:43,7760.0,3400.0,9267700.0
631,2021-10-13 06:53:43,7760.0,1600.0,9264300.0
632,2021-10-13 06:53:43,7760.0,600.0,9262700.0
633,2021-10-13 06:53:40,7750.0,500.0,9262100.0
634,2021-10-13 06:53:37,7760.0,1400.0,9261600.0
635,2021-10-13 06:53:37,7760.0,300.0,9260200.0
636,2021-10-13 06:53:37,7760.0,1000.0,9259900.0
637,2021-10-13 06:53:37,7760.0,900.0,9258900.0
638,2021-10-13 06:53:36,7760.0,100.0,9258000.0
639,2021-10-13 06:53:36,7760.0,500.0,9257900.0
640,2021-10-13 06:53:36,7760.0,1000.0,9257400.0
641,2021-10-13 06:53:36,7760.0,8400.0,9256400.0
642,2021-10-13 06:53:33,7760.0,700.0,9248000.0
643,2021-10-13 06:53:27,7760.0,200.0,9247300.0
644,2021-10-13 06:53:27,7760.0,100.0,9247100.0
645,2021-10-13 06:53:23,7760.0,5600.0,9247000.0
646,2021-10-13 06:53:20,7760.0,2100.0,9241400.0
647,2021-10-13 06:53:20,7750.0,100.0,9239300.0
648,2021-10-13 06:53:14,7750.0,1000.0,9239200.0
649,2021-10-13 06:53:10,7750.0,1000.0,9238200.0
650,2021-10-13 06:53:10,7750.0,300.0,9237200.0
651,2021-10-13 06:53:10,7760.0,900.0,9236900.0
652,2021-10-13 06:53:10,7760.0,4500.0,9236000.0
653,2021-10-13 06:53:10,7760.0,100.0,9231500.0
654,2021-10-13 06:53:10,7760.0,1000.0,9231400.0
655,2021-10-13 06:53:10,7760.0,100.0,9230400.0
656,2021-10-13 06:53:10,7760.0,600.0,9230300.0
657,2021-10-13 06:53:10,7760.0,300.0,9229700.0
658,2021-10-13 06:53:10,7760.0,2000.0,9229400.0
659,2021-10-13 06:53:10,7760.0,300.0,9227400.0
660,2021-10-13 06:53:10,7760.0,2000.0,9227100.0
661,2021-10-13 06:53:10,7760.0,300.0,9225100.0
662,2021-10-13 06:53:10,7760.0,5000.0,9224800.0
663,2021-10-13 06:53:10,7760.0,800.0,9219800.0
664,2021-10-13 06:53:10,7760.0,10000.0,9219000.0
665,2021-10-13 06:53:10,7760.0,1000.0,9209000.0
666,2021-10-13 06:53:10,7760.0,100.0,9208000.0
667,2021-10-13 06:53:10,7760.0,1000.0,9207900.0
668,2021-10-13 06:53:09,7750.0,2000.0,9206900.0
669,2021-10-13 06:53:08,7750.0,800.0,9204900.0
670,2021-10-13 06:53:06,7750.0,4200.0,9204100.0
671,2021-10-13 06:53:06,7750.0,800.0,9199900.0
672,2021-10-13 06:53:00,7740.0,2800.0,9199100.0
673,2021-10-13 06:53:00,7740.0,700.0,9196300.0
674,2021-10-13 06:53:00,7740.0,100.0,9195600.0
675,2021-10-13 06:52:58,7740.0,2400.0,9195500.0
676,2021-10-13 06:52:58,7740.0,3000.0,9193100.0
677,2021-10-13 06:52:58,7740.0,3000.0,9190100.0
678,2021-10-13 06:52:57,7750.0,200.0,9187100.0
679,2021-10-13 06:52:57,7750.0,2000.0,9186900.0
680,2021-10-13 06:52:57,7750.0,500.0,9184900.0
681,2021-10-13 06:52:57,7750.0,100.0,9184400.0
682,2021-10-13 06:52:57,7750.0,2000.0,9184300.0
683,2021-10-13 06:52:57,7750.0,1000.0,9182300.0
684,2021-10-13 06:52:57,7750.0,1000.0,9181300.0
685,2021-10-13 06:52:57,7750.0,13200.0,9180300.0
686,2021-10-13 06:52:56,7750.0,500.0,9167100.0
687,2021-10-13 06:52:55,7750.0,3000.0,9166600.0
688,2021-10-13 06:52:52,7750.0,33300.0,9163600.0
689,2021-10-13 06:52:52,7750.0,4000.0,9130300.0
690,2021-10-13 06:52:52,7750.0,1000.0,9126300.0
691,2021-10-13 06:52:52,7750.0,200.0,9125300.0
692,2021-10-13 06:52:52,7750.0,50000.0,9125100.0
693,2021-10-13 06:52:52,7750.0,20000.0,9075100.0
694,2021-10-13 06:52:52,7750.0,2000.0,9055100.0
695,2021-10-13 06:52:52,7750.0,10000.0,9053100.0
696,2021-10-13 06:52:52,7750.0,1000.0,9043100.0
697,2021-10-13 06:52:52,7750.0,10000.0,9042100.0
698,2021-10-13 06:52:52,7750.0,200.0,9032100.0
699,2021-10-13 06:52:52,7750.0,4000.0,9031900.0
700,2021-10-13 06:52:52,7750.0,10400.0,9027900.0
701,2021-10-13 06:52:52,7750.0,200.0,9017500.0
702,2021-10-13 06:52:52,7750.0,3700.0,9017300.0
703,2021-10-13 06:52:50,7750.0,6300.0,9013600.0
704,2021-10-13 06:52:50,7750.0,200.0,9007300.0
705,2021-10-13 06:52:50,7750.0,200.0,9007100.0
706,2021-10-13 06:52:50,7750.0,2500.0,9006900.0
707,2021-10-13 06:52:50,7750.0,1500.0,9004400.0
708,2021-10-13 06:52:50,7750.0,2000.0,9002900.0
709,2021-10-13 06:52:50,7750.0,1000.0,9000900.0
710,2021-10-13 06:52:50,7750.0,10000.0,8999900.0
711,2021-10-13 06:52:50,7750.0,1300.0,8989900.0
712,2021-10-13 06:52:50,7750.0,2000.0,8988600.0
713,2021-10-13 06:52:50,7750.0,3000.0,8986600.0
714,2021-10-13 06:52:50,7750.0,400.0,8983600.0
715,2021-10-13 06:52:50,7750.0,10000.0,8983200.0
716,2021-10-13 06:52:50,7750.0,500.0,8973200.0
717,2021-10-13 06:52:50,7750.0,1000.0,8972700.0
718,2021-10-13 06:52:50,7750.0,3000.0,8971700.0
719,2021-10-13 06:52:50,7750.0,400.0,8968700.0
720,2021-10-13 06:52:50,7750.0,2000.0,8968300.0
721,2021-10-13 06:52:50,7750.0,2000.0,8966300.0
722,2021-10-13 06:52:50,7750.0,100.0,8964300.0
723,2021-10-13 06:52:50,7750.0,2000.0,8964200.0
724,2021-10-13 06:52:50,7750.0,1000.0,8962200.0
725,2021-10-13 06:52:50,7750.0,1000.0,8961200.0
726,2021-10-13 06:52:50,7750.0,200.0,8960200.0
727,2021-10-13 06:52:50,7750.0,2000.0,8960000.0
728,2021-10-13 06:52:50,7750.0,5000.0,8958000.0
729,2021-10-13 06:52:50,7750.0,3000.0,8953000.0
730,2021-10-13 06:52:50,7750.0,34000.0,8950000.0
731,2021-10-13 06:52:50,7750.0,300.0,8916000.0
732,2021-10-13 06:52:50,7750.0,2000.0,8915700.0
733,2021-10-13 06:52:50,7750.0,1000.0,8913700.0
734,2021-10-13 06:52:50,7750.0,400.0,8912700.0
735,2021-10-13 06:52:50,7750.0,10000.0,8912300.0
736,2021-10-13 06:52:50,7750.0,2000.0,8902300.0
737,2021-10-13 06:52:50,7750.0,1000.0,8900300.0
738,2021-10-13 06:52:50,7750.0,100.0,8899300.0
739,2021-10-13 06:52:50,7750.0,100.0,8899200.0
740,2021-10-13 06:52:50,7750.0,100.0,8899100.0
741,2021-10-13 06:52:50,7750.0,500.0,8899000.0
742,2021-10-13 06:52:50,7750.0,500.0,8898500.0
743,2021-10-13 06:52:50,7750.0,400.0,8898000.0
744,2021-10-13 06:52:47,7750.0,500.0,8897600.0
745,2021-10-13 06:52:45,7750.0,4400.0,8897100.0
746,2021-10-13 06:52:45,7740.0,300.0,8892700.0
747,2021-10-13 06:52:45,7740.0,300.0,8892400.0
748,2021-10-13 06:52:44,7740.0,200.0,8892100.0
749,2021-10-13 06:52:35,7750.0,4700.0,8891900.0
750,2021-10-13 06:52:35,7750.0,100.0,8887200.0
751,2021-10-13 06:52:35,7750.0,100.0,8887100.0
752,2021-10-13 06:52:35,7750.0,2000.0,8887000.0
753,2021-10-13 06:52:35,7750.0,200.0,8885000.0
754,2021-10-13 06:52:35,7750.0,200.0,8884800.0
755,2021-10-13 06:52:35,7750.0,200.0,8884600.0
756,2021-10-13 06:52:35,7750.0,100.0,8884400.0
757,2021-10-13 06:52:35,7750.0,2000.0,8884300.0
758,2021-10-13 06:52:35,7750.0,300.0,8882300.0
759,2021-10-13 06:52:35,7750.0,500.0,8882000.0
760,2021-10-13 06:52:35,7750.0,500.0,8881500.0
761,2021-10-13 06:52:35,7750.0,10000.0,8881000.0
762,2021-10-13 06:52:35,7750.0,20000.0,8871000.0
763,2021-10-13 06:52:35,7750.0,500.0,8851000.0
764,2021-10-13 06:52:35,7750.0,10000.0,8850500.0
765,2021-10-13 06:52:35,7750.0,1000.0,8840500.0
766,2021-10-13 06:52:35,7750.0,1000.0,8839500.0
767,2021-10-13 06:52:35,7750.0,200.0,8838500.0
768,2021-10-13 06:52:35,7750.0,1500.0,8838300.0
769,2021-10-13 06:52:35,7750.0,1000.0,8836800.0
770,2021-10-13 06:52:35,7750.0,1000.0,8835800.0
771,2021-10-13 06:52:35,7750.0,1000.0,8834800.0
772,2021-10-13 06:52:35,7750.0,10000.0,8833800.0
773,2021-10-13 06:52:35,7750.0,300.0,8823800.0
774,2021-10-13 06:52:35,7750.0,100.0,8823500.0
775,2021-10-13 06:52:35,7750.0,1000.0,8823400.0
776,2021-10-13 06:52:35,7750.0,5000.0,8822400.0
777,2021-10-13 06:52:35,7750.0,700.0,8817400.0
778,2021-10-13 06:52:35,7750.0,11100.0,8816700.0
779,2021-10-13 06:52:35,7750.0,200.0,8805600.0
780,2021-10-13 06:52:35,7750.0,500.0,8805400.0
781,2021-10-13 06:52:35,7750.0,800.0,8804900.0
782,2021-10-13 06:52:35,7750.0,600.0,8804100.0
783,2021-10-13 06:52:35,7750.0,600.0,8803500.0
784,2021-10-13 06:52:31,7750.0,4400.0,8802900.0
785,2021-10-13 06:52:31,7750.0,500.0,8798500.0
786,2021-10-13 06:52:31,7750.0,5000.0,8798000.0
787,2021-10-13 06:52:31,7740.0,100.0,8793000.0
788,2021-10-13 06:52:28,7740.0,500.0,8792900.0
789,2021-10-13 06:52:28,7750.0,100.0,8792400.0
790,2021-10-13 06:52:28,7750.0,100.0,8792300.0
791,2021-10-13 06:52:28,7750.0,3000.0,8792200.0
792,2021-10-13 06:52:25,7750.0,200.0,8789200.0
793,2021-10-13 06:52:23,7750.0,1600.0,8789000.0
794,2021-10-13 06:52:23,7750.0,1000.0,8787400.0
795,2021-10-13 06:52:23,7750.0,200.0,8786400.0
796,2021-10-13 06:52:23,7750.0,1000.0,8786200.0
797,2021-10-13 06:52:23,7750.0,3700.0,8785200.0
798,2021-10-13 06:52:18,7750.0,200.0,8781500.0
799,2021-10-13 06:52:16,7740.0,100.0,8781300.0
800,2021-10-13 06:52:14,7740.0,500.0,8781200.0
801,2021-10-13 06:52:09,7750.0,2100.0,8780700.0
802,2021-10-13 06:52:09,7750.0,11600.0,8778600.0
803,2021-10-13 06:52:09,7750.0,2000.0,8767000.0
804,2021-10-13 06:52:09,7750.0,300.0,8765000.0
805,2021-10-13 06:52:09,7750.0,1000.0,8764700.0
806,2021-10-13 06:52:09,7750.0,10000.0,8763700.0
807,2021-10-13 06:52:09,7750.0,700.0,8753700.0
808,2021-10-13 06:52:09,7750.0,2300.0,8753000.0
809,2021-10-13 06:52:06,7740.0,2000.0,8750700.0
810,2021-10-13 06:52:04,7740.0,100.0,8748700.0
811,2021-10-13 06:52:03,7740.0,1000.0,8748600.0
812,2021-10-13 06:52:03,7740.0,500.0,8747600.0
813,2021-10-13 06:52:03,7740.0,500.0,8747100.0
814,2021-10-13 06:52:03,7740.0,8000.0,8746600.0
815,2021-10-13 06:52:03,7740.0,1000.0,8738600.0
816,2021-10-13 06:52:03,7740.0,1000.0,8737600.0
817,2021-10-13 06:52:03,7740.0,500.0,8736600.0
818,2021-10-13 06:52:03,7740.0,3000.0,8736100.0
819,2021-10-13 06:52:03,7740.0,1000.0,8733100.0
820,2021-10-13 06:52:03,7740.0,4700.0,8732100.0
821,2021-10-13 06:52:03,7740.0,100.0,8727400.0
822,2021-10-13 06:52:03,7740.0,2000.0,8727300.0
823,2021-10-13 06:52:03,7740.0,200.0,8725300.0
824,2021-10-13 06:52:03,7740.0,200.0,8725100.0
825,2021-10-13 06:52:03,7740.0,200.0,8724900.0
826,2021-10-13 06:52:03,7740.0,2000.0,8724700.0
827,2021-10-13 06:52:03,7740.0,3000.0,8722700.0
828,2021-10-13 06:52:03,7740.0,500.0,8719700.0
829,2021-10-13 06:52:03,7740.0,1000.0,8719200.0
830,2021-10-13 06:52:03,7740.0,1000.0,8718200.0
831,2021-10-13 06:52:03,7740.0,600.0,8717200.0
832,2021-10-13 06:52:03,7740.0,300.0,8716600.0
833,2021-10-13 06:52:03,7740.0,1000.0,8716300.0
834,2021-10-13 06:52:03,7740.0,10000.0,8715300.0
835,2021-10-13 06:52:03,7740.0,10000.0,8705300.0
836,2021-10-13 06:52:03,7740.0,3000.0,8695300.0
837,2021-10-13 06:52:03,7740.0,6000.0,8692300.0
838,2021-10-13 06:52:03,7740.0,100.0,8686300.0
839,2021-10-13 06:52:03,7740.0,1000.0,8686200.0
840,2021-10-13 06:52:03,7740.0,500.0,8685200.0
841,2021-10-13 06:52:03,7740.0,100.0,8684700.0
842,2021-10-13 06:52:03,7740.0,600.0,8684600.0
843,2021-10-13 06:52:03,7740.0,700.0,8684000.0
844,2021-10-13 06:52:03,7740.0,300.0,8683300.0
845,2021-10-13 06:52:03,7740.0,10000.0,8683000.0
846,2021-10-13 06:52:03,7730.0,1000.0,8673000.0
847,2021-10-13 06:52:03,7730.0,20000.0,8672000.0
848,2021-10-13 06:52:03,7730.0,300.0,8652000.0
849,2021-10-13 06:52:03,7730.0,10000.0,8651700.0
850,2021-10-13 06:52:03,7730.0,200.0,8641700.0
851,2021-10-13 06:52:03,7730.0,1200.0,8641500.0
852,2021-10-13 06:52:03,7730.0,1800.0,8640300.0
853,2021-10-13 06:52:03,7730.0,500.0,8638500.0
854,2021-10-13 06:52:03,7730.0,700.0,8638000.0
855,2021-10-13 06:51:57,7730.0,300.0,8637300.0
856,2021-10-13 06:51:57,7730.0,200.0,8637000.0
857,2021-10-13 06:51:57,7730.0,2600.0,8636800.0
858,2021-10-13 06:51:57,7730.0,200.0,8634200.0
859,2021-10-13 06:51:57,7730.0,300.0,8634000.0
860,2021-10-13 06:51:57,7730.0,2100.0,8633700.0
861,2021-10-13 06:51:57,7730.0,100.0,8631600.0
862,2021-10-13 06:51:57,7730.0,100.0,8631500.0
863,2021-10-13 06:51:57,7730.0,1000.0,8631400.0
864,2021-10-13 06:51:57,7730.0,100.0,8630400.0
865,2021-10-13 06:51:57,7730.0,12000.0,8630300.0
866,2021-10-13 06:51:53,7730.0,1000.0,8618300.0
867,2021-10-13 06:51:45,7730.0,7000.0,8617300.0
868,2021-10-13 06:51:45,7730.0,2000.0,8610300.0
869,2021-10-13 06:51:45,7730.0,100.0,8608300.0
870,2021-10-13 06:51:45,7730.0,1000.0,8608200.0
871,2021-10-13 06:51:45,7730.0,500.0,8607200.0
872,2021-10-13 06:51:45,7730.0,500.0,8606700.0
873,2021-10-13 06:51:45,7730.0,5000.0,8606200.0
874,2021-10-13 06:51:45,7730.0,15000.0,8601200.0
875,2021-10-13 06:51:45,7720.0,5000.0,8586200.0
876,2021-10-13 06:51:45,7720.0,500.0,8581200.0
877,2021-10-13 06:51:45,7720.0,1400.0,8580700.0
878,2021-10-13 06:51:44,7720.0,200.0,8579300.0
879,2021-10-13 06:51:43,7720.0,300.0,8579100.0
880,2021-10-13 06:51:42,7720.0,2000.0,8578800.0
881,2021-10-13 06:51:41,7720.0,4700.0,8576800.0
882,2021-10-13 06:51:41,7720.0,5000.0,8572100.0
883,2021-10-13 06:51:41,7720.0,1000.0,8567100.0
884,2021-10-13 06:51:41,7720.0,2300.0,8566100.0
885,2021-10-13 06:51:35,7720.0,2700.0,8563800.0
886,2021-10-13 06:51:35,7720.0,1000.0,8561100.0
887,2021-10-13 06:51:35,7720.0,200.0,8560100.0
888,2021-10-13 06:51:35,7720.0,300.0,8559900.0
889,2021-10-13 06:51:35,7720.0,200.0,8559600.0
890,2021-10-13 06:51:35,7720.0,1100.0,8559400.0
891,2021-10-13 06:51:35,7720.0,2200.0,8558300.0
892,2021-10-13 06:51:35,7720.0,5000.0,8556100.0
893,2021-10-13 06:51:35,7720.0,200.0,8551100.0
894,2021-10-13 06:51:35,7720.0,3300.0,8550900.0
895,2021-10-13 06:51:35,7720.0,3800.0,8547600.0
896,2021-10-13 06:51:30,7710.0,2000.0,8543800.0
897,2021-10-13 06:51:27,7720.0,6200.0,8541800.0
898,2021-10-13 06:51:27,7720.0,1900.0,8535600.0
899,2021-10-13 06:51:27,7720.0,1000.0,8533700.0
900,2021-10-13 06:51:27,7720.0,10000.0,8532700.0
901,2021-10-13 06:51:27,7720.0,2000.0,8522700.0
902,2021-10-13 06:51:27,7720.0,1500.0,8520700.0
903,2021-10-13 06:51:27,7720.0,100.0,8519200.0
904,2021-10-13 06:51:27,7720.0,1000.0,8519100.0
905,2021-10-13 06:51:27,7720.0,500.0,8518100.0
906,2021-10-13 06:51:27,7720.0,5800.0,8517600.0
907,2021-10-13 06:51:27,7710.0,500.0,8511800.0
908,2021-10-13 06:51:27,7710.0,5000.0,8511300.0
909,2021-10-13 06:51:27,7710.0,100.0,8506300.0
910,2021-10-13 06:51:27,7710.0,7000.0,8506200.0
911,2021-10-13 06:51:27,7710.0,10000.0,8499200.0
912,2021-10-13 06:51:27,7710.0,1000.0,8489200.0
913,2021-10-13 06:51:27,7710.0,2600.0,8488200.0
914,2021-10-13 06:51:24,7710.0,400.0,8485600.0
915,2021-10-13 06:51:24,7710.0,500.0,8485200.0
916,2021-10-13 06:51:23,7710.0,1500.0,8484700.0
917,2021-10-13 06:51:23,7710.0,200.0,8483200.0
918,2021-10-13 06:51:23,7710.0,100.0,8483000.0
919,2021-10-13 06:51:23,7710.0,2000.0,8482900.0
920,2021-10-13 06:51:23,7710.0,1200.0,8480900.0
921,2021-10-13 06:51:11,7710.0,800.0,8479700.0
922,2021-10-13 06:51:11,7710.0,200.0,8478900.0
923,2021-10-13 06:51:06,7700.0,1000.0,8478700.0
924,2021-10-13 06:51:06,7700.0,1000.0,8477700.0
925,2021-10-13 06:51:06,7700.0,2500.0,8476700.0
926,2021-10-13 06:51:06,7700.0,2000.0,8474200.0
927,2021-10-13 06:51:06,7700.0,1000.0,8472200.0
928,2021-10-13 06:51:06,7700.0,1800.0,8471200.0
929,2021-10-13 06:51:06,7700.0,2000.0,8469400.0
930,2021-10-13 06:51:06,7700.0,600.0,8467400.0
931,2021-10-13 06:51:06,7700.0,100.0,8466800.0
932,2021-10-13 06:51:06,7700.0,500.0,8466700.0
933,2021-10-13 06:51:06,7700.0,3000.0,8466200.0
934,2021-10-13 06:51:06,7700.0,1000.0,8463200.0
935,2021-10-13 06:51:06,7700.0,700.0,8462200.0
936,2021-10-13 06:51:06,7700.0,1400.0,8461500.0
937,2021-10-13 06:51:06,7700.0,1000.0,8460100.0
938,2021-10-13 06:51:06,7700.0,1000.0,8459100.0
939,2021-10-13 06:51:06,7700.0,4000.0,8458100.0
940,2021-10-13 06:51:06,7700.0,400.0,8454100.0
941,2021-10-13 06:51:06,7700.0,500.0,8453700.0
942,2021-10-13 06:51:06,7700.0,1000.0,8453200.0
943,2021-10-13 06:51:06,7700.0,10000.0,8452200.0
944,2021-10-13 06:51:06,7700.0,2000.0,8442200.0
945,2021-10-13 06:51:06,7700.0,1000.0,8440200.0
946,2021-10-13 06:51:06,7700.0,500.0,8439200.0
947,2021-10-13 06:51:06,7700.0,400.0,8438700.0
948,2021-10-13 06:51:06,7700.0,300.0,8438300.0
949,2021-10-13 06:51:06,7700.0,1000.0,8438000.0
950,2021-10-13 06:51:06,7700.0,1600.0,8437000.0
951,2021-10-13 06:51:06,7700.0,100.0,8435400.0
952,2021-10-13 06:51:06,7700.0,2000.0,8435300.0
953,2021-10-13 06:51:06,7700.0,1000.0,8433300.0
954,2021-10-13 06:51:06,7700.0,300.0,8432300.0
955,2021-10-13 06:51:06,7700.0,200.0,8432000.0
956,2021-10-13 06:51:06,7700.0,100000.0,8431800.0
957,2021-10-13 06:51:06,7700.0,300.0,8331800.0
958,2021-10-13 06:51:06,7700.0,2000.0,8331500.0
959,2021-10-13 06:51:06,7700.0,10000.0,8329500.0
960,2021-10-13 06:51:06,7700.0,2000.0,8319500.0
961,2021-10-13 06:51:06,7700.0,5000.0,8317500.0
962,2021-10-13 06:51:06,7700.0,300.0,8312500.0
963,2021-10-13 06:51:06,7700.0,100.0,8312200.0
964,2021-10-13 06:51:06,7700.0,17400.0,8312100.0
965,2021-10-13 06:51:05,7700.0,2600.0,8294700.0
966,2021-10-13 06:51:05,7700.0,200.0,8292100.0
967,2021-10-13 06:51:05,7700.0,200.0,8291900.0
968,2021-10-13 06:51:05,7700.0,4000.0,8291700.0
969,2021-10-13 06:51:05,7700.0,3000.0,8287700.0
970,2021-10-13 06:51:05,7700.0,700.0,8284700.0
971,2021-10-13 06:51:05,7700.0,100.0,8284000.0
972,2021-10-13 06:51:05,7700.0,6900.0,8283900.0
973,2021-10-13 06:51:05,7700.0,100.0,8277000.0
974,2021-10-13 06:51:05,7700.0,600.0,8276900.0
975,2021-10-13 06:51:05,7700.0,500.0,8276300.0
976,2021-10-13 06:51:05,7700.0,1000.0,8275800.0
977,2021-10-13 06:51:05,7700.0,100.0,8274800.0
978,2021-10-13 06:51:05,7700.0,1200.0,8274700.0
979,2021-10-13 06:51:05,7700.0,400.0,8273500.0
980,2021-10-13 06:51:05,7700.0,200.0,8273100.0
981,2021-10-13 06:51:05,7700.0,500.0,8272900.0
982,2021-10-13 06:51:05,7700.0,100.0,8272400.0
983,2021-10-13 06:51:05,7700.0,100.0,8272300.0
984,2021-10-13 06:51:05,7700.0,5000.0,8272200.0
985,2021-10-13 06:51:05,7700.0,1500.0,8267200.0
986,2021-10-13 06:51:05,7700.0,21000.0,8265700.0
987,2021-10-13 06:51:05,7700.0,500.0,8244700.0
988,2021-10-13 06:51:01,7700.0,100.0,8244200.0
989,2021-10-13 06:50:58,7700.0,200.0,8244100.0
990,2021-10-13 06:50:44,7690.0,5000.0,8243900.0
991,2021-10-13 06:50:43,7700.0,2000.0,8238900.0
992,2021-10-13 06:50:31,7700.0,5000.0,8236900.0
993,2021-10-13 06:50:30,7700.0,21200.0,8231900.0
994,2021-10-13 06:50:30,7700.0,2000.0,8210700.0
995,2021-10-13 06:50:30,7700.0,4000.0,8208700.0
996,2021-10-13 06:50:30,7700.0,200.0,8204700.0
997,2021-10-13 06:50:30,7700.0,100.0,8204500.0
998,2021-10-13 06:50:30,7700.0,100.0,8204400.0
999,2021-10-13 06:50:30,7700.0,600.0,8204300.0
1000,2021-10-13 06:50:30,7700.0,10600.0,8203700.0
1001,2021-10-13 06:50:30,7700.0,20000.0,8193100.0
1002,2021-10-13 06:50:30,7700.0,1500.0,8173100.0
1003,2021-10-13 06:50:30,7700.0,500.0,8171600.0
1004,2021-10-13 06:50:30,7700.0,600.0,8171100.0
1005,2021-10-13 06:50:30,7700.0,300.0,8170500.0
1006,2021-10-13 06:50:30,7700.0,1000.0,8170200.0
1007,2021-10-13 06:50:30,7700.0,2000.0,8169200.0
1008,2021-10-13 06:50:30,7700.0,1000.0,8167200.0
1009,2021-10-13 06:50:30,7700.0,1300.0,8166200.0
1010,2021-10-13 06:50:30,7700.0,1000.0,8164900.0
1011,2021-10-13 06:50:30,7700.0,5600.0,8163900.0
1012,2021-10-13 06:50:30,7700.0,10000.0,8158300.0
1013,2021-10-13 06:50:30,7700.0,300.0,8148300.0
1014,2021-10-13 06:50:30,7700.0,3000.0,8148000.0
1015,2021-10-13 06:50:30,7700.0,2900.0,8145000.0
1016,2021-10-13 06:50:30,7700.0,100.0,8142100.0
1017,2021-10-13 06:50:30,7700.0,500.0,8142000.0
1018,2021-10-13 06:50:30,7700.0,1000.0,8141500.0
1019,2021-10-13 06:50:30,7700.0,600.0,8140500.0
1020,2021-10-13 06:50:30,7700.0,500.0,8139900.0
1021,2021-10-13 06:50:30,7700.0,100.0,8139400.0
1022,2021-10-13 06:50:30,7700.0,1000.0,8139300.0
1023,2021-10-13 06:50:30,7700.0,800.0,8138300.0
1024,2021-10-13 06:50:30,7700.0,10000.0,8137500.0
1025,2021-10-13 06:50:30,7700.0,400.0,8127500.0
1026,2021-10-13 06:50:30,7700.0,10000.0,8127100.0
1027,2021-10-13 06:50:30,7700.0,100.0,8117100.0
1028,2021-10-13 06:50:30,7700.0,100.0,8117000.0
1029,2021-10-13 06:50:30,7700.0,10000.0,8116900.0
1030,2021-10-13 06:50:30,7700.0,400.0,8106900.0
1031,2021-10-13 06:50:30,7700.0,300.0,8106500.0
1032,2021-10-13 06:50:30,7700.0,100.0,8106200.0
1033,2021-10-13 06:50:30,7700.0,30000.0,8106100.0
1034,2021-10-13 06:50:30,7700.0,1000.0,8076100.0
1035,2021-10-13 06:50:30,7700.0,700.0,8075100.0
1036,2021-10-13 06:50:30,7700.0,500.0,8074400.0
1037,2021-10-13 06:50:30,7700.0,1500.0,8073900.0
1038,2021-10-13 06:50:30,7700.0,10000.0,8072400.0
1039,2021-10-13 06:50:30,7700.0,30000.0,8062400.0
1040,2021-10-13 06:50:30,7700.0,500.0,8032400.0
1041,2021-10-13 06:50:24,7690.0,20100.0,8031900.0
1042,2021-10-13 06:50:24,7690.0,300.0,8011800.0
1043,2021-10-13 06:50:16,7690.0,200.0,8011500.0
1044,2021-10-13 06:50:12,7690.0,100.0,8011300.0
1045,2021-10-13 06:50:12,7690.0,1000.0,8011200.0
1046,2021-10-13 06:50:12,7690.0,400.0,8010200.0
1047,2021-10-13 06:49:56,7690.0,600.0,8009800.0
1048,2021-10-13 06:49:53,7690.0,300.0,8009200.0
1049,2021-10-13 06:49:53,7690.0,100.0,8008900.0
1050,2021-10-13 06:49:48,7690.0,2000.0,8008800.0
1051,2021-10-13 06:49:48,7690.0,4000.0,8006800.0
1052,2021-10-13 06:49:46,7680.0,600.0,8002800.0
1053,2021-10-13 06:49:46,7680.0,100.0,8002200.0
1054,2021-10-13 06:49:46,7680.0,500.0,8002100.0
1055,2021-10-13 06:49:46,7680.0,8500.0,8001600.0
1056,2021-10-13 06:49:46,7690.0,100.0,7993100.0
1057,2021-10-13 06:49:46,7690.0,16000.0,7993000.0
1058,2021-10-13 06:49:41,7690.0,1000.0,7977000.0
1059,2021-10-13 06:49:41,7690.0,3000.0,7976000.0
1060,2021-10-13 06:49:13,7690.0,2000.0,7973000.0
1061,2021-10-13 06:49:13,7690.0,3000.0,7971000.0
1062,2021-10-13 06:49:13,7690.0,31000.0,7968000.0
1063,2021-10-13 06:49:13,7690.0,1000.0,7937000.0
1064,2021-10-13 06:49:13,7690.0,300.0,7936000.0
1065,2021-10-13 06:49:13,7690.0,2700.0,7935700.0
1066,2021-10-13 06:49:00,7690.0,100.0,7933000.0
1067,2021-10-13 06:48:31,7680.0,1000.0,7932900.0
1068,2021-10-13 06:48:27,7680.0,500.0,7931900.0
1069,2021-10-13 06:48:21,7690.0,1200.0,7931400.0
1070,2021-10-13 06:48:21,7690.0,1000.0,7930200.0
1071,2021-10-13 06:48:21,7690.0,1000.0,7929200.0
1072,2021-10-13 06:48:21,7690.0,10000.0,7928200.0
1073,2021-10-13 06:48:21,7690.0,1000.0,7918200.0
1074,2021-10-13 06:48:21,7690.0,9400.0,7917200.0
1075,2021-10-13 06:48:21,7680.0,26400.0,7907800.0
1076,2021-10-13 06:48:20,7680.0,1600.0,7881400.0
1077,2021-10-13 06:48:20,7680.0,100.0,7879800.0
1078,2021-10-13 06:48:20,7680.0,1900.0,7879700.0
1079,2021-10-13 06:48:12,7680.0,3100.0,7877800.0
1080,2021-10-13 06:48:12,7680.0,300.0,7874700.0
1081,2021-10-13 06:48:12,7680.0,1700.0,7874400.0
1082,2021-10-13 06:48:12,7680.0,1000.0,7872700.0
1083,2021-10-13 06:48:12,7680.0,13900.0,7871700.0
1084,2021-10-13 06:48:04,7680.0,1000.0,7857800.0
1085,2021-10-13 06:48:00,7680.0,5000.0,7856800.0
1086,2021-10-13 06:47:33,7680.0,100.0,7851800.0
1087,2021-10-13 06:47:33,7680.0,300.0,7851700.0
1088,2021-10-13 06:47:33,7680.0,4600.0,7851400.0
1089,2021-10-13 06:47:33,7680.0,3100.0,7846800.0
1090,2021-10-13 06:47:28,7680.0,10000.0,7843700.0
1091,2021-10-13 06:47:27,7680.0,300.0,7833700.0
1092,2021-10-13 06:47:27,7680.0,100.0,7833400.0
1093,2021-10-13 06:47:27,7680.0,100.0,7833300.0
1094,2021-10-13 06:47:27,7680.0,500.0,7833200.0
1095,2021-10-13 06:47:23,7680.0,2000.0,7832700.0
1096,2021-10-13 06:47:23,7690.0,600.0,7830700.0
1097,2021-10-13 06:47:23,7690.0,400.0,7830100.0
1098,2021-10-13 06:46:36,7680.0,1000.0,7829700.0
1099,2021-10-13 06:46:33,7680.0,5000.0,7828700.0
1100,2021-10-13 06:46:05,7680.0,100.0,7823700.0
1101,2021-10-13 06:45:43,7680.0,20000.0,7823600.0
1102,2021-10-13 06:45:43,7680.0,100.0,7803600.0
1103,2021-10-13 06:45:35,7690.0,1200.0,7803500.0
1104,2021-10-13 06:45:27,7690.0,2400.0,7802300.0
1105,2021-10-13 06:45:27,7690.0,600.0,7799900.0
1106,2021-10-13 06:45:16,7690.0,400.0,7799300.0
1107,2021-10-13 06:45:16,7690.0,2000.0,7798900.0
1108,2021-10-13 06:45:16,7690.0,600.0,7796900.0
1109,2021-10-13 06:45:11,7690.0,200.0,7796300.0
1110,2021-10-13 06:45:07,7690.0,200.0,7796100.0
1111,2021-10-13 06:45:07,7690.0,5000.0,7795900.0
1112,2021-10-13 06:45:07,7690.0,2000.0,7790900.0
1113,2021-10-13 06:45:07,7690.0,2800.0,7788900.0
1114,2021-10-13 06:45:01,7680.0,5000.0,7786100.0
1115,2021-10-13 06:44:34,7680.0,1000.0,7781100.0
1116,2021-10-13 06:44:31,7680.0,200.0,7780100.0
1117,2021-10-13 06:44:27,7680.0,100.0,7779900.0
1118,2021-10-13 06:44:20,7690.0,3000.0,7779800.0
1119,2021-10-13 06:44:20,7690.0,2000.0,7776800.0
1120,2021-10-13 06:44:20,7690.0,1000.0,7774800.0
1121,2021-10-13 06:44:20,7690.0,2000.0,7773800.0
1122,2021-10-13 06:43:46,7680.0,100.0,7771800.0
1123,2021-10-13 06:43:39,7680.0,2000.0,7771700.0
1124,2021-10-13 06:43:34,7680.0,400.0,7769700.0
1125,2021-10-13 06:43:34,7680.0,2000.0,7769300.0
1126,2021-10-13 06:43:34,7680.0,300.0,7767300.0
1127,2021-10-13 06:43:34,7680.0,1000.0,7767000.0
1128,2021-10-13 06:43:34,7680.0,500.0,7766000.0
1129,2021-10-13 06:43:34,7680.0,10000.0,7765500.0
1130,2021-10-13 06:43:34,7680.0,100.0,7755500.0
1131,2021-10-13 06:43:34,7680.0,2100.0,7755400.0
1132,2021-10-13 06:43:19,7680.0,13000.0,7753300.0
1133,2021-10-13 06:43:15,7680.0,4900.0,7740300.0
1134,2021-10-13 06:43:15,7680.0,100.0,7735400.0
1135,2021-10-13 06:43:15,7680.0,100.0,7735300.0
1136,2021-10-13 06:43:15,7670.0,2000.0,7735200.0
1137,2021-10-13 06:43:15,7670.0,3100.0,7733200.0
1138,2021-10-13 06:43:15,7670.0,1000.0,7730100.0
1139,2021-10-13 06:43:15,7670.0,20000.0,7729100.0
1140,2021-10-13 06:43:15,7660.0,5000.0,7709100.0
1141,2021-10-13 06:43:15,7660.0,1100.0,7704100.0
1142,2021-10-13 06:43:15,7660.0,500.0,7703000.0
1143,2021-10-13 06:43:15,7660.0,100.0,7702500.0
1144,2021-10-13 06:43:15,7660.0,2100.0,7702400.0
1145,2021-10-13 06:43:01,7660.0,100.0,7700300.0
1146,2021-10-13 06:42:57,7650.0,200.0,7700200.0
1147,2021-10-13 06:42:57,7650.0,50000.0,7700000.0
1148,2021-10-13 06:42:57,7650.0,20000.0,7650000.0
1149,2021-10-13 06:42:57,7650.0,300.0,7630000.0
1150,2021-10-13 06:42:57,7650.0,5000.0,7629700.0
1151,2021-10-13 06:42:57,7650.0,5500.0,7624700.0
1152,2021-10-13 06:42:57,7650.0,1000.0,7619200.0
1153,2021-10-13 06:42:57,7650.0,600.0,7618200.0
1154,2021-10-13 06:42:57,7650.0,100.0,7617600.0
1155,2021-10-13 06:42:57,7650.0,100.0,7617500.0
1156,2021-10-13 06:42:57,7650.0,500.0,7617400.0
1157,2021-10-13 06:42:57,7650.0,1000.0,7616900.0
1158,2021-10-13 06:42:57,7650.0,100.0,7615900.0
1159,2021-10-13 06:42:57,7650.0,1800.0,7615800.0
1160,2021-10-13 06:42:41,7640.0,1000.0,7614000.0
1161,2021-10-13 06:42:23,7640.0,2000.0,7613000.0
1162,2021-10-13 06:42:23,7640.0,9000.0,7611000.0
1163,2021-10-13 06:42:15,7640.0,1000.0,7602000.0
1164,2021-10-13 06:42:12,7630.0,500.0,7601000.0
1165,2021-10-13 06:42:12,7630.0,300.0,7600500.0
1166,2021-10-13 06:42:12,7630.0,100.0,7600200.0
1167,2021-10-13 06:42:12,7630.0,1000.0,7600100.0
1168,2021-10-13 06:42:01,7630.0,100.0,7599100.0
1169,2021-10-13 06:41:36,7630.0,200.0,7599000.0
1170,2021-10-13 06:41:01,7630.0,100.0,7598800.0
1171,2021-10-13 06:40:50,7630.0,400.0,7598700.0
1172,2021-10-13 06:40:50,7630.0,1000.0,7598300.0
1173,2021-10-13 06:40:50,7630.0,5600.0,7597300.0
1174,2021-10-13 06:40:12,7630.0,2000.0,7591700.0
1175,2021-10-13 06:40:12,7630.0,2400.0,7589700.0
1176,2021-10-13 06:40:04,7630.0,1000.0,7587300.0
1177,2021-10-13 06:40:04,7630.0,10600.0,7586300.0
1178,2021-10-13 06:40:04,7630.0,4000.0,7575700.0
1179,2021-10-13 06:40:04,7630.0,5000.0,7571700.0
1180,2021-10-13 06:40:04,7630.0,400.0,7566700.0
1181,2021-10-13 06:39:50,7630.0,100.0,7566300.0
1182,2021-10-13 06:39:37,7620.0,200.0,7566200.0
1183,2021-10-13 06:39:37,7620.0,1800.0,7566000.0
1184,2021-10-13 06:39:15,7620.0,2500.0,7564200.0
1185,2021-10-13 06:39:15,7620.0,1000.0,7561700.0
1186,2021-10-13 06:39:15,7620.0,100.0,7560700.0
1187,2021-10-13 06:39:15,7620.0,3500.0,7560600.0
1188,2021-10-13 06:39:15,7620.0,1100.0,7557100.0
1189,2021-10-13 06:38:58,7620.0,9700.0,7556000.0
1190,2021-10-13 06:38:58,7620.0,300.0,7546300.0
1191,2021-10-13 06:38:13,7610.0,400.0,7546000.0
1192,2021-10-13 06:38:12,7610.0,400.0,7545600.0
1193,2021-10-13 06:38:12,7610.0,500.0,7545200.0
1194,2021-10-13 06:38:12,7610.0,600.0,7544700.0
1195,2021-10-13 06:37:37,7610.0,1700.0,7544100.0
1196,2021-10-13 06:37:20,7610.0,200.0,7542400.0
1197,2021-10-13 06:37:16,7620.0,3000.0,7542200.0
1198,2021-10-13 06:37:09,7610.0,2500.0,7539200.0
1199,2021-10-13 06:37:09,7610.0,2500.0,7536700.0
1200,2021-10-13 06:36:52,7620.0,200.0,7534200.0
1201,2021-10-13 06:36:17,7610.0,3000.0,7534000.0
1202,2021-10-13 06:36:05,7610.0,9500.0,7531000.0
1203,2021-10-13 06:35:58,7610.0,1100.0,7521500.0
1204,2021-10-13 06:35:54,7610.0,1000.0,7520400.0
1205,2021-10-13 06:35:53,7610.0,2000.0,7519400.0
1206,2021-10-13 06:35:53,7610.0,5000.0,7517400.0
1207,2021-10-13 06:35:53,7610.0,1400.0,7512400.0
1208,2021-10-13 06:35:52,7610.0,3000.0,7511000.0
1209,2021-10-13 06:35:45,7610.0,5600.0,7508000.0
1210,2021-10-13 06:35:45,7610.0,900.0,7502400.0
1211,2021-10-13 06:35:45,7610.0,1000.0,7501500.0
1212,2021-10-13 06:35:06,7610.0,19000.0,7500500.0
1213,2021-10-13 06:35:06,7610.0,20000.0,7481500.0
1214,2021-10-13 06:35:06,7620.0,200.0,7461500.0
1215,2021-10-13 06:35:06,7620.0,100.0,7461300.0
1216,2021-10-13 06:35:06,7620.0,700.0,7461200.0
1217,2021-10-13 06:34:59,7620.0,2000.0,7460500.0
1218,2021-10-13 06:34:48,7620.0,100.0,7458500.0
1219,2021-10-13 06:34:45,7620.0,100.0,7458400.0
1220,2021-10-13 06:34:32,7620.0,2000.0,7458300.0
1221,2021-10-13 06:34:16,7620.0,1100.0,7456300.0
1222,2021-10-13 06:34:06,7620.0,20000.0,7455200.0
1223,2021-10-13 06:33:58,7620.0,5000.0,7435200.0
1224,2021-10-13 06:33:54,7620.0,2000.0,7430200.0
1225,2021-10-13 06:33:54,7610.0,3200.0,7428200.0
1226,2021-10-13 06:33:54,7610.0,300.0,7425000.0
1227,2021-10-13 06:33:54,7610.0,3500.0,7424700.0
1228,2021-10-13 06:33:40,7610.0,200.0,7421200.0
1229,2021-10-13 06:33:35,7610.0,100.0,7421000.0
1230,2021-10-13 06:33:24,7610.0,10000.0,7420900.0
1231,2021-10-13 06:33:17,7610.0,100.0,7410900.0
1232,2021-10-13 06:33:07,7610.0,2500.0,7410800.0
1233,2021-10-13 06:33:06,7610.0,400.0,7408300.0
1234,2021-10-13 06:33:04,7610.0,300.0,7407900.0
1235,2021-10-13 06:33:01,7610.0,100.0,7407600.0
1236,2021-10-13 06:32:59,7610.0,100.0,7407500.0
1237,2021-10-13 06:32:47,7610.0,1700.0,7407400.0
1238,2021-10-13 06:32:34,7610.0,5000.0,7405700.0
1239,2021-10-13 06:32:28,7610.0,200.0,7400700.0
1240,2021-10-13 06:32:28,7610.0,2000.0,7400500.0
1241,2021-10-13 06:32:28,7610.0,20000.0,7398500.0
1242,2021-10-13 06:32:28,7610.0,100.0,7378500.0
1243,2021-10-13 06:32:28,7610.0,2000.0,7378400.0
1244,2021-10-13 06:32:28,7610.0,1000.0,7376400.0
1245,2021-10-13 06:32:28,7610.0,700.0,7375400.0
1246,2021-10-13 06:32:18,7610.0,300.0,7374700.0
1247,2021-10-13 06:32:18,7610.0,100.0,7374400.0
1248,2021-10-13 06:32:18,7610.0,15000.0,7374300.0
1249,2021-10-13 06:32:18,7620.0,700.0,7359300.0
1250,2021-10-13 06:32:18,7620.0,100.0,7358600.0
1251,2021-10-13 06:32:18,7620.0,200.0,7358500.0
1252,2021-10-13 06:32:18,7620.0,100.0,7358300.0
1253,2021-10-13 06:32:18,7620.0,1000.0,7358200.0
1254,2021-10-13 06:32:18,7620.0,1000.0,7357200.0
1255,2021-10-13 06:32:18,7620.0,10000.0,7356200.0
1256,2021-10-13 06:32:18,7620.0,1000.0,7346200.0
1257,2021-10-13 06:32:18,7620.0,500.0,7345200.0
1258,2021-10-13 06:32:13,7620.0,500.0,7344700.0
1259,2021-10-13 06:32:13,7620.0,300.0,7344200.0
1260,2021-10-13 06:32:07,7620.0,700.0,7343900.0
1261,2021-10-13 06:32:07,7620.0,3000.0,7343200.0
1262,2021-10-13 06:31:32,7620.0,200.0,7340200.0
1263,2021-10-13 06:31:18,7630.0,3300.0,7340000.0
1264,2021-10-13 06:31:18,7630.0,400.0,7336700.0
1265,2021-10-13 06:31:18,7630.0,1000.0,7336300.0
1266,2021-10-13 06:31:18,7630.0,300.0,7335300.0
1267,2021-10-13 06:31:18,7630.0,15000.0,7335000.0
1268,2021-10-13 06:31:16,7620.0,300.0,7320000.0
1269,2021-10-13 06:30:50,7620.0,2700.0,7319700.0
1270,2021-10-13 06:30:48,7630.0,5100.0,7317000.0
1271,2021-10-13 06:30:48,7630.0,500.0,7311900.0
1272,2021-10-13 06:30:46,7620.0,2000.0,7311400.0
1273,2021-10-13 06:30:29,7620.0,1800.0,7309400.0
1274,2021-10-13 06:30:29,7620.0,1000.0,7307600.0
1275,2021-10-13 06:30:29,7620.0,1200.0,7306600.0
1276,2021-10-13 06:30:25,7620.0,300.0,7305400.0
1277,2021-10-13 06:30:25,7620.0,1700.0,7305100.0
1278,2021-10-13 06:30:07,7620.0,1000.0,7303400.0
1279,2021-10-13 06:29:18,7630.0,1800.0,7302400.0
1280,2021-10-13 06:29:12,7630.0,900.0,7300600.0
1281,2021-10-13 06:28:56,7630.0,500.0,7299700.0
1282,2021-10-13 06:28:33,7630.0,3000.0,7299200.0
1283,2021-10-13 06:28:25,7630.0,800.0,7296200.0
1284,2021-10-13 06:28:25,7630.0,1000.0,7295400.0
1285,2021-10-13 06:28:25,7630.0,1700.0,7294400.0
1286,2021-10-13 06:28:25,7630.0,100.0,7292700.0
1287,2021-10-13 06:28:25,7630.0,300.0,7292600.0
1288,2021-10-13 06:28:25,7630.0,1000.0,7292300.0
1289,2021-10-13 06:28:25,7630.0,100.0,7291300.0
1290,2021-10-13 06:28:19,7630.0,100.0,7291200.0
1291,2021-10-13 06:28:03,7630.0,300.0,7291100.0
1292,2021-10-13 06:28:03,7630.0,700.0,7290800.0
1293,2021-10-13 06:27:28,7630.0,500.0,7290100.0
1294,2021-10-13 06:27:27,7630.0,3000.0,7289600.0
1295,2021-10-13 06:27:23,7630.0,1000.0,7286600.0
1296,2021-10-13 06:27:01,7630.0,100.0,7285600.0
1297,2021-10-13 06:26:52,7630.0,1000.0,7285500.0
1298,2021-10-13 06:26:43,7630.0,1300.0,7284500.0
1299,2021-10-13 06:26:28,7630.0,1000.0,7283200.0
1300,2021-10-13 06:26:28,7630.0,1000.0,7282200.0
1301,2021-10-13 06:26:28,7630.0,100.0,7281200.0
1302,2021-10-13 06:26:28,7630.0,300.0,7281100.0
1303,2021-10-13 06:26:24,7630.0,500.0,7280800.0
1304,2021-10-13 06:26:19,7630.0,100.0,7280300.0
1305,2021-10-13 06:26:10,7630.0,1100.0,7280200.0
1306,2021-10-13 06:26:06,7630.0,100.0,7279100.0
1307,2021-10-13 06:25:25,7630.0,500.0,7279000.0
1308,2021-10-13 06:25:18,7620.0,100.0,7278500.0
1309,2021-10-13 06:24:42,7620.0,2200.0,7278400.0
1310,2021-10-13 06:24:42,7620.0,500.0,7276200.0
1311,2021-10-13 06:24:42,7620.0,2700.0,7275700.0
1312,2021-10-13 06:24:05,7620.0,4000.0,7273000.0
1313,2021-10-13 06:24:02,7630.0,500.0,7269000.0
1314,2021-10-13 06:23:45,7620.0,2000.0,7268500.0
1315,2021-10-13 06:23:43,7630.0,5000.0,7266500.0
1316,2021-10-13 06:23:41,7620.0,1000.0,7261500.0
1317,2021-10-13 06:23:40,7630.0,2000.0,7260500.0
1318,2021-10-13 06:23:22,7620.0,100.0,7258500.0
1319,2021-10-13 06:23:18,7620.0,200.0,7258400.0
1320,2021-10-13 06:23:18,7620.0,500.0,7258200.0
1321,2021-10-13 06:23:18,7620.0,1300.0,7257700.0
1322,2021-10-13 06:23:08,7620.0,700.0,7256400.0
1323,2021-10-13 06:23:08,7620.0,3500.0,7255700.0
1324,2021-10-13 06:23:02,7630.0,500.0,7252200.0
1325,2021-10-13 06:22:54,7620.0,1500.0,7251700.0
1326,2021-10-13 06:22:54,7620.0,500.0,7250200.0
1327,2021-10-13 06:22:48,7620.0,500.0,7249700.0
1328,2021-10-13 06:21:43,7610.0,5000.0,7249200.0
1329,2021-10-13 06:21:15,7600.0,900.0,7244200.0
1330,2021-10-13 06:21:15,7600.0,200.0,7243300.0
1331,2021-10-13 06:21:15,7600.0,2000.0,7243100.0
1332,2021-10-13 06:20:49,7600.0,1500.0,7241100.0
1333,2021-10-13 06:20:49,7600.0,1000.0,7239600.0
1334,2021-10-13 06:20:49,7600.0,1000.0,7238600.0
1335,2021-10-13 06:20:49,7600.0,100.0,7237600.0
1336,2021-10-13 06:20:49,7600.0,200.0,7237500.0
1337,2021-10-13 06:20:49,7600.0,5000.0,7237300.0
1338,2021-10-13 06:20:49,7600.0,1000.0,7232300.0
1339,2021-10-13 06:20:49,7600.0,1000.0,7231300.0
1340,2021-10-13 06:20:49,7600.0,2000.0,7230300.0
1341,2021-10-13 06:20:49,7600.0,5000.0,7228300.0
1342,2021-10-13 06:20:49,7600.0,2000.0,7223300.0
1343,2021-10-13 06:20:49,7600.0,1000.0,7221300.0
1344,2021-10-13 06:20:49,7600.0,2000.0,7220300.0
1345,2021-10-13 06:20:49,7600.0,300.0,7218300.0
1346,2021-10-13 06:20:49,7600.0,500.0,7218000.0
1347,2021-10-13 06:20:49,7600.0,100.0,7217500.0
1348,2021-10-13 06:20:49,7600.0,1000.0,7217400.0
1349,2021-10-13 06:20:49,7600.0,3800.0,7216400.0
1350,2021-10-13 06:20:49,7600.0,500.0,7212600.0
1351,2021-10-13 06:20:49,7600.0,1200.0,7212100.0
1352,2021-10-13 06:20:49,7600.0,500.0,7210900.0
1353,2021-10-13 06:20:49,7600.0,500.0,7210400.0
1354,2021-10-13 06:20:49,7600.0,200.0,7209900.0
1355,2021-10-13 06:20:49,7600.0,2000.0,7209700.0
1356,2021-10-13 06:20:49,7600.0,200.0,7207700.0
1357,2021-10-13 06:20:49,7600.0,30000.0,7207500.0
1358,2021-10-13 06:20:49,7600.0,1000.0,7177500.0
1359,2021-10-13 06:20:49,7600.0,2000.0,7176500.0
1360,2021-10-13 06:20:49,7600.0,2000.0,7174500.0
1361,2021-10-13 06:20:49,7600.0,1000.0,7172500.0
1362,2021-10-13 06:20:49,7600.0,100.0,7171500.0
1363,2021-10-13 06:20:49,7600.0,500.0,7171400.0
1364,2021-10-13 06:20:49,7600.0,6000.0,7170900.0
1365,2021-10-13 06:20:49,7600.0,100.0,7164900.0
1366,2021-10-13 06:20:49,7600.0,500.0,7164800.0
1367,2021-10-13 06:20:49,7600.0,1000.0,7164300.0
1368,2021-10-13 06:20:49,7600.0,200.0,7163300.0
1369,2021-10-13 06:20:49,7600.0,2000.0,7163100.0
1370,2021-10-13 06:20:49,7600.0,100.0,7161100.0
1371,2021-10-13 06:20:49,7600.0,200.0,7161000.0
1372,2021-10-13 06:20:49,7600.0,100.0,7160800.0
1373,2021-10-13 06:20:49,7600.0,100.0,7160700.0
1374,2021-10-13 06:20:49,7600.0,5000.0,7160600.0
1375,2021-10-13 06:20:49,7600.0,100.0,7155600.0
1376,2021-10-13 06:20:49,7600.0,300.0,7155500.0
1377,2021-10-13 06:20:49,7600.0,200.0,7155200.0
1378,2021-10-13 06:20:49,7600.0,500.0,7155000.0
1379,2021-10-13 06:20:49,7600.0,500.0,7154500.0
1380,2021-10-13 06:20:49,7600.0,1000.0,7154000.0
1381,2021-10-13 06:20:49,7600.0,2000.0,7153000.0
1382,2021-10-13 06:20:49,7600.0,1000.0,7151000.0
1383,2021-10-13 06:20:49,7600.0,200.0,7150000.0
1384,2021-10-13 06:20:49,7600.0,4500.0,7149800.0
1385,2021-10-13 06:20:49,7610.0,3000.0,7145300.0
1386,2021-10-13 06:20:49,7610.0,4100.0,7142300.0
1387,2021-10-13 06:20:49,7610.0,3000.0,7138200.0
1388,2021-10-13 06:20:49,7610.0,5000.0,7135200.0
1389,2021-10-13 06:20:49,7610.0,2700.0,7130200.0
1390,2021-10-13 06:20:49,7610.0,100.0,7127500.0
1391,2021-10-13 06:20:49,7610.0,3500.0,7127400.0
1392,2021-10-13 06:20:49,7610.0,200.0,7123900.0
1393,2021-10-13 06:20:49,7610.0,200.0,7123700.0
1394,2021-10-13 06:20:49,7610.0,100.0,7123500.0
1395,2021-10-13 06:20:49,7610.0,2000.0,7123400.0
1396,2021-10-13 06:20:49,7610.0,5000.0,7121400.0
1397,2021-10-13 06:20:49,7610.0,100.0,7116400.0
1398,2021-10-13 06:20:49,7610.0,1000.0,7116300.0
1399,2021-10-13 06:20:49,7610.0,20000.0,7115300.0
1400,2021-10-13 06:20:49,7610.0,5000.0,7095300.0
1401,2021-10-13 06:20:49,7610.0,10000.0,7090300.0
1402,2021-10-13 06:20:49,7620.0,63200.0,7080300.0
1403,2021-10-13 06:20:43,7630.0,1800.0,7017100.0
1404,2021-10-13 06:20:43,7630.0,4500.0,7015300.0
1405,2021-10-13 06:20:43,7630.0,3700.0,7010800.0
1406,2021-10-13 06:20:34,7630.0,100.0,7007100.0
1407,2021-10-13 06:20:25,7620.0,1000.0,7007000.0
1408,2021-10-13 06:20:24,7620.0,300.0,7006000.0
1409,2021-10-13 06:20:24,7620.0,900.0,7005700.0
1410,2021-10-13 06:20:24,7620.0,1300.0,7004800.0
1411,2021-10-13 06:20:18,7620.0,600.0,7003500.0
1412,2021-10-13 06:20:17,7620.0,1000.0,7002900.0
1413,2021-10-13 06:20:10,7620.0,1000.0,7001900.0
1414,2021-10-13 06:20:10,7620.0,200.0,7000900.0
1415,2021-10-13 06:20:10,7620.0,2000.0,7000700.0
1416,2021-10-13 06:20:10,7620.0,3000.0,6998700.0
1417,2021-10-13 06:20:10,7620.0,900.0,6995700.0
1418,2021-10-13 06:19:29,7620.0,600.0,6994800.0
1419,2021-10-13 06:19:29,7620.0,200.0,6994200.0
1420,2021-10-13 06:19:29,7620.0,1000.0,6994000.0
1421,2021-10-13 06:19:29,7620.0,100.0,6993000.0
1422,2021-10-13 06:19:29,7620.0,5000.0,6992900.0
1423,2021-10-13 06:19:29,7620.0,100.0,6987900.0
1424,2021-10-13 06:19:29,7620.0,3000.0,6987800.0
1425,2021-10-13 06:19:27,7620.0,3300.0,6984800.0
1426,2021-10-13 06:19:27,7620.0,100.0,6981500.0
1427,2021-10-13 06:19:27,7620.0,2400.0,6981400.0
1428,2021-10-13 06:19:27,7620.0,200.0,6979000.0
1429,2021-10-13 06:19:25,7620.0,300.0,6978800.0
1430,2021-10-13 06:18:53,7620.0,1500.0,6978500.0
1431,2021-10-13 06:18:53,7620.0,1000.0,6977000.0
1432,2021-10-13 06:18:53,7620.0,500.0,6976000.0
1433,2021-10-13 06:18:53,7620.0,2000.0,6975500.0
1434,2021-10-13 06:18:53,7620.0,2000.0,6973500.0
1435,2021-10-13 06:18:53,7620.0,12000.0,6971500.0
1436,2021-10-13 06:18:50,7630.0,1000.0,6959500.0
1437,2021-10-13 06:18:33,7630.0,1000.0,6958500.0
1438,2021-10-13 06:18:29,7630.0,9100.0,6957500.0
1439,2021-10-13 06:18:29,7630.0,1000.0,6948400.0
1440,2021-10-13 06:18:29,7630.0,4300.0,6947400.0
1441,2021-10-13 06:18:19,7630.0,700.0,6943100.0
1442,2021-10-13 06:18:19,7630.0,1300.0,6942400.0
1443,2021-10-13 06:18:08,7630.0,1000.0,6941100.0
1444,2021-10-13 06:18:08,7630.0,500.0,6940100.0
1445,2021-10-13 06:18:08,7630.0,200.0,6939600.0
1446,2021-10-13 06:18:04,7630.0,300.0,6939400.0
1447,2021-10-13 06:17:56,7630.0,100.0,6939100.0
1448,2021-10-13 06:17:55,7630.0,1000.0,6939000.0
1449,2021-10-13 06:17:53,7630.0,300.0,6938000.0
1450,2021-10-13 06:17:49,7630.0,3100.0,6937700.0
1451,2021-10-13 06:17:49,7630.0,6900.0,6934600.0
1452,2021-10-13 06:17:32,7630.0,1000.0,6927700.0
1453,2021-10-13 06:17:30,7630.0,500.0,6926700.0
1454,2021-10-13 06:17:19,7640.0,900.0,6926200.0
1455,2021-10-13 06:17:19,7640.0,100.0,6925300.0
1456,2021-10-13 06:17:12,7640.0,500.0,6925200.0
1457,2021-10-13 06:16:33,7640.0,400.0,6924700.0
1458,2021-10-13 06:16:28,7630.0,1600.0,6924300.0
1459,2021-10-13 06:16:28,7630.0,3000.0,6922700.0
1460,2021-10-13 06:16:28,7630.0,3500.0,6919700.0
1461,2021-10-13 06:16:28,7630.0,1900.0,6916200.0
1462,2021-10-13 06:15:57,7640.0,1600.0,6914300.0
1463,2021-10-13 06:15:50,7640.0,7900.0,6912700.0
1464,2021-10-13 06:15:38,7640.0,5000.0,6904800.0
1465,2021-10-13 06:15:35,7640.0,500.0,6899800.0
1466,2021-10-13 06:15:30,7650.0,1000.0,6899300.0
1467,2021-10-13 06:15:28,7640.0,5000.0,6898300.0
1468,2021-10-13 06:15:16,7650.0,400.0,6893300.0
1469,2021-10-13 06:15:11,7650.0,1200.0,6892900.0
1470,2021-10-13 06:15:03,7650.0,14700.0,6891700.0
1471,2021-10-13 06:15:03,7650.0,200.0,6877000.0
1472,2021-10-13 06:15:03,7650.0,1000.0,6876800.0
1473,2021-10-13 06:15:03,7650.0,600.0,6875800.0
1474,2021-10-13 06:15:03,7650.0,1000.0,6875200.0
1475,2021-10-13 06:15:03,7650.0,3000.0,6874200.0
1476,2021-10-13 06:15:03,7650.0,59500.0,6871200.0
1477,2021-10-13 06:14:41,7660.0,5000.0,6811700.0
1478,2021-10-13 06:14:41,7660.0,2800.0,6806700.0
1479,2021-10-13 06:14:02,7660.0,1000.0,6803900.0
1480,2021-10-13 06:13:43,7660.0,1200.0,6802900.0
1481,2021-10-13 06:13:43,7660.0,5000.0,6801700.0
1482,2021-10-13 06:13:43,7660.0,1400.0,6796700.0
1483,2021-10-13 06:13:25,7670.0,100.0,6795300.0
1484,2021-10-13 06:13:25,7670.0,200.0,6795200.0
1485,2021-10-13 06:13:22,7670.0,200.0,6795000.0
1486,2021-10-13 06:13:12,7670.0,600.0,6794800.0
1487,2021-10-13 06:13:12,7670.0,4000.0,6794200.0
1488,2021-10-13 06:13:12,7670.0,100.0,6790200.0
1489,2021-10-13 06:13:12,7670.0,1000.0,6790100.0
1490,2021-10-13 06:13:12,7670.0,300.0,6789100.0
1491,2021-10-13 06:13:12,7670.0,3000.0,6788800.0
1492,2021-10-13 06:13:12,7670.0,1000.0,6785800.0
1493,2021-10-13 06:13:12,7670.0,1000.0,6784800.0
1494,2021-10-13 06:13:12,7670.0,4000.0,6783800.0
1495,2021-10-13 06:13:08,7670.0,100.0,6779800.0
1496,2021-10-13 06:13:01,7670.0,100.0,6779700.0
1497,2021-10-13 06:12:57,7670.0,10000.0,6779600.0
1498,2021-10-13 06:12:46,7670.0,5000.0,6769600.0
1499,2021-10-13 06:12:29,7680.0,400.0,6764600.0
1500,2021-10-13 06:12:29,7680.0,1100.0,6764200.0
1501,2021-10-13 06:12:13,7670.0,2000.0,6763100.0
1502,2021-10-13 06:12:08,7670.0,1000.0,6761100.0
1503,2021-10-13 06:12:00,7670.0,3000.0,6760100.0
1504,2021-10-13 06:11:55,7670.0,100.0,6757100.0
1505,2021-10-13 06:11:42,7670.0,1000.0,6757000.0
1506,2021-10-13 06:11:19,7670.0,700.0,6756000.0
1507,2021-10-13 06:11:19,7670.0,300.0,6755300.0
1508,2021-10-13 06:11:00,7680.0,3900.0,6755000.0
1509,2021-10-13 06:11:00,7680.0,1200.0,6751100.0
1510,2021-10-13 06:11:00,7680.0,1000.0,6749900.0
1511,2021-10-13 06:11:00,7680.0,1100.0,6748900.0
1512,2021-10-13 06:10:57,7670.0,2000.0,6747800.0
1513,2021-10-13 06:10:53,7680.0,900.0,6745800.0
1514,2021-10-13 06:10:53,7680.0,700.0,6744900.0
1515,2021-10-13 06:10:53,7680.0,3400.0,6744200.0
1516,2021-10-13 06:10:46,7680.0,600.0,6740800.0
1517,2021-10-13 06:10:46,7680.0,1000.0,6740200.0
1518,2021-10-13 06:10:46,7680.0,200.0,6739200.0
1519,2021-10-13 06:10:46,7680.0,1200.0,6739000.0
1520,2021-10-13 06:10:42,7680.0,300.0,6737800.0
1521,2021-10-13 06:10:33,7680.0,1100.0,6737500.0
1522,2021-10-13 06:10:25,7680.0,3400.0,6736400.0
1523,2021-10-13 06:10:25,7680.0,700.0,6733000.0
1524,2021-10-13 06:10:20,7680.0,500.0,6732300.0
1525,2021-10-13 06:10:07,7680.0,2000.0,6731800.0
1526,2021-10-13 06:09:55,7680.0,100.0,6729800.0
1527,2021-10-13 06:09:52,7680.0,100.0,6729700.0
1528,2021-10-13 06:09:50,7670.0,100.0,6729600.0
1529,2021-10-13 06:09:42,7680.0,1600.0,6729500.0
1530,2021-10-13 06:09:42,7680.0,1400.0,6727900.0
1531,2021-10-13 06:09:29,7670.0,2000.0,6726500.0
1532,2021-10-13 06:09:11,7670.0,8700.0,6724500.0
1533,2021-10-13 06:09:11,7670.0,3000.0,6715800.0
1534,2021-10-13 06:09:11,7670.0,300.0,6712800.0
1535,2021-10-13 06:09:11,7670.0,4000.0,6712500.0
1536,2021-10-13 06:09:11,7670.0,200.0,6708500.0
1537,2021-10-13 06:08:59,7670.0,1500.0,6708300.0
1538,2021-10-13 06:08:56,7670.0,1000.0,6706800.0
1539,2021-10-13 06:08:55,7680.0,100.0,6705800.0
1540,2021-10-13 06:08:55,7680.0,500.0,6705700.0
1541,2021-10-13 06:08:55,7680.0,4000.0,6705200.0
1542,2021-10-13 06:08:55,7680.0,100.0,6701200.0
1543,2021-10-13 06:08:55,7680.0,300.0,6701100.0
1544,2021-10-13 06:08:07,7670.0,300.0,6700800.0
1545,2021-10-13 06:07:59,7680.0,700.0,6700500.0
1546,2021-10-13 06:07:59,7680.0,100.0,6699800.0
1547,2021-10-13 06:07:59,7680.0,500.0,6699700.0
1548,2021-10-13 06:07:59,7670.0,200.0,6699200.0
1549,2021-10-13 06:07:07,7670.0,800.0,6699000.0
1550,2021-10-13 06:07:07,7670.0,100.0,6698200.0
1551,2021-10-13 06:06:37,7670.0,300.0,6698100.0
1552,2021-10-13 06:06:11,7670.0,200.0,6697800.0
1553,2021-10-13 06:06:00,7670.0,600.0,6697600.0
1554,2021-10-13 06:05:55,7660.0,3600.0,6697000.0
1555,2021-10-13 06:05:55,7660.0,1400.0,6693400.0
1556,2021-10-13 06:05:54,7670.0,800.0,6692000.0
1557,2021-10-13 06:05:54,7670.0,500.0,6691200.0
1558,2021-10-13 06:05:54,7670.0,100.0,6690700.0
1559,2021-10-13 06:05:54,7670.0,2000.0,6690600.0
1560,2021-10-13 06:05:54,7670.0,500.0,6688600.0
1561,2021-10-13 06:05:54,7670.0,1100.0,6688100.0
1562,2021-10-13 06:05:40,7670.0,2000.0,6687000.0
1563,2021-10-13 06:05:22,7660.0,800.0,6685000.0
1564,2021-10-13 06:04:48,7660.0,7200.0,6684200.0
1565,2021-10-13 06:04:42,7660.0,10000.0,6677000.0
1566,2021-10-13 06:04:26,7660.0,500.0,6667000.0
1567,2021-10-13 06:04:26,7660.0,2000.0,6666500.0
1568,2021-10-13 06:04:06,7660.0,300.0,6664500.0
1569,2021-10-13 06:04:06,7660.0,600.0,6664200.0
1570,2021-10-13 06:04:03,7660.0,500.0,6663600.0
1571,2021-10-13 06:04:00,7660.0,700.0,6663100.0
1572,2021-10-13 06:04:00,7660.0,300.0,6662400.0
1573,2021-10-13 06:03:46,7660.0,200.0,6662100.0
1574,2021-10-13 06:03:46,7660.0,200.0,6661900.0
1575,2021-10-13 06:03:46,7660.0,100.0,6661700.0
1576,2021-10-13 06:03:46,7660.0,100.0,6661600.0
1577,2021-10-13 06:03:40,7660.0,1000.0,6661500.0
1578,2021-10-13 06:03:30,7660.0,800.0,6660500.0
1579,2021-10-13 06:03:30,7660.0,200.0,6659700.0
1580,2021-10-13 06:03:30,7660.0,2000.0,6659500.0
1581,2021-10-13 06:03:30,7660.0,5000.0,6657500.0
1582,2021-10-13 06:03:30,7660.0,2000.0,6652500.0
1583,2021-10-13 06:03:00,7650.0,200.0,6650500.0
1584,2021-10-13 06:03:00,7650.0,800.0,6650300.0
1585,2021-10-13 06:03:00,7650.0,800.0,6649500.0
1586,2021-10-13 06:03:00,7650.0,500.0,6648700.0
1587,2021-10-13 06:03:00,7650.0,300.0,6648200.0
1588,2021-10-13 06:03:00,7650.0,100.0,6647900.0
1589,2021-10-13 06:03:00,7650.0,400.0,6647800.0
1590,2021-10-13 06:03:00,7650.0,200.0,6647400.0
1591,2021-10-13 06:03:00,7650.0,1000.0,6647200.0
1592,2021-10-13 06:03:00,7650.0,1000.0,6646200.0
1593,2021-10-13 06:03:00,7650.0,1000.0,6645200.0
1594,2021-10-13 06:03:00,7650.0,400.0,6644200.0
1595,2021-10-13 06:03:00,7650.0,100.0,6643800.0
1596,2021-10-13 06:03:00,7650.0,500.0,6643700.0
1597,2021-10-13 06:03:00,7650.0,9100.0,6643200.0
1598,2021-10-13 06:03:00,7650.0,8000.0,6634100.0
1599,2021-10-13 06:03:00,7650.0,200.0,6626100.0
1600,2021-10-13 06:03:00,7650.0,400.0,6625900.0
1601,2021-10-13 06:03:00,7650.0,400.0,6625500.0
1602,2021-10-13 06:03:00,7650.0,200.0,6625100.0
1603,2021-10-13 06:03:00,7650.0,100.0,6624900.0
1604,2021-10-13 06:03:00,7650.0,500.0,6624800.0
1605,2021-10-13 06:03:00,7650.0,300.0,6624300.0
1606,2021-10-13 06:03:00,7650.0,1000.0,6624000.0
1607,2021-10-13 06:03:00,7650.0,50000.0,6623000.0
1608,2021-10-13 06:03:00,7650.0,6900.0,6573000.0
1609,2021-10-13 06:03:00,7650.0,15100.0,6566100.0
1610,2021-10-13 06:02:27,7640.0,1000.0,6551000.0
1611,2021-10-13 06:02:27,7640.0,200.0,6550000.0
1612,2021-10-13 06:02:18,7640.0,1800.0,6549800.0
1613,2021-10-13 06:01:38,7640.0,1000.0,6548000.0
1614,2021-10-13 06:01:38,7640.0,200.0,6547000.0
1615,2021-10-13 06:01:02,7640.0,200.0,6546800.0
1616,2021-10-13 06:01:02,7640.0,100.0,6546600.0
1617,2021-10-13 06:01:02,7640.0,1700.0,6546500.0
1618,2021-10-13 06:00:28,7640.0,1300.0,6544800.0
1619,2021-10-13 06:00:28,7640.0,700.0,6543500.0
1620,2021-10-13 06:00:28,7640.0,300.0,6542800.0
1621,2021-10-13 06:00:28,7640.0,100.0,6542500.0
1622,2021-10-13 06:00:28,7640.0,600.0,6542400.0
1623,2021-10-13 06:00:24,7640.0,1500.0,6541800.0
1624,2021-10-13 06:00:24,7640.0,600.0,6540300.0
1625,2021-10-13 06:00:18,7640.0,500.0,6539700.0
1626,2021-10-13 06:00:18,7650.0,100.0,6539200.0
1627,2021-10-13 06:00:15,7640.0,200.0,6539100.0
1628,2021-10-13 06:00:15,7640.0,1600.0,6538900.0
1629,2021-10-13 06:00:12,7640.0,500.0,6537300.0
1630,2021-10-13 06:00:11,7640.0,300.0,6536800.0
1631,2021-10-13 06:00:11,7640.0,100.0,6536500.0
1632,2021-10-13 06:00:11,7640.0,1300.0,6536400.0
1633,2021-10-13 06:00:11,7640.0,600.0,6535100.0
1634,2021-10-13 06:00:11,7640.0,200.0,6534500.0
1635,2021-10-13 06:00:09,7640.0,3100.0,6534300.0
1636,2021-10-13 06:00:06,7640.0,1500.0,6531200.0
1637,2021-10-13 06:00:06,7640.0,500.0,6529700.0
1638,2021-10-13 06:00:05,7640.0,1000.0,6529200.0
1639,2021-10-13 06:00:02,7640.0,500.0,6528200.0
1640,2021-10-13 06:00:02,7640.0,15000.0,6527700.0
1641,2021-10-13 06:00:01,7640.0,4200.0,6512700.0
1642,2021-10-13 06:00:01,7640.0,4000.0,6508500.0
1643,2021-10-13 06:00:01,7630.0,100.0,6504500.0
1644,2021-10-13 06:00:01,7630.0,300.0,6504400.0
1645,2021-10-13 06:00:01,7640.0,300.0,6504100.0
1646,2021-10-13 06:00:01,7640.0,100.0,6503800.0
1647,2021-10-13 06:00:00,7650.0,11100.0,6503700.0
1648,2021-10-13 06:00:00,7640.0,600.0,6492600.0
1649,2021-10-13 06:00:00,7640.0,600.0,6492000.0
1650,2021-10-13 06:00:00,7640.0,2700.0,6491400.0
1651,2021-10-13 06:00:00,7640.0,2300.0,6488700.0
1652,2021-10-13 06:00:00,7640.0,7700.0,6486400.0
1653,2021-10-13 06:00:00,7640.0,2000.0,6478700.0
1654,2021-10-13 04:29:37,7640.0,200.0,6476700.0
1655,2021-10-13 04:29:22,7640.0,100.0,6476500.0
1656,2021-10-13 04:29:22,7640.0,3400.0,6476400.0
1657,2021-10-13 04:29:22,7640.0,300.0,6473000.0
1658,2021-10-13 04:29:22,7640.0,5000.0,6472700.0
1659,2021-10-13 04:29:22,7640.0,400.0,6467700.0
1660,2021-10-13 04:29:22,7640.0,500.0,6467300.0
1661,2021-10-13 04:29:22,7640.0,200.0,6466800.0
1662,2021-10-13 04:29:22,7640.0,100.0,6466600.0
1663,2021-10-13 04:28:00,7630.0,300.0,6466500.0
1664,2021-10-13 04:27:39,7630.0,400.0,6466200.0
1665,2021-10-13 04:27:39,7630.0,1500.0,6465800.0
1666,2021-10-13 04:27:39,7630.0,300.0,6464300.0
1667,2021-10-13 04:27:21,7630.0,200.0,6464000.0
1668,2021-10-13 04:27:21,7630.0,100.0,6463800.0
1669,2021-10-13 04:26:52,7630.0,200.0,6463700.0
1670,2021-10-13 04:26:27,7630.0,200.0,6463500.0
1671,2021-10-13 04:26:21,7630.0,300.0,6463300.0
1672,2021-10-13 04:26:21,7630.0,1300.0,6463000.0
1673,2021-10-13 04:25:59,7630.0,700.0,6461700.0
1674,2021-10-13 04:25:59,7630.0,300.0,6461000.0
1675,2021-10-13 04:25:48,7630.0,2700.0,6460700.0
1676,2021-10-13 04:25:48,7630.0,200.0,6458000.0
1677,2021-10-13 04:25:48,7630.0,100.0,6457800.0
1678,2021-10-13 04:25:33,7620.0,200.0,6457700.0
1679,2021-10-13 04:25:33,7620.0,100.0,6457500.0
1680,2021-10-13 04:25:33,7620.0,200.0,6457400.0
1681,2021-10-13 04:25:27,7620.0,4800.0,6457200.0
1682,2021-10-13 04:25:27,7620.0,200.0,6452400.0
1683,2021-10-13 04:25:11,7630.0,100.0,6452200.0
1684,2021-10-13 04:24:57,7630.0,100.0,6452100.0
1685,2021-10-13 04:24:38,7630.0,600.0,6452000.0
1686,2021-10-13 04:24:38,7630.0,400.0,6451400.0
1687,2021-10-13 04:24:25,7630.0,600.0,6451000.0
1688,2021-10-13 04:24:25,7630.0,100.0,6450400.0
1689,2021-10-13 04:24:25,7630.0,300.0,6450300.0
1690,2021-10-13 04:24:03,7620.0,1000.0,6450000.0
1691,2021-10-13 04:23:54,7630.0,200.0,6449000.0
1692,2021-10-13 04:23:54,7630.0,1800.0,6448800.0
1693,2021-10-13 04:23:38,7630.0,100.0,6447000.0
1694,2021-10-13 04:23:02,7620.0,800.0,6446900.0
1695,2021-10-13 04:22:53,7620.0,500.0,6446100.0
1696,2021-10-13 04:22:38,7620.0,100.0,6445600.0
1697,2021-10-13 04:22:38,7620.0,2000.0,6445500.0
1698,2021-10-13 04:22:38,7620.0,200.0,6443500.0
1699,2021-10-13 04:22:38,7620.0,4400.0,6443300.0
1700,2021-10-13 04:22:36,7620.0,500.0,6438900.0
1701,2021-10-13 04:22:34,7630.0,100.0,6438400.0
1702,2021-10-13 04:22:33,7620.0,2000.0,6438300.0
1703,2021-10-13 04:21:54,7620.0,800.0,6436300.0
1704,2021-10-13 04:21:54,7620.0,300.0,6435500.0
1705,2021-10-13 04:21:54,7620.0,1000.0,6435200.0
1706,2021-10-13 04:21:54,7620.0,500.0,6434200.0
1707,2021-10-13 04:21:54,7620.0,1000.0,6433700.0
1708,2021-10-13 04:21:54,7620.0,2000.0,6432700.0
1709,2021-10-13 04:21:54,7620.0,300.0,6430700.0
1710,2021-10-13 04:21:54,7620.0,17000.0,6430400.0
1711,2021-10-13 04:21:54,7610.0,200.0,6413400.0
1712,2021-10-13 04:21:41,7600.0,300.0,6413200.0
1713,2021-10-13 04:21:32,7600.0,400.0,6412900.0
1714,2021-10-13 04:21:02,7600.0,4800.0,6412500.0
1715,2021-10-13 04:21:02,7600.0,100.0,6407700.0
1716,2021-10-13 04:21:02,7600.0,500.0,6407600.0
1717,2021-10-13 04:21:02,7600.0,10000.0,6407100.0
1718,2021-10-13 04:21:02,7600.0,100.0,6397100.0
1719,2021-10-13 04:21:02,7610.0,100.0,6397000.0
1720,2021-10-13 04:21:02,7610.0,5000.0,6396900.0
1721,2021-10-13 04:21:02,7610.0,400.0,6391900.0
1722,2021-10-13 04:20:36,7610.0,300.0,6391500.0
1723,2021-10-13 04:20:32,7610.0,1000.0,6391200.0
1724,2021-10-13 04:20:23,7610.0,5900.0,6390200.0
1725,2021-10-13 04:20:23,7610.0,3000.0,6384300.0
1726,2021-10-13 04:20:23,7610.0,500.0,6381300.0
1727,2021-10-13 04:20:23,7610.0,600.0,6380800.0
1728,2021-10-13 04:20:18,7610.0,1000.0,6380200.0
1729,2021-10-13 04:20:17,7610.0,1400.0,6379200.0
1730,2021-10-13 04:20:17,7610.0,1000.0,6377800.0
1731,2021-10-13 04:20:17,7610.0,1000.0,6376800.0
1732,2021-10-13 04:20:17,7610.0,1000.0,6375800.0
1733,2021-10-13 04:20:17,7610.0,1600.0,6374800.0
1734,2021-10-13 04:19:56,7610.0,15000.0,6373200.0
1735,2021-10-13 04:19:49,7610.0,3400.0,6358200.0
1736,2021-10-13 04:19:49,7610.0,1600.0,6354800.0
1737,2021-10-13 04:19:40,7610.0,5000.0,6353200.0
1738,2021-10-13 04:19:33,7620.0,100.0,6348200.0
1739,2021-10-13 04:18:55,7610.0,100.0,6348100.0
1740,2021-10-13 04:18:21,7610.0,400.0,6348000.0
1741,2021-10-13 04:17:53,7610.0,400.0,6347600.0
1742,2021-10-13 04:17:28,7610.0,2500.0,6347200.0
1743,2021-10-13 04:17:28,7610.0,1000.0,6344700.0
1744,2021-10-13 04:17:28,7610.0,100.0,6343700.0
1745,2021-10-13 04:17:28,7610.0,4400.0,6343600.0
1746,2021-10-13 04:16:51,7610.0,600.0,6339200.0
1747,2021-10-13 04:16:51,7610.0,900.0,6338600.0
1748,2021-10-13 04:16:51,7610.0,6600.0,6337700.0
1749,2021-10-13 04:16:51,7610.0,100.0,6331100.0
1750,2021-10-13 04:16:51,7610.0,300.0,6331000.0
1751,2021-10-13 04:16:51,7610.0,1500.0,6330700.0
1752,2021-10-13 04:16:43,7610.0,1500.0,6329200.0
1753,2021-10-13 04:16:28,7620.0,1100.0,6327700.0
1754,2021-10-13 04:16:18,7610.0,500.0,6326600.0
1755,2021-10-13 04:16:04,7610.0,10000.0,6326100.0
1756,2021-10-13 04:15:49,7620.0,1000.0,6316100.0
1757,2021-10-13 04:15:47,7620.0,100.0,6315100.0
1758,2021-10-13 04:15:38,7620.0,7800.0,6315000.0
1759,2021-10-13 04:15:13,7620.0,600.0,6307200.0
1760,2021-10-13 04:15:02,7610.0,3000.0,6306600.0
1761,2021-10-13 04:14:49,7620.0,400.0,6303600.0
1762,2021-10-13 04:14:49,7620.0,2000.0,6303200.0
1763,2021-10-13 04:14:49,7620.0,500.0,6301200.0
1764,2021-10-13 04:14:49,7620.0,4400.0,6300700.0
1765,2021-10-13 04:14:38,7620.0,600.0,6296300.0
1766,2021-10-13 04:14:38,7620.0,1000.0,6295700.0
1767,2021-10-13 04:14:38,7620.0,200.0,6294700.0
1768,2021-10-13 04:14:38,7620.0,1000.0,6294500.0
1769,2021-10-13 04:14:38,7620.0,100.0,6293500.0
1770,2021-10-13 04:14:38,7620.0,500.0,6293400.0
1771,2021-10-13 04:14:38,7620.0,1500.0,6292900.0
1772,2021-10-13 04:14:38,7620.0,500.0,6291400.0
1773,2021-10-13 04:14:38,7620.0,3000.0,6290900.0
1774,2021-10-13 04:14:38,7620.0,800.0,6287900.0
1775,2021-10-13 04:14:38,7620.0,700.0,6287100.0
1776,2021-10-13 04:14:38,7620.0,2000.0,6286400.0
1777,2021-10-13 04:14:38,7620.0,200.0,6284400.0
1778,2021-10-13 04:14:38,7620.0,3000.0,6284200.0
1779,2021-10-13 04:14:38,7620.0,2900.0,6281200.0
1780,2021-10-13 04:14:34,7620.0,7400.0,6278300.0
1781,2021-10-13 04:14:33,7630.0,1000.0,6270900.0
1782,2021-10-13 04:14:12,7630.0,500.0,6269900.0
1783,2021-10-13 04:14:12,7630.0,300.0,6269400.0
1784,2021-10-13 04:14:12,7630.0,100.0,6269100.0
1785,2021-10-13 04:14:12,7630.0,500.0,6269000.0
1786,2021-10-13 04:14:12,7630.0,600.0,6268500.0
1787,2021-10-13 04:14:05,7630.0,2000.0,6267900.0
1788,2021-10-13 04:13:57,7630.0,1000.0,6265900.0
1789,2021-10-13 04:13:46,7630.0,2400.0,6264900.0
1790,2021-10-13 04:13:46,7630.0,1500.0,6262500.0
1791,2021-10-13 04:13:46,7630.0,1400.0,6261000.0
1792,2021-10-13 04:13:46,7630.0,2000.0,6259600.0
1793,2021-10-13 04:13:46,7630.0,300.0,6257600.0
1794,2021-10-13 04:13:46,7630.0,9300.0,6257300.0
1795,2021-10-13 04:13:46,7630.0,600.0,6248000.0
1796,2021-10-13 04:13:42,7630.0,10000.0,6247400.0
1797,2021-10-13 04:13:01,7630.0,100.0,6237400.0
1798,2021-10-13 04:12:53,7630.0,1000.0,6237300.0
1799,2021-10-13 04:12:50,7630.0,900.0,6236300.0
1800,2021-10-13 04:12:47,7630.0,2000.0,6235400.0
1801,2021-10-13 04:12:35,7640.0,5000.0,6233400.0
1802,2021-10-13 04:12:20,7640.0,3000.0,6228400.0
1803,2021-10-13 04:12:20,7640.0,5000.0,6225400.0
1804,2021-10-13 04:12:04,7630.0,600.0,6220400.0
1805,2021-10-13 04:12:01,7630.0,100.0,6219800.0
1806,2021-10-13 04:11:57,7630.0,2300.0,6219700.0
1807,2021-10-13 04:11:46,7630.0,2600.0,6217400.0
1808,2021-10-13 04:11:46,7630.0,7000.0,6214800.0
1809,2021-10-13 04:11:46,7630.0,100.0,6207800.0
1810,2021-10-13 04:11:46,7630.0,300.0,6207700.0
1811,2021-10-13 04:10:27,7630.0,300.0,6207400.0
1812,2021-10-13 04:10:15,7630.0,100.0,6207100.0
1813,2021-10-13 04:10:14,7630.0,500.0,6207000.0
1814,2021-10-13 04:10:11,7630.0,200.0,6206500.0
1815,2021-10-13 04:09:41,7620.0,1000.0,6206300.0
1816,2021-10-13 04:09:13,7620.0,2000.0,6205300.0
1817,2021-10-13 04:08:33,7620.0,600.0,6203300.0
1818,2021-10-13 04:08:33,7620.0,400.0,6202700.0
1819,2021-10-13 04:08:27,7620.0,100.0,6202300.0
1820,2021-10-13 04:08:21,7620.0,300.0,6202200.0
1821,2021-10-13 04:08:21,7620.0,200.0,6201900.0
1822,2021-10-13 04:08:11,7630.0,500.0,6201700.0
1823,2021-10-13 04:07:57,7630.0,100.0,6201200.0
1824,2021-10-13 04:07:57,7620.0,200.0,6201100.0
1825,2021-10-13 04:07:40,7620.0,100.0,6200900.0
1826,2021-10-13 04:07:27,7620.0,1000.0,6200800.0
1827,2021-10-13 04:07:17,7630.0,500.0,6199800.0
1828,2021-10-13 04:07:11,7630.0,1000.0,6199300.0
1829,2021-10-13 04:07:02,7630.0,2000.0,6198300.0
1830,2021-10-13 04:07:01,7630.0,4500.0,6196300.0
1831,2021-10-13 04:07:01,7630.0,14900.0,6191800.0
1832,2021-10-13 04:07:01,7630.0,600.0,6176900.0
1833,2021-10-13 04:07:01,7630.0,100.0,6176300.0
1834,2021-10-13 04:06:48,7630.0,100.0,6176200.0
1835,2021-10-13 04:06:35,7630.0,1000.0,6176100.0
1836,2021-10-13 04:05:59,7630.0,200.0,6175100.0
1837,2021-10-13 04:05:59,7630.0,2500.0,6174900.0
1838,2021-10-13 04:05:59,7630.0,100.0,6172400.0
1839,2021-10-13 04:05:59,7630.0,200.0,6172300.0
1840,2021-10-13 04:05:59,7630.0,1000.0,6172100.0
1841,2021-10-13 04:05:59,7630.0,500.0,6171100.0
1842,2021-10-13 04:05:59,7630.0,1500.0,6170600.0
1843,2021-10-13 04:05:53,7630.0,500.0,6169100.0
1844,2021-10-13 04:05:53,7630.0,100.0,6168600.0
1845,2021-10-13 04:05:01,7630.0,200.0,6168500.0
1846,2021-10-13 04:04:48,7630.0,600.0,6168300.0
1847,2021-10-13 04:04:41,7640.0,500.0,6167700.0
1848,2021-10-13 04:04:20,7640.0,2000.0,6167200.0
1849,2021-10-13 04:04:01,7640.0,800.0,6165200.0
1850,2021-10-13 04:03:27,7640.0,1000.0,6164400.0
1851,2021-10-13 04:03:21,7630.0,2000.0,6163400.0
1852,2021-10-13 04:03:10,7630.0,6100.0,6161400.0
1853,2021-10-13 04:03:10,7630.0,200.0,6155300.0
1854,2021-10-13 04:03:10,7630.0,2100.0,6155100.0
1855,2021-10-13 04:03:10,7630.0,1600.0,6153000.0
1856,2021-10-13 04:02:51,7640.0,100.0,6151400.0
1857,2021-10-13 04:02:33,7640.0,500.0,6151300.0
1858,2021-10-13 04:02:33,7640.0,3000.0,6150800.0
1859,2021-10-13 04:02:32,7640.0,3000.0,6147800.0
1860,2021-10-13 04:02:32,7640.0,200.0,6144800.0
1861,2021-10-13 04:02:32,7640.0,500.0,6144600.0
1862,2021-10-13 04:02:32,7640.0,500.0,6144100.0
1863,2021-10-13 04:02:32,7640.0,500.0,6143600.0
1864,2021-10-13 04:02:32,7640.0,100.0,6143100.0
1865,2021-10-13 04:02:32,7640.0,2000.0,6143000.0
1866,2021-10-13 04:02:32,7640.0,300.0,6141000.0
1867,2021-10-13 04:02:32,7640.0,2000.0,6140700.0
1868,2021-10-13 04:02:32,7640.0,2000.0,6138700.0
1869,2021-10-13 04:02:32,7640.0,2200.0,6136700.0
1870,2021-10-13 04:02:32,7640.0,3000.0,6134500.0
1871,2021-10-13 04:02:32,7640.0,700.0,6131500.0
1872,2021-10-13 04:02:32,7640.0,100.0,6130800.0
1873,2021-10-13 04:02:32,7640.0,2000.0,6130700.0
1874,2021-10-13 04:02:32,7640.0,500.0,6128700.0
1875,2021-10-13 04:02:32,7640.0,100.0,6128200.0
1876,2021-10-13 04:02:32,7640.0,300.0,6128100.0
1877,2021-10-13 04:02:28,7650.0,1000.0,6127800.0
1878,2021-10-13 04:02:23,7640.0,10000.0,6126800.0
1879,2021-10-13 04:02:04,7640.0,200.0,6116800.0
1880,2021-10-13 04:02:03,7650.0,1100.0,6116600.0
1881,2021-10-13 04:01:27,7650.0,4900.0,6115500.0
1882,2021-10-13 04:01:27,7650.0,100.0,6110600.0
1883,2021-10-13 04:01:07,7650.0,200.0,6110500.0
1884,2021-10-13 04:01:07,7650.0,2800.0,6110300.0
1885,2021-10-13 04:00:58,7650.0,500.0,6107500.0
1886,2021-10-13 04:00:54,7640.0,300.0,6107000.0
1887,2021-10-13 03:59:10,7640.0,400.0,6106700.0
1888,2021-10-13 03:59:10,7640.0,600.0,6106300.0
1889,2021-10-13 03:59:10,7640.0,3200.0,6105700.0
1890,2021-10-13 03:59:10,7640.0,500.0,6102500.0
1891,2021-10-13 03:58:49,7640.0,100.0,6102000.0
1892,2021-10-13 03:58:49,7640.0,800.0,6101900.0
1893,2021-10-13 03:58:40,7640.0,2000.0,6101100.0
1894,2021-10-13 03:58:40,7640.0,100.0,6099100.0
1895,2021-10-13 03:58:40,7640.0,7100.0,6099000.0
1896,2021-10-13 03:58:39,7640.0,400.0,6091900.0
1897,2021-10-13 03:58:31,7650.0,1500.0,6091500.0
1898,2021-10-13 03:58:17,7640.0,1000.0,6090000.0
1899,2021-10-13 03:58:14,7640.0,100.0,6089000.0
1900,2021-10-13 03:58:07,7640.0,500.0,6088900.0
1901,2021-10-13 03:58:07,7640.0,600.0,6088400.0
1902,2021-10-13 03:58:07,7640.0,300.0,6087800.0
1903,2021-10-13 03:58:04,7640.0,200.0,6087500.0
1904,2021-10-13 03:58:04,7640.0,300.0,6087300.0
1905,2021-10-13 03:58:02,7630.0,2000.0,6087000.0
1906,2021-10-13 03:57:38,7630.0,1000.0,6085000.0
1907,2021-10-13 03:57:29,7630.0,400.0,6084000.0
1908,2021-10-13 03:57:29,7630.0,500.0,6083600.0
1909,2021-10-13 03:57:00,7640.0,2700.0,6083100.0
1910,2021-10-13 03:57:00,7640.0,7300.0,6080400.0
1911,2021-10-13 03:56:47,7640.0,500.0,6073100.0
1912,2021-10-13 03:56:46,7640.0,800.0,6072600.0
1913,2021-10-13 03:56:41,7640.0,200.0,6071800.0
1914,2021-10-13 03:56:16,7640.0,500.0,6071600.0
1915,2021-10-13 03:56:16,7640.0,500.0,6071100.0
1916,2021-10-13 03:56:15,7650.0,900.0,6070600.0
1917,2021-10-13 03:56:03,7650.0,500.0,6069700.0
1918,2021-10-13 03:55:40,7650.0,300.0,6069200.0
1919,2021-10-13 03:55:25,7650.0,10000.0,6068900.0
1920,2021-10-13 03:55:23,7650.0,10000.0,6058900.0
1921,2021-10-13 03:55:20,7650.0,100.0,6048900.0
1922,2021-10-13 03:55:00,7650.0,200.0,6048800.0
1923,2021-10-13 03:54:51,7650.0,2100.0,6048600.0
1924,2021-10-13 03:54:39,7640.0,1000.0,6046500.0
1925,2021-10-13 03:54:33,7650.0,200.0,6045500.0
1926,2021-10-13 03:54:27,7650.0,100.0,6045300.0
1927,2021-10-13 03:54:17,7650.0,100.0,6045200.0
1928,2021-10-13 03:54:17,7650.0,100.0,6045100.0
1929,2021-10-13 03:54:17,7650.0,500.0,6045000.0
1930,2021-10-13 03:54:17,7650.0,100.0,6044500.0
1931,2021-10-13 03:54:09,7650.0,100.0,6044400.0
1932,2021-10-13 03:54:09,7650.0,300.0,6044300.0
1933,2021-10-13 03:54:09,7650.0,2000.0,6044000.0
1934,2021-10-13 03:54:08,7660.0,200.0,6042000.0
1935,2021-10-13 03:54:06,7650.0,500.0,6041800.0
1936,2021-10-13 03:54:06,7650.0,500.0,6041300.0
1937,2021-10-13 03:54:06,7650.0,500.0,6040800.0
1938,2021-10-13 03:54:06,7650.0,200.0,6040300.0
1939,2021-10-13 03:54:06,7650.0,500.0,6040100.0
1940,2021-10-13 03:54:06,7650.0,100.0,6039600.0
1941,2021-10-13 03:54:06,7650.0,200.0,6039500.0
1942,2021-10-13 03:54:06,7650.0,300.0,6039300.0
1943,2021-10-13 03:54:06,7650.0,500.0,6039000.0
1944,2021-10-13 03:54:06,7650.0,300.0,6038500.0
1945,2021-10-13 03:54:06,7650.0,1000.0,6038200.0
1946,2021-10-13 03:54:06,7650.0,500.0,6037200.0
1947,2021-10-13 03:54:06,7650.0,300.0,6036700.0
1948,2021-10-13 03:54:06,7650.0,1000.0,6036400.0
1949,2021-10-13 03:54:06,7650.0,3000.0,6035400.0
1950,2021-10-13 03:54:06,7650.0,100.0,6032400.0
1951,2021-10-13 03:54:06,7650.0,1000.0,6032300.0
1952,2021-10-13 03:54:06,7650.0,3000.0,6031300.0
1953,2021-10-13 03:54:06,7650.0,6500.0,6028300.0
1954,2021-10-13 03:54:03,7650.0,10200.0,6021800.0
1955,2021-10-13 03:53:43,7650.0,13300.0,6011600.0
1956,2021-10-13 03:53:43,7650.0,100.0,5998300.0
1957,2021-10-13 03:53:43,7650.0,400.0,5998200.0
1958,2021-10-13 03:53:43,7650.0,500.0,5997800.0
1959,2021-10-13 03:53:43,7650.0,1200.0,5997300.0
1960,2021-10-13 03:53:43,7650.0,2000.0,5996100.0
1961,2021-10-13 03:53:43,7650.0,200.0,5994100.0
1962,2021-10-13 03:53:43,7650.0,1300.0,5993900.0
1963,2021-10-13 03:53:43,7650.0,200000.0,5992600.0
1964,2021-10-13 03:53:43,7650.0,500.0,5792600.0
1965,2021-10-13 03:53:43,7650.0,80500.0,5792100.0
1966,2021-10-13 03:53:38,7660.0,100.0,5711600.0
1967,2021-10-13 03:53:18,7650.0,14600.0,5711500.0
1968,2021-10-13 03:53:18,7660.0,300.0,5696900.0
1969,2021-10-13 03:53:18,7660.0,100.0,5696600.0
1970,2021-10-13 03:53:13,7660.0,100.0,5696500.0
1971,2021-10-13 03:53:13,7660.0,400.0,5696400.0
1972,2021-10-13 03:53:11,7660.0,200.0,5696000.0
1973,2021-10-13 03:53:06,7660.0,100.0,5695800.0
1974,2021-10-13 03:53:06,7660.0,100.0,5695700.0
1975,2021-10-13 03:53:06,7660.0,300.0,5695600.0
1976,2021-10-13 03:53:06,7660.0,200.0,5695300.0
1977,2021-10-13 03:52:55,7660.0,1000.0,5695100.0
1978,2021-10-13 03:52:45,7660.0,1000.0,5694100.0
1979,2021-10-13 03:52:22,7660.0,100.0,5693100.0
1980,2021-10-13 03:51:51,7660.0,1500.0,5693000.0
1981,2021-10-13 03:51:44,7660.0,900.0,5691500.0
1982,2021-10-13 03:51:44,7660.0,400.0,5690600.0
1983,2021-10-13 03:51:44,7660.0,300.0,5690200.0
1984,2021-10-13 03:51:44,7660.0,400.0,5689900.0
1985,2021-10-13 03:51:32,7660.0,100.0,5689500.0
1986,2021-10-13 03:51:32,7660.0,400.0,5689400.0
1987,2021-10-13 03:51:18,7660.0,2600.0,5689000.0
1988,2021-10-13 03:51:18,7660.0,300.0,5686400.0
1989,2021-10-13 03:51:18,7660.0,2000.0,5686100.0
1990,2021-10-13 03:51:18,7660.0,200.0,5684100.0
1991,2021-10-13 03:51:18,7660.0,9000.0,5683900.0
1992,2021-10-13 03:51:02,7670.0,300.0,5674900.0
1993,2021-10-13 03:51:02,7670.0,900.0,5674600.0
1994,2021-10-13 03:50:16,7670.0,100.0,5673700.0
1995,2021-10-13 03:50:16,7670.0,100.0,5673600.0
1996,2021-10-13 03:49:57,7660.0,100.0,5673500.0
1997,2021-10-13 03:49:47,7660.0,900.0,5673400.0
1998,2021-10-13 03:49:43,7660.0,10000.0,5672500.0
1999,2021-10-13 03:49:43,7660.0,2800.0,5662500.0
2000,2021-10-13 03:49:43,7660.0,100.0,5659700.0
2001,2021-10-13 03:49:43,7660.0,200.0,5659600.0
2002,2021-10-13 03:49:43,7660.0,5000.0,5659400.0
2003,2021-10-13 03:49:43,7660.0,200.0,5654400.0
2004,2021-10-13 03:49:43,7660.0,1200.0,5654200.0
2005,2021-10-13 03:49:43,7660.0,300.0,5653000.0
2006,2021-10-13 03:49:43,7660.0,200.0,5652700.0
2007,2021-10-13 03:49:43,7660.0,500.0,5652500.0
2008,2021-10-13 03:49:43,7660.0,100.0,5652000.0
2009,2021-10-13 03:49:43,7660.0,3800.0,5651900.0
2010,2021-10-13 03:49:36,7660.0,8700.0,5648100.0
2011,2021-10-13 03:49:36,7660.0,1000.0,5639400.0
2012,2021-10-13 03:49:36,7660.0,300.0,5638400.0
2013,2021-10-13 03:49:29,7660.0,200.0,5638100.0
2014,2021-10-13 03:49:29,7660.0,1000.0,5637900.0
2015,2021-10-13 03:49:29,7660.0,100.0,5636900.0
2016,2021-10-13 03:48:53,7670.0,500.0,5636800.0
2017,2021-10-13 03:48:39,7670.0,100.0,5636300.0
2018,2021-10-13 03:48:30,7670.0,100.0,5636200.0
2019,2021-10-13 03:48:23,7670.0,1000.0,5636100.0
2020,2021-10-13 03:48:18,7670.0,2000.0,5635100.0
2021,2021-10-13 03:48:18,7670.0,500.0,5633100.0
2022,2021-10-13 03:48:18,7670.0,1000.0,5632600.0
2023,2021-10-13 03:48:18,7670.0,1100.0,5631600.0
2024,2021-10-13 03:48:18,7670.0,600.0,5630500.0
2025,2021-10-13 03:48:11,7670.0,300.0,5629900.0
2026,2021-10-13 03:48:11,7670.0,300.0,5629600.0
2027,2021-10-13 03:47:25,7670.0,200.0,5629300.0
2028,2021-10-13 03:47:25,7670.0,100.0,5629100.0
2029,2021-10-13 03:47:25,7670.0,100.0,5629000.0
2030,2021-10-13 03:47:25,7670.0,500.0,5628900.0
2031,2021-10-13 03:47:25,7670.0,1000.0,5628400.0
2032,2021-10-13 03:47:25,7670.0,600.0,5627400.0
2033,2021-10-13 03:47:25,7670.0,500.0,5626800.0
2034,2021-10-13 03:47:25,7670.0,100.0,5626300.0
2035,2021-10-13 03:47:25,7670.0,900.0,5626200.0
2036,2021-10-13 03:47:22,7670.0,1100.0,5625300.0
2037,2021-10-13 03:47:22,7670.0,2900.0,5624200.0
2038,2021-10-13 03:47:17,7670.0,100.0,5621300.0
2039,2021-10-13 03:47:07,7670.0,300.0,5621200.0
2040,2021-10-13 03:46:58,7680.0,1000.0,5620900.0
2041,2021-10-13 03:46:46,7670.0,6700.0,5619900.0
2042,2021-10-13 03:46:46,7670.0,100.0,5613200.0
2043,2021-10-13 03:46:46,7670.0,100.0,5613100.0
2044,2021-10-13 03:46:46,7670.0,100.0,5613000.0
2045,2021-10-13 03:46:46,7670.0,100.0,5612900.0
2046,2021-10-13 03:46:46,7670.0,500.0,5612800.0
2047,2021-10-13 03:46:46,7670.0,300.0,5612300.0
2048,2021-10-13 03:46:46,7670.0,2100.0,5612000.0
2049,2021-10-13 03:46:28,7670.0,100.0,5609900.0
2050,2021-10-13 03:46:25,7680.0,700.0,5609800.0
2051,2021-10-13 03:46:17,7680.0,800.0,5609100.0
2052,2021-10-13 03:46:17,7680.0,1500.0,5608300.0
2053,2021-10-13 03:46:16,7670.0,300.0,5606800.0
2054,2021-10-13 03:46:16,7670.0,1000.0,5606500.0
2055,2021-10-13 03:46:16,7670.0,500.0,5605500.0
2056,2021-10-13 03:46:16,7670.0,300.0,5605000.0
2057,2021-10-13 03:46:16,7670.0,500.0,5604700.0
2058,2021-10-13 03:46:16,7670.0,500.0,5604200.0
2059,2021-10-13 03:46:16,7670.0,6900.0,5603700.0
2060,2021-10-13 03:46:15,7670.0,3100.0,5596800.0
2061,2021-10-13 03:46:15,7670.0,1000.0,5593700.0
2062,2021-10-13 03:46:15,7670.0,900.0,5592700.0
2063,2021-10-13 03:46:06,7680.0,100.0,5591800.0
2064,2021-10-13 03:45:50,7680.0,400.0,5591700.0
2065,2021-10-13 03:45:37,7680.0,1000.0,5591300.0
2066,2021-10-13 03:45:35,7680.0,500.0,5590300.0
2067,2021-10-13 03:45:15,7680.0,100.0,5589800.0
2068,2021-10-13 03:45:15,7680.0,200.0,5589700.0
2069,2021-10-13 03:45:14,7680.0,100.0,5589500.0
2070,2021-10-13 03:45:03,7670.0,100.0,5589400.0
2071,2021-10-13 03:45:03,7670.0,2000.0,5589300.0
2072,2021-10-13 03:45:03,7670.0,3900.0,5587300.0
2073,2021-10-13 03:44:58,7680.0,700.0,5583400.0
