,Time,Price,Volume_per_trade,Volume
0,2021-10-21 07:45:01,7950.0,100.0,5632600.0
1,2021-10-21 07:45:01,7950.0,100.0,5632500.0
2,2021-10-21 07:45:01,7950.0,200.0,5632400.0
3,2021-10-21 07:45:01,7950.0,3500.0,5632200.0
4,2021-10-21 07:45:01,7950.0,1200.0,5628700.0
5,2021-10-21 07:45:01,7950.0,2300.0,5627500.0
6,2021-10-21 07:45:01,7950.0,300.0,5625200.0
7,2021-10-21 07:45:01,7950.0,500.0,5624900.0
8,2021-10-21 07:45:01,7950.0,6900.0,5624400.0
9,2021-10-21 07:45:01,7950.0,100.0,5617500.0
10,2021-10-21 07:45:01,7950.0,5000.0,5617400.0
11,2021-10-21 07:45:01,7950.0,700.0,5612400.0
12,2021-10-21 07:45:01,7950.0,2000.0,5611700.0
13,2021-10-21 07:45:01,7950.0,5000.0,5609700.0
14,2021-10-21 07:45:01,7950.0,200.0,5604700.0
15,2021-10-21 07:45:01,7950.0,25000.0,5604500.0
16,2021-10-21 07:45:01,7950.0,2000.0,5579500.0
17,2021-10-21 07:45:01,7950.0,300.0,5577500.0
18,2021-10-21 07:45:01,7950.0,500.0,5577200.0
19,2021-10-21 07:45:01,7950.0,1000.0,5576700.0
20,2021-10-21 07:45:01,7950.0,1300.0,5575700.0
21,2021-10-21 07:45:01,7950.0,1700.0,5574400.0
22,2021-10-21 07:45:01,7950.0,500.0,5572700.0
23,2021-10-21 07:45:01,7950.0,100.0,5572200.0
24,2021-10-21 07:45:01,7950.0,500.0,5572100.0
25,2021-10-21 07:45:01,7950.0,2000.0,5571600.0
26,2021-10-21 07:45:01,7950.0,10000.0,5569600.0
27,2021-10-21 07:45:01,7950.0,1500.0,5559600.0
28,2021-10-21 07:45:01,7950.0,600.0,5558100.0
29,2021-10-21 07:45:01,7950.0,3100.0,5557500.0
30,2021-10-21 07:45:01,7950.0,2000.0,5554400.0
31,2021-10-21 07:45:01,7950.0,2300.0,5552400.0
32,2021-10-21 07:45:01,7950.0,7600.0,5550100.0
33,2021-10-21 07:45:01,7950.0,500.0,5542500.0
34,2021-10-21 07:45:01,7950.0,500.0,5542000.0
35,2021-10-21 07:45:01,7950.0,300.0,5541500.0
36,2021-10-21 07:45:01,7950.0,500.0,5541200.0
37,2021-10-21 07:45:01,7950.0,200.0,5540700.0
38,2021-10-21 07:45:01,7950.0,100.0,5540500.0
39,2021-10-21 07:45:01,7950.0,500.0,5540400.0
40,2021-10-21 07:45:01,7950.0,1000.0,5539900.0
41,2021-10-21 07:45:01,7950.0,5000.0,5538900.0
42,2021-10-21 07:45:01,7950.0,100.0,5533900.0
43,2021-10-21 07:45:01,7950.0,900.0,5533800.0
44,2021-10-21 07:45:01,7950.0,1000.0,5532900.0
45,2021-10-21 07:45:01,7950.0,600.0,5531900.0
46,2021-10-21 07:45:01,7950.0,1200.0,5531300.0
47,2021-10-21 07:45:01,7950.0,2000.0,5530100.0
48,2021-10-21 07:45:01,7950.0,800.0,5528100.0
49,2021-10-21 07:45:01,7950.0,200.0,5527300.0
50,2021-10-21 07:45:01,7950.0,800.0,5527100.0
51,2021-10-21 07:45:01,7950.0,200.0,5526300.0
52,2021-10-21 07:45:01,7950.0,1000.0,5526100.0
53,2021-10-21 07:45:01,7950.0,20000.0,5525100.0
54,2021-10-21 07:45:01,7950.0,1000.0,5505100.0
55,2021-10-21 07:45:01,7950.0,20000.0,5504100.0
56,2021-10-21 07:45:01,7950.0,7800.0,5484100.0
57,2021-10-21 07:45:01,7950.0,300.0,5476300.0
58,2021-10-21 07:45:01,7950.0,5000.0,5476000.0
59,2021-10-21 07:45:01,7950.0,100.0,5471000.0
60,2021-10-21 07:45:01,7950.0,200.0,5470900.0
61,2021-10-21 07:45:01,7950.0,1000.0,5470700.0
62,2021-10-21 07:45:01,7950.0,200.0,5469700.0
63,2021-10-21 07:45:01,7950.0,3800.0,5469500.0
64,2021-10-21 07:45:01,7950.0,4800.0,5465700.0
65,2021-10-21 07:45:01,7950.0,100.0,5460900.0
66,2021-10-21 07:45:01,7950.0,100.0,5460800.0
67,2021-10-21 07:45:01,7950.0,200.0,5460700.0
68,2021-10-21 07:45:01,7950.0,1500.0,5460500.0
69,2021-10-21 07:45:01,7950.0,2300.0,5459000.0
70,2021-10-21 07:45:01,7950.0,100.0,5456700.0
71,2021-10-21 07:45:01,7950.0,100.0,5456600.0
72,2021-10-21 07:45:01,7950.0,200.0,5456500.0
73,2021-10-21 07:45:01,7950.0,2000.0,5456300.0
74,2021-10-21 07:45:01,7950.0,10000.0,5454300.0
75,2021-10-21 07:45:01,7950.0,5000.0,5444300.0
76,2021-10-21 07:45:01,7950.0,300.0,5439300.0
77,2021-10-21 07:45:01,7950.0,200.0,5439000.0
78,2021-10-21 07:45:01,7950.0,100.0,5438800.0
79,2021-10-21 07:45:01,7950.0,1000.0,5438700.0
80,2021-10-21 07:45:01,7950.0,3000.0,5437700.0
81,2021-10-21 07:45:01,7950.0,300.0,5434700.0
82,2021-10-21 07:45:01,7950.0,400.0,5434400.0
83,2021-10-21 07:45:01,7950.0,4600.0,5434000.0
84,2021-10-21 07:45:01,7950.0,1000.0,5429400.0
85,2021-10-21 07:45:01,7950.0,1000.0,5428400.0
86,2021-10-21 07:45:01,7950.0,3400.0,5427400.0
87,2021-10-21 07:45:01,7950.0,5000.0,5424000.0
88,2021-10-21 07:45:01,7950.0,100.0,5419000.0
89,2021-10-21 07:45:01,7950.0,200.0,5418900.0
90,2021-10-21 07:45:01,7950.0,1200.0,5418700.0
91,2021-10-21 07:45:01,7950.0,15000.0,5417500.0
92,2021-10-21 07:45:01,7950.0,5100.0,5402500.0
93,2021-10-21 07:45:01,7950.0,2000.0,5397400.0
94,2021-10-21 07:45:01,7950.0,1000.0,5395400.0
95,2021-10-21 07:45:01,7950.0,500.0,5394400.0
96,2021-10-21 07:45:01,7950.0,4500.0,5393900.0
97,2021-10-21 07:45:01,7950.0,200.0,5389400.0
98,2021-10-21 07:45:01,7950.0,5000.0,5389200.0
99,2021-10-21 07:45:01,7950.0,300.0,5384200.0
100,2021-10-21 07:45:01,7950.0,1000.0,5383900.0
101,2021-10-21 07:45:01,7950.0,300.0,5382900.0
102,2021-10-21 07:45:01,7950.0,100.0,5382600.0
103,2021-10-21 07:45:01,7950.0,900.0,5382500.0
104,2021-10-21 07:45:01,7950.0,200.0,5381600.0
105,2021-10-21 07:45:01,7950.0,100.0,5381400.0
106,2021-10-21 07:45:01,7950.0,3000.0,5381300.0
107,2021-10-21 07:45:01,7950.0,4000.0,5378300.0
108,2021-10-21 07:45:01,7950.0,100.0,5374300.0
109,2021-10-21 07:45:01,7950.0,1000.0,5374200.0
110,2021-10-21 07:45:01,7950.0,100.0,5373200.0
111,2021-10-21 07:45:01,7950.0,100.0,5373100.0
112,2021-10-21 07:45:01,7950.0,1000.0,5373000.0
113,2021-10-21 07:29:58,7970.0,200.0,5372000.0
114,2021-10-21 07:29:24,7970.0,12400.0,5371800.0
115,2021-10-21 07:29:24,7970.0,3700.0,5359400.0
116,2021-10-21 07:29:24,7970.0,300.0,5355700.0
117,2021-10-21 07:29:24,7970.0,300.0,5355400.0
118,2021-10-21 07:29:24,7970.0,3300.0,5355100.0
119,2021-10-21 07:29:17,7970.0,500.0,5351800.0
120,2021-10-21 07:29:11,7960.0,200.0,5351300.0
121,2021-10-21 07:29:09,7960.0,100.0,5351100.0
122,2021-10-21 07:29:00,7960.0,700.0,5351000.0
123,2021-10-21 07:28:58,7960.0,300.0,5350300.0
124,2021-10-21 07:28:52,7960.0,300.0,5350000.0
125,2021-10-21 07:28:48,7960.0,100.0,5349700.0
126,2021-10-21 07:28:48,7960.0,200.0,5349600.0
127,2021-10-21 07:28:48,7960.0,100.0,5349400.0
128,2021-10-21 07:28:48,7960.0,1000.0,5349300.0
129,2021-10-21 07:28:38,7960.0,1500.0,5348300.0
130,2021-10-21 07:28:38,7960.0,2400.0,5346800.0
131,2021-10-21 07:28:38,7960.0,100.0,5344400.0
132,2021-10-21 07:28:38,7960.0,7500.0,5344300.0
133,2021-10-21 07:28:27,7960.0,300.0,5336800.0
134,2021-10-21 07:28:15,7960.0,6000.0,5336500.0
135,2021-10-21 07:28:15,7960.0,5000.0,5330500.0
136,2021-10-21 07:28:09,7970.0,100.0,5325500.0
137,2021-10-21 07:28:03,7960.0,1200.0,5325400.0
138,2021-10-21 07:28:03,7960.0,1000.0,5324200.0
139,2021-10-21 07:28:03,7960.0,1000.0,5323200.0
140,2021-10-21 07:28:03,7960.0,1400.0,5322200.0
141,2021-10-21 07:28:03,7960.0,300.0,5320800.0
142,2021-10-21 07:28:03,7960.0,100.0,5320500.0
143,2021-10-21 07:28:02,7960.0,900.0,5320400.0
144,2021-10-21 07:28:02,7960.0,9100.0,5319500.0
145,2021-10-21 07:27:55,7960.0,900.0,5310400.0
146,2021-10-21 07:27:55,7960.0,100.0,5309500.0
147,2021-10-21 07:27:55,7960.0,500.0,5309400.0
148,2021-10-21 07:27:55,7960.0,7500.0,5308900.0
149,2021-10-21 07:27:41,7960.0,1000.0,5301400.0
150,2021-10-21 07:27:30,7970.0,1100.0,5300400.0
151,2021-10-21 07:27:30,7970.0,200.0,5299300.0
152,2021-10-21 07:27:30,7970.0,500.0,5299100.0
153,2021-10-21 07:27:30,7970.0,200.0,5298600.0
154,2021-10-21 07:27:30,7970.0,1800.0,5298400.0
155,2021-10-21 07:27:25,7960.0,1500.0,5296600.0
156,2021-10-21 07:27:25,7960.0,100.0,5295100.0
157,2021-10-21 07:27:19,7970.0,500.0,5295000.0
158,2021-10-21 07:27:09,7970.0,100.0,5294500.0
159,2021-10-21 07:26:33,7960.0,500.0,5294400.0
160,2021-10-21 07:26:32,7960.0,1400.0,5293900.0
161,2021-10-21 07:26:32,7960.0,1600.0,5292500.0
162,2021-10-21 07:26:19,7960.0,1000.0,5290900.0
163,2021-10-21 07:26:12,7960.0,5000.0,5289900.0
164,2021-10-21 07:25:56,7970.0,500.0,5284900.0
165,2021-10-21 07:25:54,7960.0,600.0,5284400.0
166,2021-10-21 07:25:13,7960.0,300.0,5283800.0
167,2021-10-21 07:24:44,7970.0,500.0,5283500.0
168,2021-10-21 07:24:28,7960.0,1500.0,5283000.0
169,2021-10-21 07:24:28,7960.0,200.0,5281500.0
170,2021-10-21 07:24:28,7960.0,1000.0,5281300.0
171,2021-10-21 07:24:28,7960.0,5000.0,5280300.0
172,2021-10-21 07:24:28,7960.0,300.0,5275300.0
173,2021-10-21 07:24:10,7960.0,500.0,5275000.0
174,2021-10-21 07:23:56,7960.0,200.0,5274500.0
175,2021-10-21 07:23:56,7960.0,600.0,5274300.0
176,2021-10-21 07:23:50,7960.0,10000.0,5273700.0
177,2021-10-21 07:23:37,7960.0,1000.0,5263700.0
178,2021-10-21 07:23:31,7960.0,100.0,5262700.0
179,2021-10-21 07:23:28,7970.0,1000.0,5262600.0
180,2021-10-21 07:23:27,7960.0,1000.0,5261600.0
181,2021-10-21 07:23:13,7960.0,500.0,5260600.0
182,2021-10-21 07:23:13,7960.0,2000.0,5260100.0
183,2021-10-21 07:23:13,7960.0,4800.0,5258100.0
184,2021-10-21 07:23:04,7960.0,20000.0,5253300.0
185,2021-10-21 07:22:42,7960.0,200.0,5233300.0
186,2021-10-21 07:22:37,7960.0,5000.0,5233100.0
187,2021-10-21 07:22:22,7960.0,1000.0,5228100.0
188,2021-10-21 07:22:22,7960.0,4000.0,5227100.0
189,2021-10-21 07:22:00,7960.0,3500.0,5223100.0
190,2021-10-21 07:22:00,7960.0,300.0,5219600.0
191,2021-10-21 07:22:00,7960.0,2000.0,5219300.0
192,2021-10-21 07:22:00,7960.0,200.0,5217300.0
193,2021-10-21 07:21:40,7970.0,1000.0,5217100.0
194,2021-10-21 07:21:32,7960.0,800.0,5216100.0
195,2021-10-21 07:21:32,7960.0,2000.0,5215300.0
196,2021-10-21 07:21:26,7950.0,2000.0,5213300.0
197,2021-10-21 07:21:26,7950.0,200.0,5211300.0
198,2021-10-21 07:21:26,7950.0,300.0,5211100.0
199,2021-10-21 07:21:26,7960.0,7500.0,5210800.0
200,2021-10-21 07:21:20,7960.0,2500.0,5203300.0
201,2021-10-21 07:21:18,7960.0,300.0,5200800.0
202,2021-10-21 07:21:17,7960.0,100.0,5200500.0
203,2021-10-21 07:21:05,7960.0,1600.0,5200400.0
204,2021-10-21 07:21:01,7960.0,3000.0,5198800.0
205,2021-10-21 07:21:01,7960.0,1000.0,5195800.0
206,2021-10-21 07:21:01,7960.0,11500.0,5194800.0
207,2021-10-21 07:21:00,7960.0,1000.0,5183300.0
208,2021-10-21 07:20:54,7960.0,5000.0,5182300.0
209,2021-10-21 07:20:44,7970.0,2000.0,5177300.0
210,2021-10-21 07:20:34,7970.0,100.0,5175300.0
211,2021-10-21 07:20:23,7960.0,1000.0,5175200.0
212,2021-10-21 07:20:23,7960.0,31500.0,5174200.0
213,2021-10-21 07:20:18,7960.0,2000.0,5142700.0
214,2021-10-21 07:20:15,7960.0,16500.0,5140700.0
215,2021-10-21 07:20:14,7970.0,3000.0,5124200.0
216,2021-10-21 07:19:50,7960.0,1000.0,5121200.0
217,2021-10-21 07:19:49,7960.0,1300.0,5120200.0
218,2021-10-21 07:19:49,7960.0,1000.0,5118900.0
219,2021-10-21 07:19:49,7960.0,1000.0,5117900.0
220,2021-10-21 07:19:49,7960.0,10000.0,5116900.0
221,2021-10-21 07:19:49,7960.0,10000.0,5106900.0
222,2021-10-21 07:19:49,7960.0,2000.0,5096900.0
223,2021-10-21 07:19:49,7960.0,100.0,5094900.0
224,2021-10-21 07:19:49,7960.0,1000.0,5094800.0
225,2021-10-21 07:19:49,7960.0,6000.0,5093800.0
226,2021-10-21 07:19:49,7960.0,100.0,5087800.0
227,2021-10-21 07:19:24,7950.0,200.0,5087700.0
228,2021-10-21 07:19:24,7950.0,700.0,5087500.0
229,2021-10-21 07:19:22,7960.0,100.0,5086800.0
230,2021-10-21 07:19:11,7950.0,300.0,5086700.0
231,2021-10-21 07:19:11,7950.0,1000.0,5086400.0
232,2021-10-21 07:19:11,7950.0,300.0,5085400.0
233,2021-10-21 07:19:09,7960.0,100.0,5085100.0
234,2021-10-21 07:19:08,7950.0,2000.0,5085000.0
235,2021-10-21 07:18:41,7950.0,2100.0,5083000.0
236,2021-10-21 07:18:41,7950.0,900.0,5080900.0
237,2021-10-21 07:18:37,7950.0,1000.0,5080000.0
238,2021-10-21 07:18:27,7960.0,600.0,5079000.0
239,2021-10-21 07:18:27,7960.0,1400.0,5078400.0
240,2021-10-21 07:18:18,7950.0,6500.0,5077000.0
241,2021-10-21 07:18:18,7950.0,1000.0,5070500.0
242,2021-10-21 07:18:18,7950.0,10000.0,5069500.0
243,2021-10-21 07:18:18,7950.0,500.0,5059500.0
244,2021-10-21 07:18:18,7950.0,10000.0,5059000.0
245,2021-10-21 07:18:18,7950.0,10000.0,5049000.0
246,2021-10-21 07:18:18,7950.0,2000.0,5039000.0
247,2021-10-21 07:18:18,7950.0,100.0,5037000.0
248,2021-10-21 07:18:18,7950.0,1000.0,5036900.0
249,2021-10-21 07:18:18,7950.0,1000.0,5035900.0
250,2021-10-21 07:18:18,7950.0,1000.0,5034900.0
251,2021-10-21 07:18:18,7950.0,5000.0,5033900.0
252,2021-10-21 07:18:18,7950.0,100.0,5028900.0
253,2021-10-21 07:18:18,7950.0,100.0,5028800.0
254,2021-10-21 07:18:18,7950.0,200.0,5028700.0
255,2021-10-21 07:18:18,7950.0,1500.0,5028500.0
256,2021-10-21 07:17:42,7960.0,800.0,5027000.0
257,2021-10-21 07:17:30,7950.0,1000.0,5026200.0
258,2021-10-21 07:17:30,7950.0,4000.0,5025200.0
259,2021-10-21 07:16:58,7950.0,1000.0,5021200.0
260,2021-10-21 07:16:31,7960.0,100.0,5020200.0
261,2021-10-21 07:16:15,7950.0,100.0,5020100.0
262,2021-10-21 07:16:15,7950.0,900.0,5020000.0
263,2021-10-21 07:15:50,7950.0,1100.0,5019100.0
264,2021-10-21 07:15:50,7950.0,100.0,5018000.0
265,2021-10-21 07:15:50,7950.0,100.0,5017900.0
266,2021-10-21 07:15:50,7950.0,400.0,5017800.0
267,2021-10-21 07:15:50,7950.0,300.0,5017400.0
268,2021-10-21 07:15:48,7960.0,100.0,5017100.0
269,2021-10-21 07:15:46,7960.0,500.0,5017000.0
270,2021-10-21 07:15:34,7960.0,1000.0,5016500.0
271,2021-10-21 07:15:31,7960.0,1000.0,5015500.0
272,2021-10-21 07:15:19,7960.0,100.0,5014500.0
273,2021-10-21 07:15:13,7960.0,1300.0,5014400.0
274,2021-10-21 07:14:34,7960.0,2000.0,5013100.0
275,2021-10-21 07:14:26,7960.0,1700.0,5011100.0
276,2021-10-21 07:14:26,7960.0,1300.0,5009400.0
277,2021-10-21 07:14:26,7960.0,1500.0,5008100.0
278,2021-10-21 07:14:26,7960.0,100.0,5006600.0
279,2021-10-21 07:14:26,7960.0,400.0,5006500.0
280,2021-10-21 07:14:15,7960.0,200.0,5006100.0
281,2021-10-21 07:13:59,7950.0,500.0,5005900.0
282,2021-10-21 07:13:59,7950.0,100.0,5005400.0
283,2021-10-21 07:13:59,7950.0,100.0,5005300.0
284,2021-10-21 07:13:59,7950.0,300.0,5005200.0
285,2021-10-21 07:13:58,7950.0,200.0,5004900.0
286,2021-10-21 07:13:44,7960.0,10000.0,5004700.0
287,2021-10-21 07:13:40,7960.0,4000.0,4994700.0
288,2021-10-21 07:13:40,7960.0,1300.0,4990700.0
289,2021-10-21 07:13:17,7950.0,200.0,4989400.0
290,2021-10-21 07:13:06,7950.0,800.0,4989200.0
291,2021-10-21 07:13:06,7950.0,700.0,4988400.0
292,2021-10-21 07:13:00,7950.0,300.0,4987700.0
293,2021-10-21 07:11:26,7950.0,500.0,4987400.0
294,2021-10-21 07:11:19,7950.0,1500.0,4986900.0
295,2021-10-21 07:11:19,7950.0,100.0,4985400.0
296,2021-10-21 07:11:19,7950.0,5000.0,4985300.0
297,2021-10-21 07:11:19,7950.0,100.0,4980300.0
298,2021-10-21 07:11:19,7950.0,100.0,4980200.0
299,2021-10-21 07:11:19,7950.0,500.0,4980100.0
300,2021-10-21 07:11:19,7950.0,200.0,4979600.0
301,2021-10-21 07:11:19,7950.0,3000.0,4979400.0
302,2021-10-21 07:11:19,7950.0,1500.0,4976400.0
303,2021-10-21 07:11:19,7950.0,2000.0,4974900.0
304,2021-10-21 07:11:19,7950.0,1000.0,4972900.0
305,2021-10-21 07:10:34,7950.0,200.0,4971900.0
306,2021-10-21 07:10:34,7950.0,400.0,4971700.0
307,2021-10-21 07:10:10,7960.0,100.0,4971300.0
308,2021-10-21 07:09:44,7950.0,5000.0,4971200.0
309,2021-10-21 07:09:27,7960.0,200.0,4966200.0
310,2021-10-21 07:08:55,7960.0,300.0,4966000.0
311,2021-10-21 07:08:54,7950.0,4600.0,4965700.0
312,2021-10-21 07:08:54,7950.0,1600.0,4961100.0
313,2021-10-21 07:08:54,7950.0,500.0,4959500.0
314,2021-10-21 07:08:54,7950.0,100.0,4959000.0
315,2021-10-21 07:08:54,7950.0,100.0,4958900.0
316,2021-10-21 07:08:54,7950.0,1000.0,4958800.0
317,2021-10-21 07:08:54,7950.0,100.0,4957800.0
318,2021-10-21 07:08:54,7950.0,1000.0,4957700.0
319,2021-10-21 07:08:54,7950.0,11000.0,4956700.0
320,2021-10-21 07:08:48,7960.0,3500.0,4945700.0
321,2021-10-21 07:08:48,7960.0,5000.0,4942200.0
322,2021-10-21 07:08:48,7960.0,500.0,4937200.0
323,2021-10-21 07:08:48,7960.0,3000.0,4936700.0
324,2021-10-21 07:08:48,7960.0,10000.0,4933700.0
325,2021-10-21 07:08:48,7960.0,1000.0,4923700.0
326,2021-10-21 07:08:48,7960.0,3000.0,4922700.0
327,2021-10-21 07:08:48,7960.0,2000.0,4919700.0
328,2021-10-21 07:08:29,7960.0,100.0,4917700.0
329,2021-10-21 07:08:16,7950.0,500.0,4917600.0
330,2021-10-21 07:08:13,7960.0,1000.0,4917100.0
331,2021-10-21 07:07:18,7960.0,2500.0,4916100.0
332,2021-10-21 07:07:14,7960.0,2700.0,4913600.0
333,2021-10-21 07:06:53,7960.0,300.0,4910900.0
334,2021-10-21 07:06:48,7960.0,1400.0,4910600.0
335,2021-10-21 07:06:48,7960.0,5000.0,4909200.0
336,2021-10-21 07:06:48,7960.0,1000.0,4904200.0
337,2021-10-21 07:06:48,7960.0,200.0,4903200.0
338,2021-10-21 07:06:48,7960.0,1000.0,4903000.0
339,2021-10-21 07:06:43,7950.0,1300.0,4902000.0
340,2021-10-21 07:06:29,7960.0,4000.0,4900700.0
341,2021-10-21 07:06:08,7950.0,5000.0,4896700.0
342,2021-10-21 07:06:02,7960.0,1000.0,4891700.0
343,2021-10-21 07:05:55,7950.0,1000.0,4890700.0
344,2021-10-21 07:05:10,7960.0,1000.0,4889700.0
345,2021-10-21 07:05:10,7950.0,11200.0,4888700.0
346,2021-10-21 07:05:10,7950.0,200.0,4877500.0
347,2021-10-21 07:05:10,7950.0,100.0,4877300.0
348,2021-10-21 07:05:10,7950.0,5000.0,4877200.0
349,2021-10-21 07:05:10,7950.0,3000.0,4872200.0
350,2021-10-21 07:05:10,7950.0,100.0,4869200.0
351,2021-10-21 07:05:10,7950.0,300.0,4869100.0
352,2021-10-21 07:05:10,7950.0,100.0,4868800.0
353,2021-10-21 07:05:09,7960.0,100.0,4868700.0
354,2021-10-21 07:04:53,7950.0,700.0,4868600.0
355,2021-10-21 07:04:53,7950.0,300.0,4867900.0
356,2021-10-21 07:04:50,7950.0,200.0,4867600.0
357,2021-10-21 07:04:50,7950.0,300.0,4867400.0
358,2021-10-21 07:04:31,7950.0,700.0,4867100.0
359,2021-10-21 07:04:21,7950.0,2000.0,4866400.0
360,2021-10-21 07:03:41,7950.0,1600.0,4864400.0
361,2021-10-21 07:03:41,7950.0,4500.0,4862800.0
362,2021-10-21 07:03:15,7950.0,20000.0,4858300.0
363,2021-10-21 07:02:56,7950.0,100.0,4838300.0
364,2021-10-21 07:02:41,7950.0,10000.0,4838200.0
365,2021-10-21 07:02:24,7960.0,2900.0,4828200.0
366,2021-10-21 07:02:24,7960.0,200.0,4825300.0
367,2021-10-21 07:02:24,7960.0,1900.0,4825100.0
368,2021-10-21 07:02:06,7960.0,100.0,4823200.0
369,2021-10-21 07:02:06,7950.0,11300.0,4823100.0
370,2021-10-21 07:01:43,7960.0,100.0,4811800.0
371,2021-10-21 07:01:36,7960.0,5000.0,4811700.0
372,2021-10-21 07:01:14,7960.0,3000.0,4806700.0
373,2021-10-21 07:00:58,7960.0,100.0,4803700.0
374,2021-10-21 07:00:47,7960.0,900.0,4803600.0
375,2021-10-21 07:00:47,7960.0,1000.0,4802700.0
376,2021-10-21 07:00:47,7960.0,5000.0,4801700.0
377,2021-10-21 07:00:47,7960.0,100.0,4796700.0
378,2021-10-21 07:00:47,7960.0,1000.0,4796600.0
379,2021-10-21 07:00:47,7960.0,1000.0,4795600.0
380,2021-10-21 07:00:47,7960.0,800.0,4794600.0
381,2021-10-21 07:00:47,7960.0,200.0,4793800.0
382,2021-10-21 07:00:47,7960.0,1200.0,4793600.0
383,2021-10-21 07:00:47,7960.0,200.0,4792400.0
384,2021-10-21 07:00:47,7960.0,19100.0,4792200.0
385,2021-10-21 07:00:45,7960.0,200.0,4773100.0
386,2021-10-21 07:00:25,7960.0,4500.0,4772900.0
387,2021-10-21 07:00:09,7960.0,200.0,4768400.0
388,2021-10-21 07:00:09,7970.0,100.0,4768200.0
389,2021-10-21 07:00:02,7970.0,1000.0,4768100.0
390,2021-10-21 07:00:02,7970.0,1700.0,4767100.0
391,2021-10-21 06:59:41,7960.0,2500.0,4765400.0
392,2021-10-21 06:59:39,7970.0,300.0,4762900.0
393,2021-10-21 06:59:39,7970.0,200.0,4762600.0
394,2021-10-21 06:59:37,7970.0,100.0,4762400.0
395,2021-10-21 06:58:57,7970.0,500.0,4762300.0
396,2021-10-21 06:58:28,7970.0,100.0,4761800.0
397,2021-10-21 06:58:25,7970.0,100.0,4761700.0
398,2021-10-21 06:57:59,7970.0,100.0,4761600.0
399,2021-10-21 06:57:48,7970.0,1500.0,4761500.0
400,2021-10-21 06:57:39,7970.0,100.0,4760000.0
401,2021-10-21 06:57:30,7970.0,400.0,4759900.0
402,2021-10-21 06:57:30,7970.0,600.0,4759500.0
403,2021-10-21 06:57:25,7970.0,1500.0,4758900.0
404,2021-10-21 06:57:04,7970.0,500.0,4757400.0
405,2021-10-21 06:57:04,7970.0,1000.0,4756900.0
406,2021-10-21 06:56:42,7970.0,700.0,4755900.0
407,2021-10-21 06:56:42,7970.0,300.0,4755200.0
408,2021-10-21 06:56:29,7970.0,500.0,4754900.0
409,2021-10-21 06:56:19,7970.0,600.0,4754400.0
410,2021-10-21 06:56:14,7970.0,1000.0,4753800.0
411,2021-10-21 06:56:03,7970.0,2600.0,4752800.0
412,2021-10-21 06:56:02,7970.0,1000.0,4750200.0
413,2021-10-21 06:56:02,7970.0,900.0,4749200.0
414,2021-10-21 06:56:02,7970.0,300.0,4748300.0
415,2021-10-21 06:56:02,7970.0,1200.0,4748000.0
416,2021-10-21 06:55:54,7960.0,2900.0,4746800.0
417,2021-10-21 06:55:37,7960.0,100.0,4743900.0
418,2021-10-21 06:55:35,7960.0,1000.0,4743800.0
419,2021-10-21 06:55:35,7960.0,5000.0,4742800.0
420,2021-10-21 06:55:35,7960.0,13300.0,4737800.0
421,2021-10-21 06:55:35,7960.0,1200.0,4724500.0
422,2021-10-21 06:55:18,7950.0,4100.0,4723300.0
423,2021-10-21 06:55:18,7950.0,200.0,4719200.0
424,2021-10-21 06:55:09,7960.0,200.0,4719000.0
425,2021-10-21 06:54:54,7960.0,300.0,4718800.0
426,2021-10-21 06:54:54,7960.0,1000.0,4718500.0
427,2021-10-21 06:54:54,7960.0,1000.0,4717500.0
428,2021-10-21 06:54:54,7960.0,2100.0,4716500.0
429,2021-10-21 06:54:54,7960.0,2000.0,4714400.0
430,2021-10-21 06:54:54,7960.0,7200.0,4712400.0
431,2021-10-21 06:54:41,7970.0,800.0,4705200.0
432,2021-10-21 06:54:41,7970.0,7000.0,4704400.0
433,2021-10-21 06:54:41,7970.0,500.0,4697400.0
434,2021-10-21 06:54:41,7970.0,6600.0,4696900.0
435,2021-10-21 06:54:41,7970.0,1000.0,4690300.0
436,2021-10-21 06:54:41,7970.0,100.0,4689300.0
437,2021-10-21 06:54:41,7970.0,4000.0,4689200.0
438,2021-10-21 06:54:41,7960.0,800.0,4685200.0
439,2021-10-21 06:54:41,7960.0,200.0,4684400.0
440,2021-10-21 06:54:41,7960.0,2000.0,4684200.0
441,2021-10-21 06:53:29,7960.0,1000.0,4682200.0
442,2021-10-21 06:53:18,7960.0,100.0,4681200.0
443,2021-10-21 06:53:11,7960.0,3000.0,4681100.0
444,2021-10-21 06:53:06,7960.0,1000.0,4678100.0
445,2021-10-21 06:53:04,7970.0,100.0,4677100.0
446,2021-10-21 06:52:49,7960.0,100.0,4677000.0
447,2021-10-21 06:52:26,7960.0,1400.0,4676900.0
448,2021-10-21 06:52:26,7960.0,2000.0,4675500.0
449,2021-10-21 06:52:26,7960.0,1000.0,4673500.0
450,2021-10-21 06:52:26,7960.0,600.0,4672500.0
451,2021-10-21 06:52:26,7960.0,200.0,4671900.0
452,2021-10-21 06:52:26,7960.0,200.0,4671700.0
453,2021-10-21 06:52:26,7960.0,900.0,4671500.0
454,2021-10-21 06:52:26,7960.0,100.0,4670600.0
455,2021-10-21 06:52:26,7960.0,600.0,4670500.0
456,2021-10-21 06:52:25,7960.0,200.0,4669900.0
457,2021-10-21 06:52:14,7960.0,400.0,4669700.0
458,2021-10-21 06:52:08,7970.0,100.0,4669300.0
459,2021-10-21 06:51:45,7960.0,100.0,4669200.0
460,2021-10-21 06:51:26,7960.0,1000.0,4669100.0
461,2021-10-21 06:51:09,7970.0,100.0,4668100.0
462,2021-10-21 06:50:57,7970.0,200.0,4668000.0
463,2021-10-21 06:50:36,7960.0,2500.0,4667800.0
464,2021-10-21 06:50:28,7960.0,5200.0,4665300.0
465,2021-10-21 06:50:28,7960.0,4800.0,4660100.0
466,2021-10-21 06:50:24,7960.0,5200.0,4655300.0
467,2021-10-21 06:50:24,7960.0,800.0,4650100.0
468,2021-10-21 06:50:18,7970.0,700.0,4649300.0
469,2021-10-21 06:50:04,7960.0,200.0,4648600.0
470,2021-10-21 06:49:55,7970.0,300.0,4648400.0
471,2021-10-21 06:49:40,7960.0,300.0,4648100.0
472,2021-10-21 06:49:11,7960.0,700.0,4647800.0
473,2021-10-21 06:49:11,7960.0,500.0,4647100.0
474,2021-10-21 06:49:11,7960.0,2200.0,4646600.0
475,2021-10-21 06:49:11,7960.0,1600.0,4644400.0
476,2021-10-21 06:49:09,7970.0,100.0,4642800.0
477,2021-10-21 06:48:31,7960.0,400.0,4642700.0
478,2021-10-21 06:48:31,7960.0,100.0,4642300.0
479,2021-10-21 06:47:34,7960.0,200.0,4642200.0
480,2021-10-21 06:47:10,7960.0,300.0,4642000.0
481,2021-10-21 06:46:14,7960.0,700.0,4641700.0
482,2021-10-21 06:46:14,7960.0,100.0,4641000.0
483,2021-10-21 06:46:14,7960.0,200.0,4640900.0
484,2021-10-21 06:46:00,7960.0,1000.0,4640700.0
485,2021-10-21 06:45:43,7960.0,3800.0,4639700.0
486,2021-10-21 06:45:43,7960.0,1100.0,4635900.0
487,2021-10-21 06:45:43,7960.0,5100.0,4634800.0
488,2021-10-21 06:45:03,7960.0,4900.0,4629700.0
489,2021-10-21 06:45:03,7960.0,100.0,4624800.0
490,2021-10-21 06:44:55,7970.0,1200.0,4624700.0
491,2021-10-21 06:44:53,7960.0,100.0,4623500.0
492,2021-10-21 06:44:47,7970.0,300.0,4623400.0
493,2021-10-21 06:44:24,7970.0,100.0,4623100.0
494,2021-10-21 06:43:59,7970.0,2000.0,4623000.0
495,2021-10-21 06:43:48,7970.0,800.0,4621000.0
496,2021-10-21 06:43:48,7970.0,1000.0,4620200.0
497,2021-10-21 06:43:48,7970.0,200.0,4619200.0
498,2021-10-21 06:43:16,7970.0,800.0,4619000.0
499,2021-10-21 06:43:16,7970.0,100.0,4618200.0
500,2021-10-21 06:43:16,7970.0,100.0,4618100.0
501,2021-10-21 06:42:53,7970.0,1000.0,4618000.0
502,2021-10-21 06:42:53,7950.0,800.0,4617000.0
503,2021-10-21 06:42:53,7950.0,100.0,4616200.0
504,2021-10-21 06:42:42,7950.0,100.0,4616100.0
505,2021-10-21 06:42:42,7950.0,5000.0,4616000.0
506,2021-10-21 06:42:35,7970.0,500.0,4611000.0
507,2021-10-21 06:42:09,7970.0,100.0,4610500.0
508,2021-10-21 06:42:04,7960.0,1000.0,4610400.0
509,2021-10-21 06:41:48,7940.0,4200.0,4609400.0
510,2021-10-21 06:41:48,7940.0,100.0,4605200.0
511,2021-10-21 06:41:48,7940.0,3000.0,4605100.0
512,2021-10-21 06:41:48,7940.0,10000.0,4602100.0
513,2021-10-21 06:41:48,7940.0,1000.0,4592100.0
514,2021-10-21 06:41:48,7940.0,2000.0,4591100.0
515,2021-10-21 06:41:48,7940.0,500.0,4589100.0
516,2021-10-21 06:41:48,7940.0,1000.0,4588600.0
517,2021-10-21 06:41:48,7940.0,1000.0,4587600.0
518,2021-10-21 06:41:48,7940.0,2000.0,4586600.0
519,2021-10-21 06:41:48,7940.0,1000.0,4584600.0
520,2021-10-21 06:41:48,7940.0,100.0,4583600.0
521,2021-10-21 06:41:48,7940.0,2000.0,4583500.0
522,2021-10-21 06:41:48,7940.0,500.0,4581500.0
523,2021-10-21 06:41:48,7940.0,5000.0,4581000.0
524,2021-10-21 06:41:48,7940.0,1000.0,4576000.0
525,2021-10-21 06:41:48,7940.0,4500.0,4575000.0
526,2021-10-21 06:41:48,7950.0,100.0,4570500.0
527,2021-10-21 06:41:48,7950.0,5000.0,4570400.0
528,2021-10-21 06:41:48,7950.0,1000.0,4565400.0
529,2021-10-21 06:41:48,7950.0,300.0,4564400.0
530,2021-10-21 06:41:48,7950.0,600.0,4564100.0
531,2021-10-21 06:41:48,7950.0,100.0,4563500.0
532,2021-10-21 06:41:48,7950.0,100.0,4563400.0
533,2021-10-21 06:41:48,7950.0,2000.0,4563300.0
534,2021-10-21 06:41:48,7950.0,200.0,4561300.0
535,2021-10-21 06:41:48,7950.0,200.0,4561100.0
536,2021-10-21 06:41:48,7950.0,1600.0,4560900.0
537,2021-10-21 06:41:48,7950.0,200.0,4559300.0
538,2021-10-21 06:41:48,7950.0,500.0,4559100.0
539,2021-10-21 06:41:48,7950.0,5000.0,4558600.0
540,2021-10-21 06:41:48,7950.0,100.0,4553600.0
541,2021-10-21 06:41:48,7950.0,2000.0,4553500.0
542,2021-10-21 06:41:48,7950.0,5000.0,4551500.0
543,2021-10-21 06:41:48,7950.0,1000.0,4546500.0
544,2021-10-21 06:41:48,7950.0,100.0,4545500.0
545,2021-10-21 06:41:48,7960.0,500.0,4545400.0
546,2021-10-21 06:41:48,7960.0,3200.0,4544900.0
547,2021-10-21 06:41:48,7960.0,3000.0,4541700.0
548,2021-10-21 06:41:48,7960.0,300.0,4538700.0
549,2021-10-21 06:41:35,7960.0,700.0,4538400.0
550,2021-10-21 06:41:35,7960.0,1000.0,4537700.0
551,2021-10-21 06:41:35,7960.0,3300.0,4536700.0
552,2021-10-21 06:40:24,7960.0,500.0,4533400.0
553,2021-10-21 06:40:16,7960.0,3000.0,4532900.0
554,2021-10-21 06:40:06,7960.0,3200.0,4529900.0
555,2021-10-21 06:40:06,7960.0,100.0,4526700.0
556,2021-10-21 06:40:06,7960.0,1000.0,4526600.0
557,2021-10-21 06:40:06,7960.0,700.0,4525600.0
558,2021-10-21 06:39:56,7960.0,300.0,4524900.0
559,2021-10-21 06:39:48,7960.0,1000.0,4524600.0
560,2021-10-21 06:39:35,7960.0,500.0,4523600.0
561,2021-10-21 06:39:20,7960.0,100.0,4523100.0
562,2021-10-21 06:39:20,7960.0,2000.0,4523000.0
563,2021-10-21 06:39:20,7960.0,300.0,4521000.0
564,2021-10-21 06:39:20,7960.0,500.0,4520700.0
565,2021-10-21 06:39:20,7960.0,100.0,4520200.0
566,2021-10-21 06:39:10,7960.0,3000.0,4520100.0
567,2021-10-21 06:38:38,7960.0,1000.0,4517100.0
568,2021-10-21 06:38:22,7960.0,1000.0,4516100.0
569,2021-10-21 06:38:00,7960.0,1000.0,4515100.0
570,2021-10-21 06:37:47,7970.0,300.0,4514100.0
571,2021-10-21 06:37:40,7970.0,1000.0,4513800.0
572,2021-10-21 06:37:40,7960.0,1000.0,4512800.0
573,2021-10-21 06:37:33,7960.0,4200.0,4511800.0
574,2021-10-21 06:37:21,7960.0,900.0,4507600.0
575,2021-10-21 06:37:10,7970.0,200.0,4506700.0
576,2021-10-21 06:37:03,7970.0,2000.0,4506500.0
577,2021-10-21 06:37:00,7970.0,200.0,4504500.0
578,2021-10-21 06:37:00,7970.0,100.0,4504300.0
579,2021-10-21 06:37:00,7970.0,200.0,4504200.0
580,2021-10-21 06:37:00,7970.0,1000.0,4504000.0
581,2021-10-21 06:37:00,7970.0,300.0,4503000.0
582,2021-10-21 06:37:00,7970.0,100.0,4502700.0
583,2021-10-21 06:37:00,7970.0,100.0,4502600.0
584,2021-10-21 06:37:00,7970.0,2800.0,4502500.0
585,2021-10-21 06:36:55,7980.0,700.0,4499700.0
586,2021-10-21 06:36:25,7970.0,100.0,4499000.0
587,2021-10-21 06:36:18,7980.0,15000.0,4498900.0
588,2021-10-21 06:35:16,7980.0,300.0,4483900.0
589,2021-10-21 06:35:13,7980.0,100.0,4483600.0
590,2021-10-21 06:35:13,7980.0,1900.0,4483500.0
591,2021-10-21 06:34:40,7980.0,600.0,4481600.0
592,2021-10-21 06:34:35,7980.0,1000.0,4481000.0
593,2021-10-21 06:34:26,7970.0,100.0,4480000.0
594,2021-10-21 06:34:26,7970.0,600.0,4479900.0
595,2021-10-21 06:34:26,7970.0,1300.0,4479300.0
596,2021-10-21 06:34:08,7980.0,100.0,4478000.0
597,2021-10-21 06:33:50,7980.0,1400.0,4477900.0
598,2021-10-21 06:33:48,7990.0,100.0,4476500.0
599,2021-10-21 06:33:45,7980.0,3700.0,4476400.0
600,2021-10-21 06:33:45,7980.0,300.0,4472700.0
601,2021-10-21 06:33:45,7980.0,100.0,4472400.0
602,2021-10-21 06:33:45,7980.0,100.0,4472300.0
603,2021-10-21 06:33:45,7980.0,800.0,4472200.0
604,2021-10-21 06:33:45,7980.0,100.0,4471400.0
605,2021-10-21 06:33:27,7980.0,100.0,4471300.0
606,2021-10-21 06:33:27,7980.0,100.0,4471200.0
607,2021-10-21 06:33:27,7980.0,500.0,4471100.0
608,2021-10-21 06:33:27,7980.0,400.0,4470600.0
609,2021-10-21 06:33:27,7980.0,3900.0,4470200.0
610,2021-10-21 06:33:26,7980.0,100.0,4466300.0
611,2021-10-21 06:33:22,7990.0,2400.0,4466200.0
612,2021-10-21 06:33:22,7990.0,1700.0,4463800.0
613,2021-10-21 06:33:22,7990.0,300.0,4462100.0
614,2021-10-21 06:33:22,7990.0,600.0,4461800.0
615,2021-10-21 06:33:22,7990.0,2600.0,4461200.0
616,2021-10-21 06:33:22,7990.0,1400.0,4458600.0
617,2021-10-21 06:33:15,7990.0,3700.0,4457200.0
618,2021-10-21 06:33:08,7980.0,300.0,4453500.0
619,2021-10-21 06:32:07,7990.0,600.0,4453200.0
620,2021-10-21 06:31:29,7980.0,800.0,4452600.0
621,2021-10-21 06:31:29,7980.0,200.0,4451800.0
622,2021-10-21 06:31:08,7980.0,200.0,4451600.0
623,2021-10-21 06:30:54,7990.0,500.0,4451400.0
624,2021-10-21 06:30:42,7990.0,100.0,4450900.0
625,2021-10-21 06:30:22,7990.0,3000.0,4450800.0
626,2021-10-21 06:30:22,7990.0,700.0,4447800.0
627,2021-10-21 06:30:18,7990.0,300.0,4447100.0
628,2021-10-21 06:30:18,7990.0,700.0,4446800.0
629,2021-10-21 06:30:17,8000.0,4000.0,4446100.0
630,2021-10-21 06:30:04,7990.0,1800.0,4442100.0
631,2021-10-21 06:29:31,7990.0,500.0,4440300.0
632,2021-10-21 06:29:25,7990.0,2000.0,4439800.0
633,2021-10-21 06:29:24,7990.0,100.0,4437800.0
634,2021-10-21 06:29:18,7990.0,10000.0,4437700.0
635,2021-10-21 06:28:57,7990.0,2800.0,4427700.0
636,2021-10-21 06:28:50,8000.0,900.0,4424900.0
637,2021-10-21 06:28:50,8000.0,800.0,4424000.0
638,2021-10-21 06:28:50,8000.0,500.0,4423200.0
639,2021-10-21 06:28:50,8000.0,800.0,4422700.0
640,2021-10-21 06:28:49,7990.0,200.0,4421900.0
641,2021-10-21 06:28:46,7990.0,500.0,4421700.0
642,2021-10-21 06:28:41,8000.0,200.0,4421200.0
643,2021-10-21 06:28:41,8000.0,300.0,4421000.0
644,2021-10-21 06:28:41,8000.0,2000.0,4420700.0
645,2021-10-21 06:28:41,8000.0,3500.0,4418700.0
646,2021-10-21 06:28:41,8000.0,20000.0,4415200.0
647,2021-10-21 06:28:41,8000.0,1000.0,4395200.0
648,2021-10-21 06:28:41,8000.0,1000.0,4394200.0
649,2021-10-21 06:28:41,8000.0,2900.0,4393200.0
650,2021-10-21 06:28:41,8000.0,6000.0,4390300.0
651,2021-10-21 06:28:41,8000.0,1000.0,4384300.0
652,2021-10-21 06:28:41,8000.0,5700.0,4383300.0
653,2021-10-21 06:28:41,8000.0,3900.0,4377600.0
654,2021-10-21 06:28:41,8000.0,500.0,4373700.0
655,2021-10-21 06:28:41,8000.0,2000.0,4373200.0
656,2021-10-21 06:28:41,8000.0,500.0,4371200.0
657,2021-10-21 06:28:41,8000.0,200.0,4370700.0
658,2021-10-21 06:28:41,8000.0,1000.0,4370500.0
659,2021-10-21 06:28:41,8000.0,2000.0,4369500.0
660,2021-10-21 06:28:41,8000.0,10000.0,4367500.0
661,2021-10-21 06:28:41,8000.0,200.0,4357500.0
662,2021-10-21 06:28:41,8000.0,1000.0,4357300.0
663,2021-10-21 06:28:41,8000.0,200.0,4356300.0
664,2021-10-21 06:28:41,8000.0,500.0,4356100.0
665,2021-10-21 06:28:41,8000.0,5000.0,4355600.0
666,2021-10-21 06:28:41,8000.0,1200.0,4350600.0
667,2021-10-21 06:28:41,8000.0,4000.0,4349400.0
668,2021-10-21 06:28:41,8000.0,200.0,4345400.0
669,2021-10-21 06:28:41,8000.0,1000.0,4345200.0
670,2021-10-21 06:28:41,8000.0,2000.0,4344200.0
671,2021-10-21 06:28:41,8000.0,3000.0,4342200.0
672,2021-10-21 06:28:41,8000.0,200.0,4339200.0
673,2021-10-21 06:28:41,8000.0,4600.0,4339000.0
674,2021-10-21 06:28:41,8000.0,2000.0,4334400.0
675,2021-10-21 06:28:41,8000.0,200.0,4332400.0
676,2021-10-21 06:28:41,8000.0,500.0,4332200.0
677,2021-10-21 06:28:41,8000.0,1800.0,4331700.0
678,2021-10-21 06:28:41,8000.0,20000.0,4329900.0
679,2021-10-21 06:28:41,8000.0,600.0,4309900.0
680,2021-10-21 06:28:41,8000.0,1000.0,4309300.0
681,2021-10-21 06:28:41,8000.0,500.0,4308300.0
682,2021-10-21 06:28:41,8000.0,10000.0,4307800.0
683,2021-10-21 06:28:41,8000.0,500.0,4297800.0
684,2021-10-21 06:28:36,7990.0,200.0,4297300.0
685,2021-10-21 06:28:29,8000.0,500.0,4297100.0
686,2021-10-21 06:28:29,8000.0,800.0,4296600.0
687,2021-10-21 06:28:17,7990.0,200.0,4295800.0
688,2021-10-21 06:28:14,7990.0,1500.0,4295600.0
689,2021-10-21 06:28:03,7990.0,1000.0,4294100.0
690,2021-10-21 06:28:03,7990.0,1000.0,4293100.0
691,2021-10-21 06:28:03,7990.0,2000.0,4292100.0
692,2021-10-21 06:28:03,7990.0,400.0,4290100.0
693,2021-10-21 06:28:01,7990.0,1000.0,4289700.0
694,2021-10-21 06:27:14,7980.0,300.0,4288700.0
695,2021-10-21 06:27:08,7990.0,600.0,4288400.0
696,2021-10-21 06:27:08,7990.0,100.0,4287800.0
697,2021-10-21 06:27:08,7990.0,2100.0,4287700.0
698,2021-10-21 06:27:08,7990.0,4200.0,4285600.0
699,2021-10-21 06:26:58,7980.0,15900.0,4281400.0
700,2021-10-21 06:26:35,7980.0,100.0,4265500.0
701,2021-10-21 06:26:13,7980.0,300.0,4265400.0
702,2021-10-21 06:26:13,7980.0,3200.0,4265100.0
703,2021-10-21 06:25:49,7980.0,1800.0,4261900.0
704,2021-10-21 06:25:49,7980.0,100.0,4260100.0
705,2021-10-21 06:25:49,7980.0,5100.0,4260000.0
706,2021-10-21 06:25:41,7980.0,100.0,4254900.0
707,2021-10-21 06:25:27,7980.0,200.0,4254800.0
708,2021-10-21 06:25:15,7980.0,400.0,4254600.0
709,2021-10-21 06:25:15,7980.0,600.0,4254200.0
710,2021-10-21 06:25:05,7980.0,6400.0,4253600.0
711,2021-10-21 06:25:05,7980.0,7600.0,4247200.0
712,2021-10-21 06:25:02,7970.0,500.0,4239600.0
713,2021-10-21 06:24:55,7980.0,1000.0,4239100.0
714,2021-10-21 06:24:10,7980.0,100.0,4238100.0
715,2021-10-21 06:23:37,7970.0,100.0,4238000.0
716,2021-10-21 06:23:37,7970.0,100.0,4237900.0
717,2021-10-21 06:23:37,7970.0,3000.0,4237800.0
718,2021-10-21 06:23:28,7970.0,7000.0,4234800.0
719,2021-10-21 06:23:28,7970.0,16300.0,4227800.0
720,2021-10-21 06:22:36,7950.0,200.0,4211500.0
721,2021-10-21 06:22:30,7950.0,19500.0,4211300.0
722,2021-10-21 06:22:22,7950.0,6000.0,4191800.0
723,2021-10-21 06:22:22,7950.0,4300.0,4185800.0
724,2021-10-21 06:22:21,7950.0,700.0,4181500.0
725,2021-10-21 06:22:21,7950.0,2300.0,4180800.0
726,2021-10-21 06:22:10,7950.0,2000.0,4178500.0
727,2021-10-21 06:22:10,7950.0,5000.0,4176500.0
728,2021-10-21 06:22:10,7950.0,300.0,4171500.0
729,2021-10-21 06:22:10,7950.0,400.0,4171200.0
730,2021-10-21 06:21:52,7950.0,100.0,4170800.0
731,2021-10-21 06:21:52,7950.0,9900.0,4170700.0
732,2021-10-21 06:21:50,7950.0,10000.0,4160800.0
733,2021-10-21 06:21:48,7950.0,1600.0,4150800.0
734,2021-10-21 06:21:38,7950.0,1500.0,4149200.0
735,2021-10-21 06:21:36,7950.0,100.0,4147700.0
736,2021-10-21 06:21:09,7950.0,3600.0,4147600.0
737,2021-10-21 06:21:04,7950.0,1900.0,4144000.0
738,2021-10-21 06:20:10,7940.0,100.0,4142100.0
739,2021-10-21 06:19:56,7950.0,500.0,4142000.0
740,2021-10-21 06:19:51,7950.0,400.0,4141500.0
741,2021-10-21 06:19:48,7950.0,500.0,4141100.0
742,2021-10-21 06:18:55,7950.0,500.0,4140600.0
743,2021-10-21 06:18:55,7950.0,9500.0,4140100.0
744,2021-10-21 06:18:49,7950.0,200.0,4130600.0
745,2021-10-21 06:18:16,7950.0,600.0,4130400.0
746,2021-10-21 06:17:56,7950.0,1000.0,4129800.0
747,2021-10-21 06:17:34,7950.0,500.0,4128800.0
748,2021-10-21 06:17:34,7950.0,200.0,4128300.0
749,2021-10-21 06:17:09,7960.0,300.0,4128100.0
750,2021-10-21 06:16:52,7960.0,200.0,4127800.0
751,2021-10-21 06:16:51,7960.0,1000.0,4127600.0
752,2021-10-21 06:16:47,7960.0,200.0,4126600.0
753,2021-10-21 06:16:11,7970.0,1000.0,4126400.0
754,2021-10-21 06:15:56,7970.0,300.0,4125400.0
755,2021-10-21 06:15:56,7960.0,100.0,4125100.0
756,2021-10-21 06:15:56,7960.0,300.0,4125000.0
757,2021-10-21 06:15:56,7960.0,300.0,4124700.0
758,2021-10-21 06:15:40,7950.0,100.0,4124400.0
759,2021-10-21 06:15:40,7950.0,500.0,4124300.0
760,2021-10-21 06:15:24,7950.0,100.0,4123800.0
761,2021-10-21 06:15:17,7940.0,400.0,4123700.0
762,2021-10-21 06:15:17,7940.0,100.0,4123300.0
763,2021-10-21 06:15:09,7940.0,100.0,4123200.0
764,2021-10-21 06:15:07,7940.0,300.0,4123100.0
765,2021-10-21 06:15:03,7940.0,100.0,4122800.0
766,2021-10-21 06:14:59,7940.0,200.0,4122700.0
767,2021-10-21 06:14:58,7940.0,4500.0,4122500.0
768,2021-10-21 06:14:57,7940.0,2000.0,4118000.0
769,2021-10-21 06:14:57,7940.0,1000.0,4116000.0
770,2021-10-21 06:14:57,7940.0,300.0,4115000.0
771,2021-10-21 06:14:57,7940.0,2200.0,4114700.0
772,2021-10-21 06:14:56,7940.0,900.0,4112500.0
773,2021-10-21 06:14:56,7940.0,1300.0,4111600.0
774,2021-10-21 06:14:53,7940.0,200.0,4110300.0
775,2021-10-21 06:14:51,7940.0,4000.0,4110100.0
776,2021-10-21 06:14:36,7940.0,10000.0,4106100.0
777,2021-10-21 06:14:33,7940.0,500.0,4096100.0
778,2021-10-21 06:14:30,7940.0,100.0,4095600.0
779,2021-10-21 06:14:22,7940.0,5000.0,4095500.0
780,2021-10-21 06:14:20,7930.0,3400.0,4090500.0
781,2021-10-21 06:14:20,7930.0,500.0,4087100.0
782,2021-10-21 06:14:20,7930.0,1000.0,4086600.0
783,2021-10-21 06:14:20,7930.0,200.0,4085600.0
784,2021-10-21 06:14:20,7930.0,2300.0,4085400.0
785,2021-10-21 06:14:20,7930.0,100.0,4083100.0
786,2021-10-21 06:14:20,7930.0,7500.0,4083000.0
787,2021-10-21 06:14:01,7940.0,5000.0,4075500.0
788,2021-10-21 06:13:32,7930.0,200.0,4070500.0
789,2021-10-21 06:13:32,7930.0,2300.0,4070300.0
790,2021-10-21 06:13:30,7930.0,2000.0,4068000.0
791,2021-10-21 06:13:27,7930.0,400.0,4066000.0
792,2021-10-21 06:13:20,7930.0,100.0,4065600.0
793,2021-10-21 06:13:19,7930.0,300.0,4065500.0
794,2021-10-21 06:13:17,7930.0,300.0,4065200.0
795,2021-10-21 06:13:17,7930.0,1000.0,4064900.0
796,2021-10-21 06:13:07,7930.0,100.0,4063900.0
797,2021-10-21 06:13:04,7930.0,300.0,4063800.0
798,2021-10-21 06:13:02,7930.0,1000.0,4063500.0
799,2021-10-21 06:12:56,7930.0,2000.0,4062500.0
800,2021-10-21 06:12:43,7930.0,200.0,4060500.0
801,2021-10-21 06:12:43,7930.0,800.0,4060300.0
802,2021-10-21 06:12:37,7930.0,500.0,4059500.0
803,2021-10-21 06:12:36,7930.0,1000.0,4059000.0
804,2021-10-21 06:12:36,7930.0,100.0,4058000.0
805,2021-10-21 06:12:36,7930.0,1000.0,4057900.0
806,2021-10-21 06:12:36,7930.0,6600.0,4056900.0
807,2021-10-21 06:12:11,7940.0,1100.0,4050300.0
808,2021-10-21 06:12:09,7930.0,100.0,4049200.0
809,2021-10-21 06:11:43,7930.0,300.0,4049100.0
810,2021-10-21 06:11:43,7930.0,500.0,4048800.0
811,2021-10-21 06:11:43,7930.0,100.0,4048300.0
812,2021-10-21 06:11:43,7930.0,200.0,4048200.0
813,2021-10-21 06:11:43,7930.0,3900.0,4048000.0
814,2021-10-21 06:11:17,7930.0,5000.0,4044100.0
815,2021-10-21 06:11:08,7930.0,1000.0,4039100.0
816,2021-10-21 06:11:06,7930.0,700.0,4038100.0
817,2021-10-21 06:10:59,7930.0,5000.0,4037400.0
818,2021-10-21 06:10:51,7930.0,4400.0,4032400.0
819,2021-10-21 06:10:51,7930.0,600.0,4028000.0
820,2021-10-21 06:10:40,7930.0,800.0,4027400.0
821,2021-10-21 06:10:27,7930.0,500.0,4026600.0
822,2021-10-21 06:10:15,7930.0,1100.0,4026100.0
823,2021-10-21 06:10:15,7930.0,100.0,4025000.0
824,2021-10-21 06:10:15,7930.0,1000.0,4024900.0
825,2021-10-21 06:10:15,7930.0,100.0,4023900.0
826,2021-10-21 06:10:15,7930.0,200.0,4023800.0
827,2021-10-21 06:10:15,7930.0,400.0,4023600.0
828,2021-10-21 06:10:15,7930.0,100.0,4023200.0
829,2021-10-21 06:10:15,7930.0,100.0,4023100.0
830,2021-10-21 06:10:15,7930.0,2000.0,4023000.0
831,2021-10-21 06:10:15,7930.0,300.0,4021000.0
832,2021-10-21 06:10:15,7930.0,100.0,4020700.0
833,2021-10-21 06:10:15,7930.0,200.0,4020600.0
834,2021-10-21 06:10:15,7930.0,100.0,4020400.0
835,2021-10-21 06:10:15,7930.0,1000.0,4020300.0
836,2021-10-21 06:10:15,7930.0,500.0,4019300.0
837,2021-10-21 06:10:15,7930.0,1000.0,4018800.0
838,2021-10-21 06:10:15,7930.0,700.0,4017800.0
839,2021-10-21 06:10:05,7930.0,300.0,4017100.0
840,2021-10-21 06:10:05,7930.0,1000.0,4016800.0
841,2021-10-21 06:10:05,7930.0,700.0,4015800.0
842,2021-10-21 06:09:42,7940.0,500.0,4015100.0
843,2021-10-21 06:09:31,7930.0,100.0,4014600.0
844,2021-10-21 06:09:26,7940.0,100.0,4014500.0
845,2021-10-21 06:08:38,7930.0,1000.0,4014400.0
846,2021-10-21 06:08:16,7930.0,300.0,4013400.0
847,2021-10-21 06:08:14,7930.0,100.0,4013100.0
848,2021-10-21 06:08:14,7940.0,500.0,4013000.0
849,2021-10-21 06:07:50,7930.0,1000.0,4012500.0
850,2021-10-21 06:07:31,7930.0,6800.0,4011500.0
851,2021-10-21 06:07:31,7930.0,1000.0,4004700.0
852,2021-10-21 06:07:31,7930.0,1000.0,4003700.0
853,2021-10-21 06:07:31,7930.0,1000.0,4002700.0
854,2021-10-21 06:07:31,7930.0,200.0,4001700.0
855,2021-10-21 06:07:13,7940.0,800.0,4001500.0
856,2021-10-21 06:07:03,7940.0,200.0,4000700.0
857,2021-10-21 06:07:01,7930.0,300.0,4000500.0
858,2021-10-21 06:06:57,7940.0,300.0,4000200.0
859,2021-10-21 06:06:55,7940.0,1000.0,3999900.0
860,2021-10-21 06:06:53,7940.0,2100.0,3998900.0
861,2021-10-21 06:06:46,7940.0,1000.0,3996800.0
862,2021-10-21 06:06:46,7940.0,2800.0,3995800.0
863,2021-10-21 06:06:46,7940.0,100.0,3993000.0
864,2021-10-21 06:06:46,7940.0,100.0,3992900.0
865,2021-10-21 06:06:46,7940.0,1000.0,3992800.0
866,2021-10-21 06:06:46,7940.0,400.0,3991800.0
867,2021-10-21 06:06:46,7940.0,100.0,3991400.0
868,2021-10-21 06:06:46,7940.0,100.0,3991300.0
869,2021-10-21 06:06:46,7940.0,1000.0,3991200.0
870,2021-10-21 06:06:46,7940.0,200.0,3990200.0
871,2021-10-21 06:06:46,7940.0,1000.0,3990000.0
872,2021-10-21 06:06:46,7940.0,3000.0,3989000.0
873,2021-10-21 06:06:46,7940.0,1000.0,3986000.0
874,2021-10-21 06:06:46,7940.0,100.0,3985000.0
875,2021-10-21 06:06:46,7940.0,2300.0,3984900.0
876,2021-10-21 06:06:25,7940.0,7700.0,3982600.0
877,2021-10-21 06:06:25,7940.0,13100.0,3974900.0
878,2021-10-21 06:05:46,7940.0,4000.0,3961800.0
879,2021-10-21 06:05:10,7950.0,1000.0,3957800.0
880,2021-10-21 06:04:41,7950.0,100.0,3956800.0
881,2021-10-21 06:04:10,7950.0,100.0,3956700.0
882,2021-10-21 06:04:05,7950.0,200.0,3956600.0
883,2021-10-21 06:04:05,7950.0,200.0,3956400.0
884,2021-10-21 06:04:05,7950.0,1200.0,3956200.0
885,2021-10-21 06:04:05,7950.0,10000.0,3955000.0
886,2021-10-21 06:04:05,7950.0,100.0,3945000.0
887,2021-10-21 06:04:05,7950.0,1000.0,3944900.0
888,2021-10-21 06:04:05,7950.0,700.0,3943900.0
889,2021-10-21 06:04:05,7950.0,1000.0,3943200.0
890,2021-10-21 06:04:05,7950.0,500.0,3942200.0
891,2021-10-21 06:04:05,7950.0,13100.0,3941700.0
892,2021-10-21 06:03:47,7950.0,100.0,3928600.0
893,2021-10-21 06:02:57,7950.0,3800.0,3928500.0
894,2021-10-21 06:02:57,7950.0,6200.0,3924700.0
895,2021-10-21 06:01:00,7950.0,100.0,3918500.0
896,2021-10-21 06:01:00,7950.0,100.0,3918400.0
897,2021-10-21 06:00:58,7950.0,400.0,3918300.0
898,2021-10-21 06:00:58,7950.0,600.0,3917900.0
899,2021-10-21 06:00:58,7950.0,500.0,3917300.0
900,2021-10-21 06:00:58,7950.0,500.0,3916800.0
901,2021-10-21 06:00:33,7950.0,200.0,3916300.0
902,2021-10-21 06:00:33,7950.0,100.0,3916100.0
903,2021-10-21 06:00:33,7950.0,700.0,3916000.0
904,2021-10-21 06:00:32,7970.0,900.0,3915300.0
905,2021-10-21 06:00:32,7970.0,1000.0,3914400.0
906,2021-10-21 06:00:32,7970.0,10000.0,3913400.0
907,2021-10-21 06:00:32,7970.0,2000.0,3903400.0
908,2021-10-21 06:00:32,7970.0,3000.0,3901400.0
909,2021-10-21 06:00:32,7970.0,100.0,3898400.0
910,2021-10-21 06:00:32,7970.0,900.0,3898300.0
911,2021-10-21 06:00:32,7960.0,500.0,3897400.0
912,2021-10-21 06:00:32,7960.0,100.0,3896900.0
913,2021-10-21 06:00:32,7960.0,1000.0,3896800.0
914,2021-10-21 06:00:17,7950.0,200.0,3895800.0
915,2021-10-21 06:00:13,7950.0,100.0,3895600.0
916,2021-10-21 06:00:09,7950.0,100.0,3895500.0
917,2021-10-21 06:00:07,7950.0,1700.0,3895400.0
918,2021-10-21 06:00:07,7950.0,1800.0,3893700.0
919,2021-10-21 06:00:04,7950.0,100.0,3891900.0
920,2021-10-21 06:00:04,7950.0,500.0,3891800.0
921,2021-10-21 06:00:04,7950.0,1500.0,3891300.0
922,2021-10-21 06:00:04,7950.0,1000.0,3889800.0
923,2021-10-21 06:00:04,7950.0,5100.0,3888800.0
924,2021-10-21 06:00:04,7950.0,5600.0,3883700.0
925,2021-10-21 06:00:04,7950.0,100.0,3878100.0
926,2021-10-21 06:00:04,7950.0,500.0,3878000.0
927,2021-10-21 06:00:03,7950.0,100.0,3877500.0
928,2021-10-21 06:00:03,7940.0,100.0,3877400.0
929,2021-10-21 06:00:02,7950.0,2000.0,3877300.0
930,2021-10-21 06:00:02,7950.0,5000.0,3875300.0
931,2021-10-21 06:00:02,7950.0,1600.0,3870300.0
932,2021-10-21 06:00:02,7950.0,800.0,3868700.0
933,2021-10-21 06:00:02,7950.0,100.0,3867900.0
934,2021-10-21 06:00:01,7950.0,100.0,3867800.0
935,2021-10-21 06:00:01,7950.0,800.0,3867700.0
936,2021-10-21 06:00:01,7950.0,3200.0,3866900.0
937,2021-10-21 06:00:01,7950.0,1000.0,3863700.0
938,2021-10-21 06:00:01,7950.0,100.0,3862700.0
939,2021-10-21 04:29:34,7950.0,2000.0,3862600.0
940,2021-10-21 04:29:27,7950.0,9000.0,3860600.0
941,2021-10-21 04:29:16,7950.0,500.0,3851600.0
942,2021-10-21 04:29:03,7950.0,2000.0,3851100.0
943,2021-10-21 04:28:57,7940.0,2800.0,3849100.0
944,2021-10-21 04:28:55,7940.0,500.0,3846300.0
945,2021-10-21 04:28:55,7940.0,10000.0,3845800.0
946,2021-10-21 04:28:53,7940.0,9400.0,3835800.0
947,2021-10-21 04:28:52,7940.0,2300.0,3826400.0
948,2021-10-21 04:28:52,7940.0,500.0,3824100.0
949,2021-10-21 04:28:52,7940.0,5000.0,3823600.0
950,2021-10-21 04:28:52,7940.0,2200.0,3818600.0
951,2021-10-21 04:28:48,7940.0,500.0,3816400.0
952,2021-10-21 04:28:45,7940.0,500.0,3815900.0
953,2021-10-21 04:28:43,7940.0,500.0,3815400.0
954,2021-10-21 04:28:39,7940.0,18800.0,3814900.0
955,2021-10-21 04:28:39,7940.0,1000.0,3796100.0
956,2021-10-21 04:28:39,7940.0,100.0,3795100.0
957,2021-10-21 04:28:31,7940.0,19000.0,3795000.0
958,2021-10-21 04:28:29,7940.0,10000.0,3776000.0
959,2021-10-21 04:28:24,7940.0,20000.0,3766000.0
960,2021-10-21 04:28:20,7940.0,1000.0,3746000.0
961,2021-10-21 04:28:13,7940.0,2000.0,3745000.0
962,2021-10-21 04:28:09,7940.0,100.0,3743000.0
963,2021-10-21 04:28:03,7940.0,1000.0,3742900.0
964,2021-10-21 04:27:48,7940.0,1000.0,3741900.0
965,2021-10-21 04:27:41,7940.0,2000.0,3740900.0
966,2021-10-21 04:27:40,7930.0,1000.0,3738900.0
967,2021-10-21 04:27:40,7930.0,2000.0,3737900.0
968,2021-10-21 04:27:33,7940.0,100.0,3735900.0
969,2021-10-21 04:27:21,7940.0,200.0,3735800.0
970,2021-10-21 04:27:17,7940.0,300.0,3735600.0
971,2021-10-21 04:26:33,7940.0,4700.0,3735300.0
972,2021-10-21 04:26:33,7940.0,1000.0,3730600.0
973,2021-10-21 04:26:33,7940.0,1000.0,3729600.0
974,2021-10-21 04:26:33,7940.0,500.0,3728600.0
975,2021-10-21 04:26:33,7940.0,1000.0,3728100.0
976,2021-10-21 04:26:33,7940.0,4800.0,3727100.0
977,2021-10-21 04:26:27,7920.0,9500.0,3722300.0
978,2021-10-21 04:26:27,7920.0,1500.0,3712800.0
979,2021-10-21 04:26:27,7920.0,1000.0,3711300.0
980,2021-10-21 04:26:27,7930.0,100.0,3710300.0
981,2021-10-21 04:26:27,7930.0,1000.0,3710200.0
982,2021-10-21 04:26:27,7930.0,1000.0,3709200.0
983,2021-10-21 04:26:27,7930.0,900.0,3708200.0
984,2021-10-21 04:26:13,7930.0,100.0,3707300.0
985,2021-10-21 04:26:13,7930.0,200.0,3707200.0
986,2021-10-21 04:26:05,7930.0,200.0,3707000.0
987,2021-10-21 04:26:03,7940.0,100.0,3706800.0
988,2021-10-21 04:25:58,7930.0,1000.0,3706700.0
989,2021-10-21 04:25:57,7920.0,4000.0,3705700.0
990,2021-10-21 04:25:34,7920.0,16000.0,3701700.0
991,2021-10-21 04:25:34,7930.0,300.0,3685700.0
992,2021-10-21 04:25:34,7930.0,200.0,3685400.0
993,2021-10-21 04:25:34,7930.0,200.0,3685200.0
994,2021-10-21 04:25:34,7930.0,3000.0,3685000.0
995,2021-10-21 04:25:34,7930.0,4000.0,3682000.0
996,2021-10-21 04:25:34,7930.0,100.0,3678000.0
997,2021-10-21 04:25:34,7930.0,100.0,3677900.0
998,2021-10-21 04:25:34,7930.0,200.0,3677800.0
999,2021-10-21 04:25:34,7930.0,300.0,3677600.0
1000,2021-10-21 04:25:34,7930.0,500.0,3677300.0
1001,2021-10-21 04:25:34,7930.0,100.0,3676800.0
1002,2021-10-21 04:25:30,7930.0,100.0,3676700.0
1003,2021-10-21 04:25:30,7930.0,3000.0,3676600.0
1004,2021-10-21 04:25:30,7930.0,1000.0,3673600.0
1005,2021-10-21 04:25:30,7930.0,300.0,3672600.0
1006,2021-10-21 04:25:30,7930.0,600.0,3672300.0
1007,2021-10-21 04:25:12,7930.0,400.0,3671700.0
1008,2021-10-21 04:25:12,7930.0,100.0,3671300.0
1009,2021-10-21 04:25:12,7930.0,300.0,3671200.0
1010,2021-10-21 04:25:12,7930.0,700.0,3670900.0
1011,2021-10-21 04:25:12,7930.0,5000.0,3670200.0
1012,2021-10-21 04:25:12,7930.0,100.0,3665200.0
1013,2021-10-21 04:25:12,7930.0,1000.0,3665100.0
1014,2021-10-21 04:25:12,7930.0,100.0,3664100.0
1015,2021-10-21 04:25:12,7930.0,12300.0,3664000.0
1016,2021-10-21 04:24:45,7940.0,500.0,3651700.0
1017,2021-10-21 04:24:38,7940.0,4600.0,3651200.0
1018,2021-10-21 04:24:38,7940.0,400.0,3646600.0
1019,2021-10-21 04:24:32,7940.0,200.0,3646200.0
1020,2021-10-21 04:24:08,7940.0,100.0,3646000.0
1021,2021-10-21 04:24:07,7930.0,200.0,3645900.0
1022,2021-10-21 04:24:00,7930.0,1000.0,3645700.0
1023,2021-10-21 04:23:38,7930.0,1000.0,3644700.0
1024,2021-10-21 04:23:18,7940.0,200.0,3643700.0
1025,2021-10-21 04:23:14,7940.0,800.0,3643500.0
1026,2021-10-21 04:23:14,7940.0,1000.0,3642700.0
1027,2021-10-21 04:23:14,7940.0,400.0,3641700.0
1028,2021-10-21 04:23:14,7940.0,1000.0,3641300.0
1029,2021-10-21 04:23:14,7940.0,1000.0,3640300.0
1030,2021-10-21 04:23:14,7940.0,3500.0,3639300.0
1031,2021-10-21 04:23:14,7940.0,100.0,3635800.0
1032,2021-10-21 04:23:14,7940.0,1300.0,3635700.0
1033,2021-10-21 04:23:07,7950.0,500.0,3634400.0
1034,2021-10-21 04:23:05,7950.0,800.0,3633900.0
1035,2021-10-21 04:23:03,7940.0,3000.0,3633100.0
1036,2021-10-21 04:22:53,7950.0,1000.0,3630100.0
1037,2021-10-21 04:22:52,7940.0,3700.0,3629100.0
1038,2021-10-21 04:22:52,7940.0,2000.0,3625400.0
1039,2021-10-21 04:22:52,7940.0,4300.0,3623400.0
1040,2021-10-21 04:22:46,7950.0,100.0,3619100.0
1041,2021-10-21 04:22:33,7950.0,100.0,3619000.0
1042,2021-10-21 04:22:07,7950.0,2000.0,3618900.0
1043,2021-10-21 04:21:58,7940.0,700.0,3616900.0
1044,2021-10-21 04:21:58,7940.0,200.0,3616200.0
1045,2021-10-21 04:21:58,7940.0,2000.0,3616000.0
1046,2021-10-21 04:21:58,7940.0,2100.0,3614000.0
1047,2021-10-21 04:21:58,7940.0,1000.0,3611900.0
1048,2021-10-21 04:21:48,7950.0,900.0,3610900.0
1049,2021-10-21 04:21:35,7940.0,2500.0,3610000.0
1050,2021-10-21 04:21:33,7940.0,1000.0,3607500.0
1051,2021-10-21 04:21:23,7940.0,200.0,3606500.0
1052,2021-10-21 04:21:03,7940.0,3200.0,3606300.0
1053,2021-10-21 04:21:02,7940.0,500.0,3603100.0
1054,2021-10-21 04:20:59,7940.0,10000.0,3602600.0
1055,2021-10-21 04:20:47,7940.0,3000.0,3592600.0
1056,2021-10-21 04:20:38,7940.0,1200.0,3589600.0
1057,2021-10-21 04:20:29,7940.0,1000.0,3588400.0
1058,2021-10-21 04:20:24,7940.0,1000.0,3587400.0
1059,2021-10-21 04:20:24,7940.0,100.0,3586400.0
1060,2021-10-21 04:20:22,7940.0,1900.0,3586300.0
1061,2021-10-21 04:20:22,7940.0,3000.0,3584400.0
1062,2021-10-21 04:20:22,7940.0,500.0,3581400.0
1063,2021-10-21 04:20:22,7940.0,1000.0,3580900.0
1064,2021-10-21 04:20:22,7940.0,100.0,3579900.0
1065,2021-10-21 04:20:22,7940.0,100.0,3579800.0
1066,2021-10-21 04:20:22,7940.0,300.0,3579700.0
1067,2021-10-21 04:20:22,7940.0,3000.0,3579400.0
1068,2021-10-21 04:20:22,7940.0,500.0,3576400.0
1069,2021-10-21 04:20:22,7940.0,1300.0,3575900.0
1070,2021-10-21 04:20:22,7940.0,1000.0,3574600.0
1071,2021-10-21 04:20:22,7940.0,100.0,3573600.0
1072,2021-10-21 04:20:22,7940.0,7200.0,3573500.0
1073,2021-10-21 04:20:16,7940.0,2500.0,3566300.0
1074,2021-10-21 04:20:04,7940.0,10300.0,3563800.0
1075,2021-10-21 04:20:04,7940.0,100.0,3553500.0
1076,2021-10-21 04:20:04,7940.0,3000.0,3553400.0
1077,2021-10-21 04:20:04,7940.0,500.0,3550400.0
1078,2021-10-21 04:20:04,7940.0,900.0,3549900.0
1079,2021-10-21 04:20:04,7940.0,100.0,3549000.0
1080,2021-10-21 04:20:04,7940.0,100.0,3548900.0
1081,2021-10-21 04:20:04,7940.0,300.0,3548800.0
1082,2021-10-21 04:20:04,7940.0,200.0,3548500.0
1083,2021-10-21 04:20:04,7940.0,200.0,3548300.0
1084,2021-10-21 04:20:04,7940.0,400.0,3548100.0
1085,2021-10-21 04:20:04,7940.0,200.0,3547700.0
1086,2021-10-21 04:20:04,7940.0,3700.0,3547500.0
1087,2021-10-21 04:19:58,7950.0,300.0,3543800.0
1088,2021-10-21 04:19:28,7950.0,2000.0,3543500.0
1089,2021-10-21 04:19:28,7950.0,100.0,3541500.0
1090,2021-10-21 04:19:28,7950.0,700.0,3541400.0
1091,2021-10-21 04:19:27,7950.0,100.0,3540700.0
1092,2021-10-21 04:19:05,7950.0,2000.0,3540600.0
1093,2021-10-21 04:19:05,7950.0,1200.0,3538600.0
1094,2021-10-21 04:19:00,7950.0,4000.0,3537400.0
1095,2021-10-21 04:18:57,7950.0,800.0,3533400.0
1096,2021-10-21 04:18:49,7950.0,200.0,3532600.0
1097,2021-10-21 04:18:48,7950.0,1800.0,3532400.0
1098,2021-10-21 04:18:48,7950.0,1200.0,3530600.0
1099,2021-10-21 04:18:48,7940.0,1900.0,3529400.0
1100,2021-10-21 04:18:48,7940.0,2500.0,3527500.0
1101,2021-10-21 04:18:48,7940.0,2600.0,3525000.0
1102,2021-10-21 04:18:47,7940.0,500.0,3522400.0
1103,2021-10-21 04:18:47,7950.0,500.0,3521900.0
1104,2021-10-21 04:18:36,7950.0,1300.0,3521400.0
1105,2021-10-21 04:18:36,7950.0,300.0,3520100.0
1106,2021-10-21 04:18:23,7940.0,1000.0,3519800.0
1107,2021-10-21 04:18:22,7950.0,1800.0,3518800.0
1108,2021-10-21 04:18:14,7950.0,700.0,3517000.0
1109,2021-10-21 04:18:14,7950.0,3000.0,3516300.0
1110,2021-10-21 04:18:11,7940.0,2000.0,3513300.0
1111,2021-10-21 04:17:55,7950.0,100.0,3511300.0
1112,2021-10-21 04:17:54,7950.0,14100.0,3511200.0
1113,2021-10-21 04:17:54,7950.0,1000.0,3497100.0
1114,2021-10-21 04:17:54,7950.0,800.0,3496100.0
1115,2021-10-21 04:17:18,7950.0,1000.0,3495300.0
1116,2021-10-21 04:17:10,7950.0,500.0,3494300.0
1117,2021-10-21 04:17:05,7950.0,100.0,3493800.0
1118,2021-10-21 04:17:00,7950.0,300.0,3493700.0
1119,2021-10-21 04:16:50,7950.0,500.0,3493400.0
1120,2021-10-21 04:16:44,7950.0,1000.0,3492900.0
1121,2021-10-21 04:16:22,7950.0,500.0,3491900.0
1122,2021-10-21 04:16:10,7950.0,1000.0,3491400.0
1123,2021-10-21 04:16:07,7950.0,4300.0,3490400.0
1124,2021-10-21 04:16:00,7950.0,500.0,3486100.0
1125,2021-10-21 04:16:00,7950.0,200.0,3485600.0
1126,2021-10-21 04:15:59,7950.0,3100.0,3485400.0
1127,2021-10-21 04:15:44,7950.0,200.0,3482300.0
1128,2021-10-21 04:15:43,7950.0,7500.0,3482100.0
1129,2021-10-21 04:15:42,7950.0,500.0,3474600.0
1130,2021-10-21 04:15:17,7950.0,200.0,3474100.0
1131,2021-10-21 04:14:42,7940.0,700.0,3473900.0
1132,2021-10-21 04:14:27,7940.0,14200.0,3473200.0
1133,2021-10-21 04:14:27,7940.0,100.0,3459000.0
1134,2021-10-21 04:14:27,7940.0,5000.0,3458900.0
1135,2021-10-21 04:14:27,7940.0,100.0,3453900.0
1136,2021-10-21 04:14:27,7940.0,600.0,3453800.0
1137,2021-10-21 04:14:20,7950.0,1500.0,3453200.0
1138,2021-10-21 04:14:20,7950.0,1000.0,3451700.0
1139,2021-10-21 04:14:20,7950.0,200.0,3450700.0
1140,2021-10-21 04:14:20,7950.0,300.0,3450500.0
1141,2021-10-21 04:14:20,7950.0,100.0,3450200.0
1142,2021-10-21 04:14:20,7950.0,500.0,3450100.0
1143,2021-10-21 04:14:20,7950.0,1000.0,3449600.0
1144,2021-10-21 04:14:20,7950.0,5000.0,3448600.0
1145,2021-10-21 04:14:20,7950.0,200.0,3443600.0
1146,2021-10-21 04:14:20,7950.0,500.0,3443400.0
1147,2021-10-21 04:14:20,7950.0,20000.0,3442900.0
1148,2021-10-21 04:14:20,7950.0,1000.0,3422900.0
1149,2021-10-21 04:14:20,7950.0,2000.0,3421900.0
1150,2021-10-21 04:14:20,7950.0,20000.0,3419900.0
1151,2021-10-21 04:14:20,7950.0,500.0,3399900.0
1152,2021-10-21 04:14:20,7950.0,1000.0,3399400.0
1153,2021-10-21 04:14:20,7950.0,100.0,3398400.0
1154,2021-10-21 04:14:20,7950.0,500.0,3398300.0
1155,2021-10-21 04:14:20,7950.0,500.0,3397800.0
1156,2021-10-21 04:14:20,7950.0,500.0,3397300.0
1157,2021-10-21 04:14:20,7950.0,2100.0,3396800.0
1158,2021-10-21 04:14:20,7950.0,100.0,3394700.0
1159,2021-10-21 04:14:20,7950.0,2000.0,3394600.0
1160,2021-10-21 04:14:20,7950.0,600.0,3392600.0
1161,2021-10-21 04:14:20,7950.0,2000.0,3392000.0
1162,2021-10-21 04:14:20,7950.0,100.0,3390000.0
1163,2021-10-21 04:14:20,7950.0,4900.0,3389900.0
1164,2021-10-21 04:14:20,7950.0,18600.0,3385000.0
1165,2021-10-21 04:14:20,7960.0,1100.0,3366400.0
1166,2021-10-21 04:14:20,7960.0,100.0,3365300.0
1167,2021-10-21 04:14:20,7960.0,5000.0,3365200.0
1168,2021-10-21 04:14:20,7960.0,500.0,3360200.0
1169,2021-10-21 04:14:20,7960.0,400.0,3359700.0
1170,2021-10-21 04:14:20,7960.0,1000.0,3359300.0
1171,2021-10-21 04:14:20,7960.0,1000.0,3358300.0
1172,2021-10-21 04:14:20,7960.0,500.0,3357300.0
1173,2021-10-21 04:14:20,7960.0,4000.0,3356800.0
1174,2021-10-21 04:14:20,7960.0,100.0,3352800.0
1175,2021-10-21 04:14:20,7960.0,7800.0,3352700.0
1176,2021-10-21 04:14:06,7960.0,2200.0,3344900.0
1177,2021-10-21 04:14:06,7960.0,5000.0,3342700.0
1178,2021-10-21 04:14:06,7960.0,300.0,3337700.0
1179,2021-10-21 04:14:06,7960.0,4500.0,3337400.0
1180,2021-10-21 04:14:02,7970.0,300.0,3332900.0
1181,2021-10-21 04:13:43,7970.0,500.0,3332600.0
1182,2021-10-21 04:12:44,7970.0,2000.0,3332100.0
1183,2021-10-21 04:12:43,7970.0,300.0,3330100.0
1184,2021-10-21 04:12:43,7970.0,100.0,3329800.0
1185,2021-10-21 04:12:42,7970.0,100.0,3329700.0
1186,2021-10-21 04:12:42,7970.0,1200.0,3329600.0
1187,2021-10-21 04:12:42,7970.0,1000.0,3328400.0
1188,2021-10-21 04:12:42,7970.0,600.0,3327400.0
1189,2021-10-21 04:12:42,7970.0,3000.0,3326800.0
1190,2021-10-21 04:12:15,7970.0,7000.0,3323800.0
1191,2021-10-21 04:12:11,7970.0,100.0,3316800.0
1192,2021-10-21 04:11:46,7970.0,7900.0,3316700.0
1193,2021-10-21 04:11:21,7980.0,100.0,3308800.0
1194,2021-10-21 04:11:21,7980.0,1200.0,3308700.0
1195,2021-10-21 04:11:20,7980.0,500.0,3307500.0
1196,2021-10-21 04:11:20,7980.0,1000.0,3307000.0
1197,2021-10-21 04:11:20,7980.0,1700.0,3306000.0
1198,2021-10-21 04:11:20,7980.0,5600.0,3304300.0
1199,2021-10-21 04:10:51,7980.0,200.0,3298700.0
1200,2021-10-21 04:10:33,7970.0,100.0,3298500.0
1201,2021-10-21 04:10:13,7970.0,200.0,3298400.0
1202,2021-10-21 04:10:10,7970.0,800.0,3298200.0
1203,2021-10-21 04:10:10,7970.0,400.0,3297400.0
1204,2021-10-21 04:10:05,7970.0,300.0,3297000.0
1205,2021-10-21 04:10:05,7970.0,1800.0,3296700.0
1206,2021-10-21 04:10:01,7970.0,5000.0,3294900.0
1207,2021-10-21 04:09:34,7970.0,500.0,3289900.0
1208,2021-10-21 04:09:33,7970.0,2100.0,3289400.0
1209,2021-10-21 04:09:16,7970.0,500.0,3287300.0
1210,2021-10-21 04:08:59,7970.0,2000.0,3286800.0
1211,2021-10-21 04:08:45,7960.0,500.0,3284800.0
1212,2021-10-21 04:08:45,7960.0,100.0,3284300.0
1213,2021-10-21 04:08:45,7960.0,200.0,3284200.0
1214,2021-10-21 04:08:45,7960.0,500.0,3284000.0
1215,2021-10-21 04:08:45,7960.0,100.0,3283500.0
1216,2021-10-21 04:08:45,7960.0,1600.0,3283400.0
1217,2021-10-21 04:08:45,7960.0,400.0,3281800.0
1218,2021-10-21 04:08:45,7960.0,500.0,3281400.0
1219,2021-10-21 04:08:45,7960.0,100.0,3280900.0
1220,2021-10-21 04:08:45,7960.0,1000.0,3280800.0
1221,2021-10-21 04:08:45,7960.0,500.0,3279800.0
1222,2021-10-21 04:08:45,7960.0,500.0,3279300.0
1223,2021-10-21 04:08:44,7960.0,1500.0,3278800.0
1224,2021-10-21 04:08:44,7960.0,500.0,3277300.0
1225,2021-10-21 04:08:39,7960.0,900.0,3276800.0
1226,2021-10-21 04:08:31,7960.0,400.0,3275900.0
1227,2021-10-21 04:08:12,7960.0,200.0,3275500.0
1228,2021-10-21 04:08:12,7960.0,100.0,3275300.0
1229,2021-10-21 04:08:12,7960.0,200.0,3275200.0
1230,2021-10-21 04:08:08,7970.0,4500.0,3275000.0
1231,2021-10-21 04:08:08,7970.0,1000.0,3270500.0
1232,2021-10-21 04:08:08,7970.0,1900.0,3269500.0
1233,2021-10-21 04:08:08,7970.0,3000.0,3267600.0
1234,2021-10-21 04:08:08,7970.0,1000.0,3264600.0
1235,2021-10-21 04:08:08,7970.0,2000.0,3263600.0
1236,2021-10-21 04:08:08,7970.0,4700.0,3261600.0
1237,2021-10-21 04:07:45,7980.0,2500.0,3256900.0
1238,2021-10-21 04:07:35,7970.0,5000.0,3254400.0
1239,2021-10-21 04:07:18,7970.0,2000.0,3249400.0
1240,2021-10-21 04:07:16,7970.0,300.0,3247400.0
1241,2021-10-21 04:07:16,7970.0,100.0,3247100.0
1242,2021-10-21 04:07:16,7970.0,300.0,3247000.0
1243,2021-10-21 04:06:43,7970.0,300.0,3246700.0
1244,2021-10-21 04:06:43,7970.0,1500.0,3246400.0
1245,2021-10-21 04:06:43,7970.0,2900.0,3244900.0
1246,2021-10-21 04:06:29,7970.0,300.0,3242000.0
1247,2021-10-21 04:06:27,7970.0,1000.0,3241700.0
1248,2021-10-21 04:06:21,7970.0,1000.0,3240700.0
1249,2021-10-21 04:06:20,7960.0,200.0,3239700.0
1250,2021-10-21 04:06:06,7970.0,500.0,3239500.0
1251,2021-10-21 04:06:02,7970.0,100.0,3239000.0
1252,2021-10-21 04:05:34,7970.0,1000.0,3238900.0
1253,2021-10-21 04:04:58,7970.0,200.0,3237900.0
1254,2021-10-21 04:04:42,7970.0,300.0,3237700.0
1255,2021-10-21 04:04:34,7970.0,1800.0,3237400.0
1256,2021-10-21 04:04:34,7970.0,500.0,3235600.0
1257,2021-10-21 04:04:34,7970.0,100.0,3235100.0
1258,2021-10-21 04:04:34,7970.0,100.0,3235000.0
1259,2021-10-21 04:04:34,7970.0,200.0,3234900.0
1260,2021-10-21 04:04:34,7970.0,10000.0,3234700.0
1261,2021-10-21 04:04:17,7980.0,100.0,3224700.0
1262,2021-10-21 04:03:51,7980.0,200.0,3224600.0
1263,2021-10-21 04:03:34,7980.0,300.0,3224400.0
1264,2021-10-21 04:03:34,7980.0,200.0,3224100.0
1265,2021-10-21 04:03:34,7980.0,200.0,3223900.0
1266,2021-10-21 04:03:34,7980.0,200.0,3223700.0
1267,2021-10-21 04:03:34,7980.0,3000.0,3223500.0
1268,2021-10-21 04:03:12,7980.0,2000.0,3220500.0
1269,2021-10-21 04:03:12,7980.0,1000.0,3218500.0
1270,2021-10-21 04:03:12,7980.0,2000.0,3217500.0
1271,2021-10-21 04:02:59,7990.0,400.0,3215500.0
1272,2021-10-21 04:02:51,7990.0,100.0,3215100.0
1273,2021-10-21 04:02:05,7990.0,500.0,3215000.0
1274,2021-10-21 04:01:37,7990.0,1000.0,3214500.0
1275,2021-10-21 04:01:37,7990.0,4100.0,3213500.0
1276,2021-10-21 04:01:37,7990.0,9700.0,3209400.0
1277,2021-10-21 04:01:01,7990.0,300.0,3199700.0
1278,2021-10-21 04:01:01,7990.0,300.0,3199400.0
1279,2021-10-21 04:01:01,7990.0,200.0,3199100.0
1280,2021-10-21 04:01:01,7990.0,1000.0,3198900.0
1281,2021-10-21 04:01:01,7990.0,100.0,3197900.0
1282,2021-10-21 04:01:01,7990.0,100.0,3197800.0
1283,2021-10-21 04:01:01,7990.0,1000.0,3197700.0
1284,2021-10-21 04:01:01,7990.0,500.0,3196700.0
1285,2021-10-21 04:01:01,7990.0,300.0,3196200.0
1286,2021-10-21 04:01:01,7990.0,100.0,3195900.0
1287,2021-10-21 04:01:01,7990.0,2600.0,3195800.0
1288,2021-10-21 04:00:58,8000.0,2200.0,3193200.0
1289,2021-10-21 04:00:27,8000.0,100.0,3191000.0
1290,2021-10-21 03:59:44,8000.0,500.0,3190900.0
1291,2021-10-21 03:59:44,8000.0,2000.0,3190400.0
1292,2021-10-21 03:59:40,8000.0,12100.0,3188400.0
1293,2021-10-21 03:59:09,8000.0,100.0,3176300.0
1294,2021-10-21 03:58:51,8000.0,700.0,3176200.0
1295,2021-10-21 03:58:16,8000.0,20000.0,3175500.0
1296,2021-10-21 03:58:16,8000.0,500.0,3155500.0
1297,2021-10-21 03:58:16,8000.0,300.0,3155000.0
1298,2021-10-21 03:58:16,8000.0,2100.0,3154700.0
1299,2021-10-21 03:58:16,8000.0,4000.0,3152600.0
1300,2021-10-21 03:58:16,8000.0,10000.0,3148600.0
1301,2021-10-21 03:58:16,8000.0,6900.0,3138600.0
1302,2021-10-21 03:58:16,8000.0,2000.0,3131700.0
1303,2021-10-21 03:58:16,8000.0,300.0,3129700.0
1304,2021-10-21 03:58:16,8000.0,200.0,3129400.0
1305,2021-10-21 03:58:16,8000.0,300.0,3129200.0
1306,2021-10-21 03:58:16,8000.0,500.0,3128900.0
1307,2021-10-21 03:58:16,8000.0,5000.0,3128400.0
1308,2021-10-21 03:58:16,8000.0,100.0,3123400.0
1309,2021-10-21 03:58:16,8000.0,29300.0,3123300.0
1310,2021-10-21 03:58:11,8000.0,2000.0,3094000.0
1311,2021-10-21 03:58:06,8000.0,5000.0,3092000.0
1312,2021-10-21 03:58:00,8010.0,11400.0,3087000.0
1313,2021-10-21 03:57:49,8000.0,263700.0,3075600.0
1314,2021-10-21 03:57:49,8000.0,1000.0,2811900.0
1315,2021-10-21 03:57:49,8000.0,400.0,2810900.0
1316,2021-10-21 03:57:49,8000.0,4900.0,2810500.0
1317,2021-10-21 03:57:34,8000.0,1300.0,2805600.0
1318,2021-10-21 03:57:21,8010.0,1000.0,2804300.0
1319,2021-10-21 03:57:11,8000.0,700.0,2803300.0
1320,2021-10-21 03:56:49,8010.0,500.0,2802600.0
1321,2021-10-21 03:56:27,8010.0,5000.0,2802100.0
1322,2021-10-21 03:56:14,8010.0,1100.0,2797100.0
1323,2021-10-21 03:56:11,8010.0,200.0,2796000.0
1324,2021-10-21 03:56:10,8000.0,4000.0,2795800.0
1325,2021-10-21 03:56:06,8000.0,1200.0,2791800.0
1326,2021-10-21 03:55:44,8010.0,600.0,2790600.0
1327,2021-10-21 03:55:36,8010.0,100.0,2790000.0
1328,2021-10-21 03:55:27,8010.0,600.0,2789900.0
1329,2021-10-21 03:55:09,8010.0,100.0,2789300.0
1330,2021-10-21 03:55:04,8000.0,2000.0,2789200.0
1331,2021-10-21 03:54:56,8000.0,5900.0,2787200.0
1332,2021-10-21 03:54:56,8000.0,1100.0,2781300.0
1333,2021-10-21 03:54:44,8000.0,1500.0,2780200.0
1334,2021-10-21 03:54:41,8000.0,3000.0,2778700.0
1335,2021-10-21 03:54:35,8000.0,2500.0,2775700.0
1336,2021-10-21 03:54:31,8010.0,400.0,2773200.0
1337,2021-10-21 03:54:02,8000.0,800.0,2772800.0
1338,2021-10-21 03:53:53,8020.0,4800.0,2772000.0
1339,2021-10-21 03:53:53,8010.0,1200.0,2767200.0
1340,2021-10-21 03:53:44,8000.0,1100.0,2766000.0
1341,2021-10-21 03:53:44,8000.0,3000.0,2764900.0
1342,2021-10-21 03:53:44,8000.0,200.0,2761900.0
1343,2021-10-21 03:53:44,8000.0,500.0,2761700.0
1344,2021-10-21 03:53:44,8000.0,200.0,2761200.0
1345,2021-10-21 03:53:39,8010.0,500.0,2761000.0
1346,2021-10-21 03:53:26,8010.0,300.0,2760500.0
1347,2021-10-21 03:53:26,8010.0,200.0,2760200.0
1348,2021-10-21 03:53:21,8010.0,100.0,2760000.0
1349,2021-10-21 03:53:21,8010.0,4900.0,2759900.0
1350,2021-10-21 03:53:16,8010.0,200.0,2755000.0
1351,2021-10-21 03:53:01,8010.0,15500.0,2754800.0
1352,2021-10-21 03:52:36,8010.0,15000.0,2739300.0
1353,2021-10-21 03:52:35,8020.0,1000.0,2724300.0
1354,2021-10-21 03:52:35,8020.0,500.0,2723300.0
1355,2021-10-21 03:52:28,8020.0,500.0,2722800.0
1356,2021-10-21 03:52:28,8020.0,5000.0,2722300.0
1357,2021-10-21 03:52:28,8020.0,300.0,2717300.0
1358,2021-10-21 03:52:28,8020.0,1300.0,2717000.0
1359,2021-10-21 03:52:28,8020.0,600.0,2715700.0
1360,2021-10-21 03:52:28,8020.0,500.0,2715100.0
1361,2021-10-21 03:52:28,8020.0,1000.0,2714600.0
1362,2021-10-21 03:52:28,8020.0,800.0,2713600.0
1363,2021-10-21 03:52:18,8010.0,300.0,2712800.0
1364,2021-10-21 03:52:00,8020.0,100.0,2712500.0
1365,2021-10-21 03:51:43,8020.0,2000.0,2712400.0
1366,2021-10-21 03:51:36,8020.0,400.0,2710400.0
1367,2021-10-21 03:51:36,8020.0,100.0,2710000.0
1368,2021-10-21 03:51:36,8020.0,300.0,2709900.0
1369,2021-10-21 03:51:36,8020.0,1200.0,2709600.0
1370,2021-10-21 03:51:32,8020.0,100.0,2708400.0
1371,2021-10-21 03:51:21,8020.0,700.0,2708300.0
1372,2021-10-21 03:51:21,8020.0,300.0,2707600.0
1373,2021-10-21 03:50:54,8020.0,4700.0,2707300.0
1374,2021-10-21 03:50:54,8020.0,100.0,2702600.0
1375,2021-10-21 03:50:54,8020.0,3000.0,2702500.0
1376,2021-10-21 03:50:54,8020.0,500.0,2699500.0
1377,2021-10-21 03:50:54,8020.0,100.0,2699000.0
1378,2021-10-21 03:50:54,8020.0,300.0,2698900.0
1379,2021-10-21 03:50:54,8020.0,100.0,2698600.0
1380,2021-10-21 03:50:54,8020.0,500.0,2698500.0
1381,2021-10-21 03:50:54,8020.0,500.0,2698000.0
1382,2021-10-21 03:50:54,8020.0,10000.0,2697500.0
1383,2021-10-21 03:50:54,8020.0,1000.0,2687500.0
1384,2021-10-21 03:50:54,8020.0,500.0,2686500.0
1385,2021-10-21 03:50:54,8020.0,8700.0,2686000.0
1386,2021-10-21 03:50:47,8020.0,1300.0,2677300.0
1387,2021-10-21 03:50:47,8020.0,200.0,2676000.0
1388,2021-10-21 03:50:45,8010.0,2200.0,2675800.0
1389,2021-10-21 03:50:39,8020.0,1000.0,2673600.0
1390,2021-10-21 03:50:35,8010.0,5000.0,2672600.0
1391,2021-10-21 03:50:33,8010.0,5000.0,2667600.0
1392,2021-10-21 03:50:18,8010.0,500.0,2662600.0
1393,2021-10-21 03:50:16,8010.0,200.0,2662100.0
1394,2021-10-21 03:50:16,8010.0,1000.0,2661900.0
1395,2021-10-21 03:50:16,8010.0,700.0,2660900.0
1396,2021-10-21 03:49:47,8010.0,100.0,2660200.0
1397,2021-10-21 03:49:09,8000.0,100.0,2660100.0
1398,2021-10-21 03:48:48,8010.0,200.0,2660000.0
1399,2021-10-21 03:47:20,8020.0,800.0,2659800.0
1400,2021-10-21 03:47:20,8020.0,800.0,2659000.0
1401,2021-10-21 03:47:20,8020.0,1800.0,2658200.0
1402,2021-10-21 03:47:20,8010.0,3000.0,2656400.0
1403,2021-10-21 03:47:20,8010.0,500.0,2653400.0
1404,2021-10-21 03:47:20,8010.0,800.0,2652900.0
1405,2021-10-21 03:47:20,8010.0,4500.0,2652100.0
1406,2021-10-21 03:47:20,8000.0,5000.0,2647600.0
1407,2021-10-21 03:47:20,8000.0,10000.0,2642600.0
1408,2021-10-21 03:47:20,8000.0,800.0,2632600.0
1409,2021-10-21 03:46:52,8000.0,200.0,2631800.0
1410,2021-10-21 03:46:40,8000.0,5600.0,2631600.0
1411,2021-10-21 03:46:36,8000.0,2000.0,2626000.0
1412,2021-10-21 03:46:36,8000.0,2400.0,2624000.0
1413,2021-10-21 03:46:16,8010.0,500.0,2621600.0
1414,2021-10-21 03:46:16,8010.0,100.0,2621100.0
1415,2021-10-21 03:46:16,8010.0,100.0,2621000.0
1416,2021-10-21 03:46:16,8010.0,2300.0,2620900.0
1417,2021-10-21 03:46:09,8010.0,100.0,2618600.0
1418,2021-10-21 03:45:36,8000.0,2600.0,2618500.0
1419,2021-10-21 03:45:36,8000.0,100.0,2615900.0
1420,2021-10-21 03:45:36,8000.0,500.0,2615800.0
1421,2021-10-21 03:45:36,8000.0,600.0,2615300.0
1422,2021-10-21 03:45:24,8010.0,7600.0,2614700.0
1423,2021-10-21 03:45:24,8010.0,1000.0,2607100.0
1424,2021-10-21 03:45:24,8010.0,3300.0,2606100.0
1425,2021-10-21 03:45:24,8010.0,200.0,2602800.0
1426,2021-10-21 03:45:24,8010.0,7900.0,2602600.0
1427,2021-10-21 03:45:22,8000.0,1000.0,2594700.0
1428,2021-10-21 03:45:22,8000.0,200.0,2593700.0
1429,2021-10-21 03:45:22,8000.0,1000.0,2593500.0
1430,2021-10-21 03:45:22,8000.0,200.0,2592500.0
1431,2021-10-21 03:45:22,8000.0,700.0,2592300.0
1432,2021-10-21 03:45:22,8000.0,500.0,2591600.0
1433,2021-10-21 03:45:22,8000.0,100.0,2591100.0
1434,2021-10-21 03:45:22,8000.0,1000.0,2591000.0
1435,2021-10-21 03:45:22,8000.0,300.0,2590000.0
1436,2021-10-21 03:45:18,8000.0,200.0,2589700.0
1437,2021-10-21 03:45:18,8000.0,100.0,2589500.0
1438,2021-10-21 03:45:18,8000.0,800.0,2589400.0
1439,2021-10-21 03:45:18,8000.0,1000.0,2588600.0
1440,2021-10-21 03:45:18,8000.0,10000.0,2587600.0
1441,2021-10-21 03:45:18,8000.0,300.0,2577600.0
1442,2021-10-21 03:45:09,8000.0,200.0,2577300.0
1443,2021-10-21 03:44:06,8000.0,5000.0,2577100.0
1444,2021-10-21 03:43:47,8000.0,100.0,2572100.0
1445,2021-10-21 03:43:31,8000.0,300.0,2572000.0
1446,2021-10-21 03:43:24,8010.0,2100.0,2571700.0
1447,2021-10-21 03:43:24,8010.0,100.0,2569600.0
1448,2021-10-21 03:43:24,8010.0,800.0,2569500.0
1449,2021-10-21 03:42:32,8000.0,100.0,2568700.0
1450,2021-10-21 03:42:18,8000.0,19000.0,2568600.0
1451,2021-10-21 03:42:18,8000.0,1000.0,2549600.0
1452,2021-10-21 03:41:52,8010.0,2800.0,2548600.0
1453,2021-10-21 03:41:46,8010.0,500.0,2545800.0
1454,2021-10-21 03:41:35,8010.0,500.0,2545300.0
1455,2021-10-21 03:41:01,8010.0,300.0,2544800.0
1456,2021-10-21 03:40:41,8010.0,1000.0,2544500.0
1457,2021-10-21 03:40:41,8010.0,2700.0,2543500.0
1458,2021-10-21 03:40:30,8010.0,4300.0,2540800.0
1459,2021-10-21 03:40:18,8010.0,200.0,2536500.0
1460,2021-10-21 03:40:14,8010.0,1000.0,2536300.0
1461,2021-10-21 03:40:09,8010.0,3000.0,2535300.0
1462,2021-10-21 03:40:08,8010.0,300.0,2532300.0
1463,2021-10-21 03:40:07,8010.0,100.0,2532000.0
1464,2021-10-21 03:39:35,8010.0,1100.0,2531900.0
1465,2021-10-21 03:39:33,8010.0,100.0,2530800.0
1466,2021-10-21 03:39:30,8010.0,900.0,2530700.0
1467,2021-10-21 03:39:30,8010.0,500.0,2529800.0
1468,2021-10-21 03:39:30,8010.0,1000.0,2529300.0
1469,2021-10-21 03:39:30,8010.0,200.0,2528300.0
1470,2021-10-21 03:39:30,8010.0,300.0,2528100.0
1471,2021-10-21 03:39:30,8010.0,1900.0,2527800.0
1472,2021-10-21 03:39:30,8010.0,2000.0,2525900.0
1473,2021-10-21 03:39:30,8010.0,100.0,2523900.0
1474,2021-10-21 03:39:30,8010.0,3000.0,2523800.0
1475,2021-10-21 03:39:30,8010.0,100.0,2520800.0
1476,2021-10-21 03:39:25,8010.0,900.0,2520700.0
1477,2021-10-21 03:38:56,8010.0,1000.0,2519800.0
1478,2021-10-21 03:38:56,8010.0,300.0,2518800.0
1479,2021-10-21 03:38:48,8010.0,1100.0,2518500.0
1480,2021-10-21 03:38:48,8010.0,4900.0,2517400.0
1481,2021-10-21 03:38:43,8010.0,2000.0,2512500.0
1482,2021-10-21 03:38:41,8010.0,400.0,2510500.0
1483,2021-10-21 03:38:32,8010.0,10000.0,2510100.0
1484,2021-10-21 03:38:31,8010.0,500.0,2500100.0
1485,2021-10-21 03:38:19,8010.0,7200.0,2499600.0
1486,2021-10-21 03:38:19,8010.0,2800.0,2492400.0
1487,2021-10-21 03:37:38,8010.0,10000.0,2489600.0
1488,2021-10-21 03:37:12,8010.0,3000.0,2479600.0
1489,2021-10-21 03:36:03,8010.0,1000.0,2476600.0
1490,2021-10-21 03:36:01,8020.0,3700.0,2475600.0
1491,2021-10-21 03:35:41,8020.0,200.0,2471900.0
1492,2021-10-21 03:35:23,8020.0,8600.0,2471700.0
1493,2021-10-21 03:35:01,8020.0,2000.0,2463100.0
1494,2021-10-21 03:34:43,8020.0,400.0,2461100.0
1495,2021-10-21 03:34:43,8020.0,400.0,2460700.0
1496,2021-10-21 03:34:43,8020.0,3500.0,2460300.0
1497,2021-10-21 03:34:43,8020.0,200.0,2456800.0
1498,2021-10-21 03:34:43,8020.0,800.0,2456600.0
1499,2021-10-21 03:34:43,8020.0,100.0,2455800.0
1500,2021-10-21 03:34:43,8020.0,3000.0,2455700.0
1501,2021-10-21 03:34:43,8020.0,400.0,2452700.0
1502,2021-10-21 03:34:43,8020.0,500.0,2452300.0
1503,2021-10-21 03:34:43,8020.0,200.0,2451800.0
1504,2021-10-21 03:34:43,8020.0,100.0,2451600.0
1505,2021-10-21 03:34:43,8020.0,400.0,2451500.0
1506,2021-10-21 03:34:10,8010.0,6000.0,2451100.0
1507,2021-10-21 03:34:09,8010.0,100.0,2445100.0
1508,2021-10-21 03:34:04,8020.0,300.0,2445000.0
1509,2021-10-21 03:34:04,8020.0,300.0,2444700.0
1510,2021-10-21 03:34:03,8020.0,9700.0,2444400.0
1511,2021-10-21 03:34:03,8020.0,300.0,2434700.0
1512,2021-10-21 03:33:37,8010.0,500.0,2434400.0
1513,2021-10-21 03:33:37,8010.0,100.0,2433900.0
1514,2021-10-21 03:33:37,8010.0,100.0,2433800.0
1515,2021-10-21 03:33:37,8010.0,1000.0,2433700.0
1516,2021-10-21 03:33:37,8010.0,5400.0,2432700.0
1517,2021-10-21 03:33:34,8010.0,1900.0,2427300.0
1518,2021-10-21 03:33:34,8010.0,100.0,2425400.0
1519,2021-10-21 03:33:32,8010.0,10000.0,2425300.0
1520,2021-10-21 03:33:18,8010.0,100.0,2415300.0
1521,2021-10-21 03:33:18,8010.0,1200.0,2415200.0
1522,2021-10-21 03:33:18,8010.0,3500.0,2414000.0
1523,2021-10-21 03:33:08,8010.0,1500.0,2410500.0
1524,2021-10-21 03:33:08,8010.0,500.0,2409000.0
1525,2021-10-21 03:32:23,8010.0,500.0,2408500.0
1526,2021-10-21 03:32:23,8010.0,1400.0,2408000.0
1527,2021-10-21 03:32:23,8000.0,100.0,2406600.0
1528,2021-10-21 03:32:13,8000.0,900.0,2406500.0
1529,2021-10-21 03:32:13,8000.0,100.0,2405600.0
1530,2021-10-21 03:32:12,8000.0,300.0,2405500.0
1531,2021-10-21 03:32:09,7990.0,100.0,2405200.0
1532,2021-10-21 03:31:55,8000.0,200.0,2405100.0
1533,2021-10-21 03:31:49,8000.0,300.0,2404900.0
1534,2021-10-21 03:31:49,8000.0,100.0,2404600.0
1535,2021-10-21 03:31:45,8010.0,3200.0,2404500.0
1536,2021-10-21 03:31:32,8000.0,500.0,2401300.0
1537,2021-10-21 03:31:27,8000.0,400.0,2400800.0
1538,2021-10-21 03:31:27,8000.0,100.0,2400400.0
1539,2021-10-21 03:31:27,8000.0,1200.0,2400300.0
1540,2021-10-21 03:31:27,8000.0,300.0,2399100.0
1541,2021-10-21 03:31:03,8000.0,2000.0,2398800.0
1542,2021-10-21 03:30:57,8000.0,38000.0,2396800.0
1543,2021-10-21 03:30:55,8000.0,5000.0,2358800.0
1544,2021-10-21 03:30:55,8000.0,300.0,2353800.0
1545,2021-10-21 03:30:50,8010.0,1600.0,2353500.0
1546,2021-10-21 03:30:43,8000.0,500.0,2351900.0
1547,2021-10-21 03:30:27,8000.0,1500.0,2351400.0
1548,2021-10-21 03:29:55,8010.0,200.0,2349900.0
1549,2021-10-21 03:29:52,8000.0,2400.0,2349700.0
1550,2021-10-21 03:29:52,8000.0,10000.0,2347300.0
1551,2021-10-21 03:29:52,8000.0,1500.0,2337300.0
1552,2021-10-21 03:29:52,8000.0,100.0,2335800.0
1553,2021-10-21 03:29:52,8000.0,5000.0,2335700.0
1554,2021-10-21 03:29:52,8000.0,200.0,2330700.0
1555,2021-10-21 03:29:52,8000.0,300.0,2330500.0
1556,2021-10-21 03:29:52,8000.0,14100.0,2330200.0
1557,2021-10-21 03:29:35,8010.0,6400.0,2316100.0
1558,2021-10-21 03:29:35,8010.0,400.0,2309700.0
1559,2021-10-21 03:29:35,8010.0,1000.0,2309300.0
1560,2021-10-21 03:29:35,8010.0,100.0,2308300.0
1561,2021-10-21 03:29:35,8010.0,2100.0,2308200.0
1562,2021-10-21 03:29:30,8020.0,700.0,2306100.0
1563,2021-10-21 03:29:30,8020.0,100.0,2305400.0
1564,2021-10-21 03:29:30,8020.0,200.0,2305300.0
1565,2021-10-21 03:29:30,8020.0,100.0,2305100.0
1566,2021-10-21 03:29:18,8020.0,100.0,2305000.0
1567,2021-10-21 03:28:53,8020.0,100.0,2304900.0
1568,2021-10-21 03:28:53,8020.0,100.0,2304800.0
1569,2021-10-21 03:28:52,8020.0,300.0,2304700.0
1570,2021-10-21 03:28:51,8020.0,100.0,2304400.0
1571,2021-10-21 03:28:32,8020.0,200.0,2304300.0
1572,2021-10-21 03:28:32,8020.0,1000.0,2304100.0
1573,2021-10-21 03:28:32,8020.0,800.0,2303100.0
1574,2021-10-21 03:28:32,8020.0,1000.0,2302300.0
1575,2021-10-21 03:28:10,8020.0,1000.0,2301300.0
1576,2021-10-21 03:28:10,8020.0,200.0,2300300.0
1577,2021-10-21 03:28:10,8020.0,5300.0,2300100.0
1578,2021-10-21 03:28:07,8030.0,10000.0,2294800.0
1579,2021-10-21 03:27:59,8020.0,4000.0,2284800.0
1580,2021-10-21 03:27:50,8020.0,10000.0,2280800.0
1581,2021-10-21 03:27:50,8020.0,10000.0,2270800.0
1582,2021-10-21 03:27:41,8020.0,300.0,2260800.0
1583,2021-10-21 03:27:15,8020.0,100.0,2260500.0
1584,2021-10-21 03:27:05,8020.0,300.0,2260400.0
1585,2021-10-21 03:27:05,8020.0,400.0,2260100.0
1586,2021-10-21 03:27:05,8020.0,100.0,2259700.0
1587,2021-10-21 03:27:05,8020.0,700.0,2259600.0
1588,2021-10-21 03:26:44,8020.0,100.0,2258900.0
1589,2021-10-21 03:26:43,8020.0,500.0,2258800.0
1590,2021-10-21 03:26:42,8020.0,100.0,2258300.0
1591,2021-10-21 03:26:16,8020.0,1000.0,2258200.0
1592,2021-10-21 03:26:09,8020.0,100.0,2257200.0
1593,2021-10-21 03:26:04,8020.0,500.0,2257100.0
1594,2021-10-21 03:25:51,8020.0,100.0,2256600.0
1595,2021-10-21 03:25:48,8020.0,9400.0,2256500.0
1596,2021-10-21 03:25:26,8020.0,2000.0,2247100.0
1597,2021-10-21 03:24:48,8020.0,500.0,2245100.0
1598,2021-10-21 03:24:42,8020.0,200.0,2244600.0
1599,2021-10-21 03:24:28,8020.0,300.0,2244400.0
1600,2021-10-21 03:24:17,8020.0,1800.0,2244100.0
1601,2021-10-21 03:24:12,8020.0,200.0,2242300.0
1602,2021-10-21 03:24:00,8020.0,1000.0,2242100.0
1603,2021-10-21 03:24:00,8020.0,3000.0,2241100.0
1604,2021-10-21 03:24:00,8020.0,2000.0,2238100.0
1605,2021-10-21 03:24:00,8020.0,100.0,2236100.0
1606,2021-10-21 03:24:00,8020.0,100.0,2236000.0
1607,2021-10-21 03:24:00,8020.0,1500.0,2235900.0
1608,2021-10-21 03:24:00,8020.0,1000.0,2234400.0
1609,2021-10-21 03:24:00,8020.0,10000.0,2233400.0
1610,2021-10-21 03:24:00,8020.0,200.0,2223400.0
1611,2021-10-21 03:24:00,8020.0,700.0,2223200.0
1612,2021-10-21 03:24:00,8020.0,5000.0,2222500.0
1613,2021-10-21 03:24:00,8020.0,1000.0,2217500.0
1614,2021-10-21 03:24:00,8020.0,100.0,2216500.0
1615,2021-10-21 03:24:00,8020.0,4100.0,2216400.0
1616,2021-10-21 03:23:50,8010.0,3000.0,2212300.0
1617,2021-10-21 03:23:50,8010.0,200.0,2209300.0
1618,2021-10-21 03:23:50,8010.0,900.0,2209100.0
1619,2021-10-21 03:23:50,8010.0,100.0,2208200.0
1620,2021-10-21 03:23:50,8010.0,100.0,2208100.0
1621,2021-10-21 03:23:50,8010.0,200.0,2208000.0
1622,2021-10-21 03:23:50,8010.0,500.0,2207800.0
1623,2021-10-21 03:23:50,8010.0,900.0,2207300.0
1624,2021-10-21 03:23:50,8010.0,3000.0,2206400.0
1625,2021-10-21 03:23:50,8010.0,2000.0,2203400.0
1626,2021-10-21 03:23:50,8010.0,7000.0,2201400.0
1627,2021-10-21 03:23:38,8000.0,200.0,2194400.0
1628,2021-10-21 03:23:38,8000.0,400.0,2194200.0
1629,2021-10-21 03:23:38,8000.0,2000.0,2193800.0
1630,2021-10-21 03:23:38,8000.0,500.0,2191800.0
1631,2021-10-21 03:23:38,8000.0,2000.0,2191300.0
1632,2021-10-21 03:23:38,8000.0,1600.0,2189300.0
1633,2021-10-21 03:23:38,8000.0,4200.0,2187700.0
1634,2021-10-21 03:23:38,8000.0,3100.0,2183500.0
1635,2021-10-21 03:23:38,8000.0,500.0,2180400.0
1636,2021-10-21 03:23:33,8000.0,500.0,2179900.0
1637,2021-10-21 03:23:33,8000.0,1000.0,2179400.0
1638,2021-10-21 03:23:33,8000.0,100.0,2178400.0
1639,2021-10-21 03:23:33,8000.0,4400.0,2178300.0
1640,2021-10-21 03:23:31,8000.0,44000.0,2173900.0
1641,2021-10-21 03:23:31,8000.0,6000.0,2129900.0
1642,2021-10-21 03:23:23,8000.0,2600.0,2123900.0
1643,2021-10-21 03:23:23,8000.0,2000.0,2121300.0
1644,2021-10-21 03:23:23,8000.0,2000.0,2119300.0
1645,2021-10-21 03:23:23,8000.0,100.0,2117300.0
1646,2021-10-21 03:23:23,8000.0,2000.0,2117200.0
1647,2021-10-21 03:23:23,8000.0,8000.0,2115200.0
1648,2021-10-21 03:23:23,8000.0,4000.0,2107200.0
1649,2021-10-21 03:23:23,8000.0,100.0,2103200.0
1650,2021-10-21 03:23:23,8000.0,1100.0,2103100.0
1651,2021-10-21 03:23:23,8000.0,100.0,2102000.0
1652,2021-10-21 03:23:23,8000.0,1000.0,2101900.0
1653,2021-10-21 03:23:23,8000.0,600.0,2100900.0
1654,2021-10-21 03:23:23,8000.0,1000.0,2100300.0
1655,2021-10-21 03:23:23,8000.0,1000.0,2099300.0
1656,2021-10-21 03:23:23,8000.0,3000.0,2098300.0
1657,2021-10-21 03:23:23,8000.0,500.0,2095300.0
1658,2021-10-21 03:23:23,8000.0,500.0,2094800.0
1659,2021-10-21 03:23:23,8000.0,15000.0,2094300.0
1660,2021-10-21 03:23:23,8000.0,100.0,2079300.0
1661,2021-10-21 03:23:23,8000.0,3000.0,2079200.0
1662,2021-10-21 03:23:23,8000.0,1000.0,2076200.0
1663,2021-10-21 03:23:23,8000.0,200.0,2075200.0
1664,2021-10-21 03:23:23,8000.0,200.0,2075000.0
1665,2021-10-21 03:23:23,8000.0,100.0,2074800.0
1666,2021-10-21 03:23:23,8000.0,400.0,2074700.0
1667,2021-10-21 03:23:23,8000.0,400.0,2074300.0
1668,2021-10-21 03:23:15,7990.0,200.0,2073900.0
1669,2021-10-21 03:22:52,7990.0,100.0,2073700.0
1670,2021-10-21 03:22:35,7990.0,1000.0,2073600.0
1671,2021-10-21 03:22:23,7980.0,500.0,2072600.0
1672,2021-10-21 03:22:23,7970.0,2600.0,2072100.0
1673,2021-10-21 03:22:19,7970.0,300.0,2069500.0
1674,2021-10-21 03:22:19,7970.0,700.0,2069200.0
1675,2021-10-21 03:22:17,7960.0,600.0,2068500.0
1676,2021-10-21 03:22:17,7960.0,100.0,2067900.0
1677,2021-10-21 03:22:17,7960.0,300.0,2067800.0
1678,2021-10-21 03:22:05,7970.0,500.0,2067500.0
1679,2021-10-21 03:22:01,7970.0,3800.0,2067000.0
1680,2021-10-21 03:22:01,7970.0,6200.0,2063200.0
1681,2021-10-21 03:21:54,7970.0,4100.0,2057000.0
1682,2021-10-21 03:21:41,7970.0,2000.0,2052900.0
1683,2021-10-21 03:21:35,7970.0,700.0,2050900.0
1684,2021-10-21 03:21:32,7970.0,10000.0,2050200.0
1685,2021-10-21 03:21:29,7970.0,1200.0,2040200.0
1686,2021-10-21 03:21:27,7970.0,100.0,2039000.0
1687,2021-10-21 03:21:26,7970.0,20000.0,2038900.0
1688,2021-10-21 03:21:15,7970.0,100.0,2018900.0
1689,2021-10-21 03:20:40,7970.0,300.0,2018800.0
1690,2021-10-21 03:20:38,7960.0,9700.0,2018500.0
1691,2021-10-21 03:20:38,7960.0,300.0,2008800.0
1692,2021-10-21 03:20:35,7960.0,1700.0,2008500.0
1693,2021-10-21 03:20:35,7960.0,100.0,2006800.0
1694,2021-10-21 03:20:35,7960.0,1000.0,2006700.0
1695,2021-10-21 03:20:35,7960.0,200.0,2005700.0
1696,2021-10-21 03:20:19,7970.0,2000.0,2005500.0
1697,2021-10-21 03:19:53,7970.0,200.0,2003500.0
1698,2021-10-21 03:19:40,7970.0,7000.0,2003300.0
1699,2021-10-21 03:19:33,7970.0,100.0,1996300.0
1700,2021-10-21 03:19:33,7970.0,2000.0,1996200.0
1701,2021-10-21 03:19:33,7970.0,500.0,1994200.0
1702,2021-10-21 03:19:33,7970.0,3000.0,1993700.0
1703,2021-10-21 03:19:33,7970.0,3000.0,1990700.0
1704,2021-10-21 03:19:33,7970.0,500.0,1987700.0
1705,2021-10-21 03:19:33,7970.0,1000.0,1987200.0
1706,2021-10-21 03:19:33,7970.0,200.0,1986200.0
1707,2021-10-21 03:19:33,7970.0,100.0,1986000.0
1708,2021-10-21 03:19:33,7970.0,100.0,1985900.0
1709,2021-10-21 03:19:33,7970.0,100.0,1985800.0
1710,2021-10-21 03:19:33,7970.0,500.0,1985700.0
1711,2021-10-21 03:19:11,7970.0,2000.0,1985200.0
1712,2021-10-21 03:18:21,7970.0,100.0,1983200.0
1713,2021-10-21 03:17:50,7970.0,400.0,1983100.0
1714,2021-10-21 03:17:37,7970.0,1700.0,1982700.0
1715,2021-10-21 03:17:37,7990.0,1800.0,1981000.0
1716,2021-10-21 03:17:14,7980.0,100.0,1979200.0
1717,2021-10-21 03:17:09,7970.0,300.0,1979100.0
1718,2021-10-21 03:17:09,7970.0,400.0,1978800.0
1719,2021-10-21 03:17:09,7970.0,1300.0,1978400.0
1720,2021-10-21 03:16:55,7980.0,100.0,1977100.0
1721,2021-10-21 03:16:55,7980.0,300.0,1977000.0
1722,2021-10-21 03:15:59,8000.0,1600.0,1976700.0
1723,2021-10-21 03:15:59,8000.0,300.0,1975100.0
1724,2021-10-21 03:15:59,8000.0,200.0,1974800.0
1725,2021-10-21 03:15:59,8000.0,200.0,1974600.0
1726,2021-10-21 03:15:59,8000.0,700.0,1974400.0
1727,2021-10-21 03:15:55,7980.0,1000.0,1973700.0
1728,2021-10-21 03:15:54,8000.0,300.0,1972700.0
1729,2021-10-21 03:15:54,8000.0,1500.0,1972400.0
1730,2021-10-21 03:14:50,8000.0,3500.0,1970900.0
1731,2021-10-21 03:14:50,8000.0,800.0,1967400.0
1732,2021-10-21 03:14:50,8000.0,1000.0,1966600.0
1733,2021-10-21 03:14:50,8000.0,300.0,1965600.0
1734,2021-10-21 03:14:50,8000.0,400.0,1965300.0
1735,2021-10-21 03:14:50,8000.0,3000.0,1964900.0
1736,2021-10-21 03:14:36,8000.0,2000.0,1961900.0
1737,2021-10-21 03:14:27,7970.0,1300.0,1959900.0
1738,2021-10-21 03:14:02,7970.0,7400.0,1958600.0
1739,2021-10-21 03:13:48,7960.0,200.0,1951200.0
1740,2021-10-21 03:13:41,7950.0,200.0,1951000.0
1741,2021-10-21 03:13:41,7950.0,100.0,1950800.0
1742,2021-10-21 03:13:41,7950.0,1100.0,1950700.0
1743,2021-10-21 03:13:38,7950.0,2000.0,1949600.0
1744,2021-10-21 03:13:36,7950.0,500.0,1947600.0
1745,2021-10-21 03:13:33,7950.0,10400.0,1947100.0
1746,2021-10-21 03:13:33,7950.0,100.0,1936700.0
1747,2021-10-21 03:13:28,7950.0,10000.0,1936600.0
1748,2021-10-21 03:13:28,7950.0,20000.0,1926600.0
1749,2021-10-21 03:13:22,7950.0,2500.0,1906600.0
1750,2021-10-21 03:13:17,7950.0,1000.0,1904100.0
1751,2021-10-21 03:13:13,7950.0,3000.0,1903100.0
1752,2021-10-21 03:13:10,7950.0,100.0,1900100.0
1753,2021-10-21 03:13:02,7950.0,1000.0,1900000.0
1754,2021-10-21 03:13:02,7950.0,10000.0,1899000.0
1755,2021-10-21 03:13:01,7940.0,2400.0,1889000.0
1756,2021-10-21 03:13:01,7940.0,200.0,1886600.0
1757,2021-10-21 03:13:01,7940.0,1000.0,1886400.0
1758,2021-10-21 03:13:01,7940.0,1400.0,1885400.0
1759,2021-10-21 03:12:52,7940.0,600.0,1884000.0
1760,2021-10-21 03:12:52,7940.0,300.0,1883400.0
1761,2021-10-21 03:12:43,7940.0,9700.0,1883100.0
1762,2021-10-21 03:12:43,7940.0,300.0,1873400.0
1763,2021-10-21 03:12:41,7950.0,500.0,1873100.0
1764,2021-10-21 03:12:32,7950.0,20000.0,1872600.0
1765,2021-10-21 03:12:25,7950.0,100.0,1852600.0
1766,2021-10-21 03:12:21,7940.0,200.0,1852500.0
1767,2021-10-21 03:12:21,7940.0,100.0,1852300.0
1768,2021-10-21 03:12:21,7940.0,2700.0,1852200.0
1769,2021-10-21 03:12:04,7950.0,300.0,1849500.0
1770,2021-10-21 03:11:54,7940.0,300.0,1849200.0
1771,2021-10-21 03:11:54,7940.0,500.0,1848900.0
1772,2021-10-21 03:11:54,7940.0,1500.0,1848400.0
1773,2021-10-21 03:11:54,7940.0,1000.0,1846900.0
1774,2021-10-21 03:11:53,7940.0,200.0,1845900.0
1775,2021-10-21 03:11:50,7940.0,1000.0,1845700.0
1776,2021-10-21 03:11:46,7940.0,500.0,1844700.0
1777,2021-10-21 03:11:43,7930.0,100.0,1844200.0
1778,2021-10-21 03:11:42,7940.0,100.0,1844100.0
1779,2021-10-21 03:11:38,7940.0,500.0,1844000.0
1780,2021-10-21 03:11:38,7940.0,1000.0,1843500.0
1781,2021-10-21 03:11:34,7940.0,200.0,1842500.0
1782,2021-10-21 03:11:29,7940.0,100.0,1842300.0
1783,2021-10-21 03:11:09,7940.0,1100.0,1842200.0
1784,2021-10-21 03:11:05,7930.0,400.0,1841100.0
1785,2021-10-21 03:11:00,7940.0,1000.0,1840700.0
1786,2021-10-21 03:10:58,7930.0,5000.0,1839700.0
1787,2021-10-21 03:10:52,7940.0,500.0,1834700.0
1788,2021-10-21 03:10:52,7940.0,1000.0,1834200.0
1789,2021-10-21 03:10:52,7940.0,2700.0,1833200.0
1790,2021-10-21 03:10:51,7940.0,100.0,1830500.0
1791,2021-10-21 03:10:48,7940.0,200.0,1830400.0
1792,2021-10-21 03:10:48,7940.0,300.0,1830200.0
1793,2021-10-21 03:10:48,7940.0,1000.0,1829900.0
1794,2021-10-21 03:10:48,7940.0,100.0,1828900.0
1795,2021-10-21 03:10:48,7940.0,500.0,1828800.0
1796,2021-10-21 03:10:48,7940.0,500.0,1828300.0
1797,2021-10-21 03:10:48,7940.0,100.0,1827800.0
1798,2021-10-21 03:10:48,7940.0,1700.0,1827700.0
1799,2021-10-21 03:10:48,7940.0,100.0,1826000.0
1800,2021-10-21 03:10:48,7940.0,30000.0,1825900.0
1801,2021-10-21 03:10:48,7940.0,1200.0,1795900.0
1802,2021-10-21 03:10:48,7940.0,14300.0,1794700.0
1803,2021-10-21 03:10:48,7940.0,1000.0,1780400.0
1804,2021-10-21 03:10:43,7940.0,700.0,1779400.0
1805,2021-10-21 03:10:34,7940.0,4000.0,1778700.0
1806,2021-10-21 03:10:29,7950.0,100.0,1774700.0
1807,2021-10-21 03:10:29,7950.0,1000.0,1774600.0
1808,2021-10-21 03:10:29,7950.0,100.0,1773600.0
1809,2021-10-21 03:10:29,7950.0,1000.0,1773500.0
1810,2021-10-21 03:10:29,7950.0,200.0,1772500.0
1811,2021-10-21 03:10:29,7950.0,500.0,1772300.0
1812,2021-10-21 03:10:29,7950.0,10000.0,1771800.0
1813,2021-10-21 03:10:29,7950.0,700.0,1761800.0
1814,2021-10-21 03:10:29,7950.0,600.0,1761100.0
1815,2021-10-21 03:10:29,7950.0,1300.0,1760500.0
1816,2021-10-21 03:10:18,7970.0,400.0,1759200.0
1817,2021-10-21 03:10:09,7950.0,700.0,1758800.0
1818,2021-10-21 03:10:09,7950.0,13000.0,1758100.0
1819,2021-10-21 03:10:09,7950.0,1000.0,1745100.0
1820,2021-10-21 03:10:09,7950.0,100.0,1744100.0
1821,2021-10-21 03:10:09,7950.0,1000.0,1744000.0
1822,2021-10-21 03:10:09,7950.0,1000.0,1743000.0
1823,2021-10-21 03:10:09,7950.0,500.0,1742000.0
1824,2021-10-21 03:10:09,7950.0,50000.0,1741500.0
1825,2021-10-21 03:10:09,7950.0,1000.0,1691500.0
1826,2021-10-21 03:10:09,7950.0,2200.0,1690500.0
1827,2021-10-21 03:10:09,7950.0,1000.0,1688300.0
1828,2021-10-21 03:10:09,7950.0,1000.0,1687300.0
1829,2021-10-21 03:10:09,7950.0,5000.0,1686300.0
1830,2021-10-21 03:10:09,7950.0,500.0,1681300.0
1831,2021-10-21 03:10:09,7950.0,20000.0,1680800.0
1832,2021-10-21 03:10:09,7950.0,500.0,1660800.0
1833,2021-10-21 03:10:09,7960.0,1000.0,1660300.0
1834,2021-10-21 03:10:09,7960.0,200.0,1659300.0
1835,2021-10-21 03:10:09,7960.0,300.0,1659100.0
1836,2021-10-21 03:10:01,7970.0,300.0,1658800.0
1837,2021-10-21 03:10:01,7970.0,100.0,1658500.0
1838,2021-10-21 03:10:01,7970.0,1000.0,1658400.0
1839,2021-10-21 03:10:01,7970.0,13400.0,1657400.0
1840,2021-10-21 03:09:36,7970.0,500.0,1644000.0
1841,2021-10-21 03:09:36,7980.0,500.0,1643500.0
1842,2021-10-21 03:09:24,7970.0,1000.0,1643000.0
1843,2021-10-21 03:09:18,7970.0,5000.0,1642000.0
1844,2021-10-21 03:09:07,7970.0,200.0,1637000.0
1845,2021-10-21 03:08:48,7970.0,9900.0,1636800.0
1846,2021-10-21 03:08:48,7970.0,500.0,1626900.0
1847,2021-10-21 03:08:48,7970.0,10000.0,1626400.0
1848,2021-10-21 03:08:48,7980.0,200.0,1616400.0
1849,2021-10-21 03:08:48,7980.0,500.0,1616200.0
1850,2021-10-21 03:08:48,7980.0,100.0,1615700.0
1851,2021-10-21 03:08:48,7980.0,100.0,1615600.0
1852,2021-10-21 03:08:48,7980.0,1000.0,1615500.0
1853,2021-10-21 03:08:48,7980.0,100.0,1614500.0
1854,2021-10-21 03:08:48,7980.0,2000.0,1614400.0
1855,2021-10-21 03:08:48,7980.0,2000.0,1612400.0
1856,2021-10-21 03:08:48,7980.0,1300.0,1610400.0
1857,2021-10-21 03:08:48,7980.0,1000.0,1609100.0
1858,2021-10-21 03:08:48,7980.0,1000.0,1608100.0
1859,2021-10-21 03:08:48,7980.0,3000.0,1607100.0
1860,2021-10-21 03:08:48,7980.0,200.0,1604100.0
1861,2021-10-21 03:08:48,7980.0,27100.0,1603900.0
1862,2021-10-21 03:08:48,7990.0,3000.0,1576800.0
1863,2021-10-21 03:08:48,7990.0,3200.0,1573800.0
1864,2021-10-21 03:08:48,7990.0,500.0,1570600.0
1865,2021-10-21 03:08:48,7990.0,5000.0,1570100.0
1866,2021-10-21 03:08:48,7990.0,2000.0,1565100.0
1867,2021-10-21 03:08:48,7990.0,700.0,1563100.0
1868,2021-10-21 03:08:48,7990.0,500.0,1562400.0
1869,2021-10-21 03:08:48,7990.0,5000.0,1561900.0
1870,2021-10-21 03:08:48,7990.0,100.0,1556900.0
1871,2021-10-21 03:08:43,7990.0,100.0,1556800.0
1872,2021-10-21 03:08:39,8000.0,600.0,1556700.0
1873,2021-10-21 03:08:39,8000.0,700.0,1556100.0
1874,2021-10-21 03:08:30,8000.0,100.0,1555400.0
1875,2021-10-21 03:08:09,8000.0,100.0,1555300.0
1876,2021-10-21 03:07:53,8000.0,100.0,1555200.0
1877,2021-10-21 03:07:51,8000.0,9900.0,1555100.0
1878,2021-10-21 03:07:41,8000.0,100.0,1545200.0
1879,2021-10-21 03:07:19,8010.0,200.0,1545100.0
1880,2021-10-21 03:07:19,8000.0,100.0,1544900.0
1881,2021-10-21 03:07:19,8000.0,200.0,1544800.0
1882,2021-10-21 03:07:19,8000.0,100.0,1544600.0
1883,2021-10-21 03:07:19,8000.0,100.0,1544500.0
1884,2021-10-21 03:07:19,8000.0,1300.0,1544400.0
1885,2021-10-21 03:07:16,8000.0,100.0,1543100.0
1886,2021-10-21 03:06:47,8000.0,100.0,1543000.0
1887,2021-10-21 03:06:41,7990.0,300.0,1542900.0
1888,2021-10-21 03:06:41,7990.0,300.0,1542600.0
1889,2021-10-21 03:06:41,8000.0,1000.0,1542300.0
1890,2021-10-21 03:06:41,8000.0,2400.0,1541300.0
1891,2021-10-21 03:06:41,8000.0,1600.0,1538900.0
1892,2021-10-21 03:06:36,8000.0,900.0,1537300.0
1893,2021-10-21 03:06:18,8000.0,2500.0,1536400.0
1894,2021-10-21 03:06:18,8000.0,200.0,1533900.0
1895,2021-10-21 03:06:18,8000.0,5000.0,1533700.0
1896,2021-10-21 03:06:18,8000.0,2300.0,1528700.0
1897,2021-10-21 03:06:15,8000.0,2000.0,1526400.0
1898,2021-10-21 03:06:09,8000.0,8700.0,1524400.0
1899,2021-10-21 03:06:09,8000.0,21300.0,1515700.0
1900,2021-10-21 03:06:06,7980.0,2900.0,1494400.0
1901,2021-10-21 03:06:06,7980.0,1600.0,1491500.0
1902,2021-10-21 03:06:06,7980.0,100.0,1489900.0
1903,2021-10-21 03:06:06,7980.0,2000.0,1489800.0
1904,2021-10-21 03:06:06,7980.0,100.0,1487800.0
1905,2021-10-21 03:06:06,7980.0,300.0,1487700.0
1906,2021-10-21 03:06:06,7980.0,200.0,1487400.0
1907,2021-10-21 03:06:06,7980.0,100.0,1487200.0
1908,2021-10-21 03:06:06,7980.0,900.0,1487100.0
1909,2021-10-21 03:05:41,7980.0,100.0,1486200.0
1910,2021-10-21 03:05:41,7980.0,200.0,1486100.0
1911,2021-10-21 03:05:41,7980.0,3800.0,1485900.0
1912,2021-10-21 03:05:41,7990.0,100.0,1482100.0
1913,2021-10-21 03:05:41,7990.0,100.0,1482000.0
1914,2021-10-21 03:05:41,7990.0,5000.0,1481900.0
1915,2021-10-21 03:05:41,7990.0,100.0,1476900.0
1916,2021-10-21 03:05:41,7990.0,5300.0,1476800.0
1917,2021-10-21 03:05:41,7990.0,1000.0,1471500.0
1918,2021-10-21 03:05:41,7990.0,3500.0,1470500.0
1919,2021-10-21 03:05:41,7990.0,800.0,1467000.0
1920,2021-10-21 03:05:31,8000.0,1000.0,1466200.0
1921,2021-10-21 03:05:23,8000.0,200.0,1465200.0
1922,2021-10-21 03:05:23,8000.0,1500.0,1465000.0
1923,2021-10-21 03:05:08,8000.0,500.0,1463500.0
1924,2021-10-21 03:05:06,7990.0,1200.0,1463000.0
1925,2021-10-21 03:05:06,7990.0,300.0,1461800.0
1926,2021-10-21 03:05:06,7990.0,100.0,1461500.0
1927,2021-10-21 03:05:06,7990.0,2000.0,1461400.0
1928,2021-10-21 03:05:06,7990.0,10000.0,1459400.0
1929,2021-10-21 03:05:06,7990.0,700.0,1449400.0
1930,2021-10-21 03:05:06,8000.0,500.0,1448700.0
1931,2021-10-21 03:05:06,8000.0,500.0,1448200.0
1932,2021-10-21 03:05:06,8000.0,100.0,1447700.0
1933,2021-10-21 03:05:06,8000.0,1000.0,1447600.0
1934,2021-10-21 03:05:06,8000.0,1000.0,1446600.0
1935,2021-10-21 03:05:06,8000.0,2600.0,1445600.0
1936,2021-10-21 03:05:04,8010.0,2000.0,1443000.0
1937,2021-10-21 03:04:28,8000.0,1000.0,1441000.0
1938,2021-10-21 03:04:26,8000.0,3200.0,1440000.0
1939,2021-10-21 03:04:19,8000.0,5000.0,1436800.0
1940,2021-10-21 03:04:19,8000.0,2000.0,1431800.0
1941,2021-10-21 03:04:19,8000.0,500.0,1429800.0
1942,2021-10-21 03:04:19,8000.0,1000.0,1429300.0
1943,2021-10-21 03:04:19,8000.0,14700.0,1428300.0
1944,2021-10-21 03:03:27,8000.0,100.0,1413600.0
1945,2021-10-21 03:03:16,8000.0,100.0,1413500.0
1946,2021-10-21 03:03:16,8000.0,3000.0,1413400.0
1947,2021-10-21 03:03:16,8000.0,200.0,1410400.0
1948,2021-10-21 03:03:16,8000.0,600.0,1410200.0
1949,2021-10-21 03:03:16,8000.0,100.0,1409600.0
1950,2021-10-21 03:03:16,8000.0,1000.0,1409500.0
1951,2021-10-21 03:03:16,8000.0,1000.0,1408500.0
1952,2021-10-21 03:03:16,8000.0,5000.0,1407500.0
1953,2021-10-21 03:03:16,8000.0,1000.0,1402500.0
1954,2021-10-21 03:03:16,8000.0,5600.0,1401500.0
1955,2021-10-21 03:03:16,8000.0,100.0,1395900.0
1956,2021-10-21 03:03:16,8000.0,100.0,1395800.0
1957,2021-10-21 03:03:16,8000.0,2000.0,1395700.0
1958,2021-10-21 03:03:16,8000.0,200.0,1393700.0
1959,2021-10-21 03:03:16,8000.0,5000.0,1393500.0
1960,2021-10-21 03:03:16,8000.0,5000.0,1388500.0
1961,2021-10-21 03:03:16,8000.0,1000.0,1383500.0
1962,2021-10-21 03:03:16,8000.0,1000.0,1382500.0
1963,2021-10-21 03:03:16,8000.0,2000.0,1381500.0
1964,2021-10-21 03:03:16,8000.0,1200.0,1379500.0
1965,2021-10-21 03:03:11,8000.0,800.0,1378300.0
1966,2021-10-21 03:03:11,8000.0,500.0,1377500.0
1967,2021-10-21 03:03:11,8000.0,4700.0,1377000.0
1968,2021-10-21 03:02:46,8000.0,1000.0,1372300.0
1969,2021-10-21 03:02:32,8010.0,100.0,1371300.0
1970,2021-10-21 03:02:32,8010.0,500.0,1371200.0
1971,2021-10-21 03:02:32,8010.0,200.0,1370700.0
1972,2021-10-21 03:02:07,8010.0,500.0,1370500.0
1973,2021-10-21 03:02:07,8010.0,9500.0,1370000.0
1974,2021-10-21 03:01:42,8010.0,200.0,1360500.0
1975,2021-10-21 03:01:12,8010.0,8300.0,1360300.0
1976,2021-10-21 03:01:12,8010.0,1000.0,1352000.0
1977,2021-10-21 03:01:12,8010.0,700.0,1351000.0
1978,2021-10-21 03:00:07,8010.0,1000.0,1350300.0
1979,2021-10-21 02:59:57,8010.0,200.0,1349300.0
1980,2021-10-21 02:59:53,8020.0,600.0,1349100.0
1981,2021-10-21 02:59:40,8010.0,100.0,1348500.0
1982,2021-10-21 02:59:40,8010.0,100.0,1348400.0
1983,2021-10-21 02:59:40,8010.0,300.0,1348300.0
1984,2021-10-21 02:59:38,8020.0,100.0,1348000.0
1985,2021-10-21 02:59:38,8020.0,700.0,1347900.0
1986,2021-10-21 02:59:38,8020.0,100.0,1347200.0
1987,2021-10-21 02:59:38,8020.0,500.0,1347100.0
1988,2021-10-21 02:59:38,8020.0,8900.0,1346600.0
1989,2021-10-21 02:58:49,8020.0,10000.0,1337700.0
1990,2021-10-21 02:58:48,8020.0,1000.0,1327700.0
1991,2021-10-21 02:58:40,8020.0,1000.0,1326700.0
1992,2021-10-21 02:58:25,8020.0,1000.0,1325700.0
1993,2021-10-21 02:57:58,8020.0,5000.0,1324700.0
1994,2021-10-21 02:57:57,8020.0,3000.0,1319700.0
1995,2021-10-21 02:57:52,8020.0,100.0,1316700.0
1996,2021-10-21 02:57:52,8020.0,300.0,1316600.0
1997,2021-10-21 02:57:50,8030.0,200.0,1316300.0
1998,2021-10-21 02:57:06,8030.0,300.0,1316100.0
1999,2021-10-21 02:57:00,8030.0,500.0,1315800.0
2000,2021-10-21 02:57:00,8030.0,6000.0,1315300.0
2001,2021-10-21 02:57:00,8030.0,200.0,1309300.0
2002,2021-10-21 02:57:00,8030.0,2000.0,1309100.0
2003,2021-10-21 02:57:00,8030.0,2000.0,1307100.0
2004,2021-10-21 02:57:00,8030.0,200.0,1305100.0
2005,2021-10-21 02:57:00,8030.0,100.0,1304900.0
2006,2021-10-21 02:57:00,8030.0,10000.0,1304800.0
2007,2021-10-21 02:57:00,8030.0,900.0,1294800.0
2008,2021-10-21 02:56:57,8030.0,100.0,1293900.0
2009,2021-10-21 02:56:57,8030.0,100.0,1293800.0
2010,2021-10-21 02:56:34,8030.0,800.0,1293700.0
2011,2021-10-21 02:56:34,8030.0,500.0,1292900.0
2012,2021-10-21 02:56:34,8030.0,200.0,1292400.0
2013,2021-10-21 02:56:34,8030.0,500.0,1292200.0
2014,2021-10-21 02:56:33,8040.0,3600.0,1291700.0
2015,2021-10-21 02:55:43,8030.0,200.0,1288100.0
2016,2021-10-21 02:55:38,8030.0,300.0,1287900.0
2017,2021-10-21 02:55:13,8040.0,1000.0,1287600.0
2018,2021-10-21 02:55:13,8040.0,100.0,1286600.0
2019,2021-10-21 02:55:04,8040.0,1000.0,1286500.0
2020,2021-10-21 02:54:52,8040.0,100.0,1285500.0
2021,2021-10-21 02:54:30,8040.0,800.0,1285400.0
2022,2021-10-21 02:54:30,8040.0,1600.0,1284600.0
2023,2021-10-21 02:54:09,8040.0,400.0,1283000.0
2024,2021-10-21 02:54:09,8040.0,100.0,1282600.0
2025,2021-10-21 02:54:09,8040.0,100.0,1282500.0
2026,2021-10-21 02:54:09,8040.0,1000.0,1282400.0
2027,2021-10-21 02:54:09,8040.0,1800.0,1281400.0
2028,2021-10-21 02:54:09,8040.0,2100.0,1279600.0
2029,2021-10-21 02:54:09,8040.0,100.0,1277500.0
2030,2021-10-21 02:54:09,8040.0,600.0,1277400.0
2031,2021-10-21 02:54:05,8030.0,100.0,1276800.0
2032,2021-10-21 02:53:24,8030.0,2000.0,1276700.0
2033,2021-10-21 02:53:23,8040.0,200.0,1274700.0
2034,2021-10-21 02:52:22,8040.0,200.0,1274500.0
2035,2021-10-21 02:52:22,8040.0,200.0,1274300.0
2036,2021-10-21 02:52:20,8040.0,200.0,1274100.0
2037,2021-10-21 02:52:20,8040.0,1000.0,1273900.0
2038,2021-10-21 02:52:20,8040.0,600.0,1272900.0
2039,2021-10-21 02:52:12,8040.0,2000.0,1272300.0
2040,2021-10-21 02:52:00,8040.0,400.0,1270300.0
2041,2021-10-21 02:51:54,8030.0,400.0,1269900.0
2042,2021-10-21 02:51:53,8030.0,1000.0,1269500.0
2043,2021-10-21 02:51:23,8030.0,500.0,1268500.0
2044,2021-10-21 02:51:14,8030.0,1000.0,1268000.0
2045,2021-10-21 02:51:13,8030.0,6000.0,1267000.0
2046,2021-10-21 02:51:08,8030.0,100.0,1261000.0
2047,2021-10-21 02:50:49,8030.0,100.0,1260900.0
2048,2021-10-21 02:50:32,8030.0,100.0,1260800.0
2049,2021-10-21 02:50:20,8030.0,17800.0,1260700.0
2050,2021-10-21 02:50:15,8030.0,100.0,1242900.0
2051,2021-10-21 02:50:02,8030.0,800.0,1242800.0
2052,2021-10-21 02:50:02,8030.0,4000.0,1242000.0
2053,2021-10-21 02:50:02,8030.0,1600.0,1238000.0
2054,2021-10-21 02:50:02,8030.0,3800.0,1236400.0
2055,2021-10-21 02:49:45,8030.0,500.0,1232600.0
2056,2021-10-21 02:49:38,8030.0,700.0,1232100.0
2057,2021-10-21 02:49:38,8030.0,2300.0,1231400.0
2058,2021-10-21 02:48:54,8030.0,900.0,1229100.0
2059,2021-10-21 02:48:45,8010.0,500.0,1228200.0
2060,2021-10-21 02:48:34,8030.0,1000.0,1227700.0
2061,2021-10-21 02:48:32,8010.0,200.0,1226700.0
2062,2021-10-21 02:48:17,8010.0,10000.0,1226500.0
2063,2021-10-21 02:48:11,8030.0,30800.0,1216500.0
2064,2021-10-21 02:48:11,8030.0,100.0,1185700.0
2065,2021-10-21 02:48:11,8030.0,10000.0,1185600.0
2066,2021-10-21 02:48:11,8030.0,4000.0,1175600.0
2067,2021-10-21 02:48:11,8030.0,1500.0,1171600.0
2068,2021-10-21 02:48:11,8030.0,1000.0,1170100.0
2069,2021-10-21 02:48:11,8030.0,1000.0,1169100.0
2070,2021-10-21 02:48:11,8030.0,300.0,1168100.0
2071,2021-10-21 02:48:11,8030.0,100.0,1167800.0
2072,2021-10-21 02:48:11,8030.0,4800.0,1167700.0
2073,2021-10-21 02:48:11,8020.0,5000.0,1162900.0
2074,2021-10-21 02:48:11,8020.0,1000.0,1157900.0
2075,2021-10-21 02:48:11,8020.0,400.0,1156900.0
2076,2021-10-21 02:48:00,8010.0,1000.0,1156500.0
2077,2021-10-21 02:47:49,8010.0,1000.0,1155500.0
2078,2021-10-21 02:47:47,8010.0,100.0,1154500.0
2079,2021-10-21 02:47:45,8010.0,700.0,1154400.0
2080,2021-10-21 02:47:31,8010.0,2000.0,1153700.0
2081,2021-10-21 02:47:27,8010.0,400.0,1151700.0
