,Time,Price,Volume_per_trade,Volume
0,2021-10-01 14:45:01,53800.0,200.0,3732500.0
1,2021-10-01 14:45:01,53800.0,600.0,3732300.0
2,2021-10-01 14:45:01,53800.0,400.0,3731700.0
3,2021-10-01 14:45:01,53800.0,300.0,3731300.0
4,2021-10-01 14:45:01,53800.0,300.0,3731000.0
5,2021-10-01 14:45:01,53800.0,100.0,3730700.0
6,2021-10-01 14:45:01,53800.0,3000.0,3730600.0
7,2021-10-01 14:45:01,53800.0,300.0,3727600.0
8,2021-10-01 14:45:01,53800.0,200.0,3727300.0
9,2021-10-01 14:45:01,53800.0,1000.0,3727100.0
10,2021-10-01 14:45:01,53800.0,1000.0,3726100.0
11,2021-10-01 14:45:01,53800.0,500.0,3725100.0
12,2021-10-01 14:45:01,53800.0,1000.0,3724600.0
13,2021-10-01 14:45:01,53800.0,1500.0,3723600.0
14,2021-10-01 14:45:01,53800.0,1100.0,3722100.0
15,2021-10-01 14:45:01,53800.0,1000.0,3721000.0
16,2021-10-01 14:45:01,53800.0,1000.0,3720000.0
17,2021-10-01 14:45:01,53800.0,1900.0,3719000.0
18,2021-10-01 14:45:01,53800.0,100.0,3717100.0
19,2021-10-01 14:45:01,53800.0,500.0,3717000.0
20,2021-10-01 14:45:01,53800.0,400.0,3716500.0
21,2021-10-01 14:45:01,53800.0,100.0,3716100.0
22,2021-10-01 14:45:01,53800.0,100.0,3716000.0
23,2021-10-01 14:45:01,53800.0,1000.0,3715900.0
24,2021-10-01 14:45:01,53800.0,500.0,3714900.0
25,2021-10-01 14:45:01,53800.0,2600.0,3714400.0
26,2021-10-01 14:45:01,53800.0,100.0,3711800.0
27,2021-10-01 14:45:01,53800.0,100.0,3711700.0
28,2021-10-01 14:45:01,53800.0,500.0,3711600.0
29,2021-10-01 14:45:01,53800.0,300.0,3711100.0
30,2021-10-01 14:45:01,53800.0,400.0,3710800.0
31,2021-10-01 14:45:01,53800.0,200.0,3710400.0
32,2021-10-01 14:45:01,53800.0,200.0,3710200.0
33,2021-10-01 14:45:01,53800.0,4000.0,3710000.0
34,2021-10-01 14:45:01,53800.0,300.0,3706000.0
35,2021-10-01 14:45:01,53800.0,700.0,3705700.0
36,2021-10-01 14:45:01,53800.0,1800.0,3705000.0
37,2021-10-01 14:45:01,53800.0,500.0,3703200.0
38,2021-10-01 14:45:01,53800.0,200.0,3702700.0
39,2021-10-01 14:45:01,53800.0,100.0,3702500.0
40,2021-10-01 14:45:01,53800.0,30200.0,3702400.0
41,2021-10-01 14:45:01,53800.0,3000.0,3672200.0
42,2021-10-01 14:45:01,53800.0,200.0,3669200.0
43,2021-10-01 14:45:01,53800.0,100.0,3669000.0
44,2021-10-01 14:45:01,53800.0,200.0,3668900.0
45,2021-10-01 14:45:01,53800.0,6300.0,3668700.0
46,2021-10-01 14:45:01,53800.0,700.0,3662400.0
47,2021-10-01 14:45:01,53800.0,200.0,3661700.0
48,2021-10-01 14:45:01,53800.0,100.0,3661500.0
49,2021-10-01 14:45:01,53800.0,500.0,3661400.0
50,2021-10-01 14:45:01,53800.0,5500.0,3660900.0
51,2021-10-01 14:45:01,53800.0,24500.0,3655400.0
52,2021-10-01 14:45:01,53800.0,700.0,3630900.0
53,2021-10-01 14:45:01,53800.0,400.0,3630200.0
54,2021-10-01 14:45:01,53800.0,2000.0,3629800.0
55,2021-10-01 14:45:01,53800.0,300.0,3627800.0
56,2021-10-01 14:45:01,53800.0,300.0,3627500.0
57,2021-10-01 14:45:01,53800.0,400.0,3627200.0
58,2021-10-01 14:45:01,53800.0,500.0,3626800.0
59,2021-10-01 14:45:01,53800.0,300.0,3626300.0
60,2021-10-01 14:45:01,53800.0,1000.0,3626000.0
61,2021-10-01 14:45:01,53800.0,100.0,3625000.0
62,2021-10-01 14:45:01,53800.0,1000.0,3624900.0
63,2021-10-01 14:45:01,53800.0,300.0,3623900.0
64,2021-10-01 14:45:01,53800.0,300.0,3623600.0
65,2021-10-01 14:45:01,53800.0,500.0,3623300.0
66,2021-10-01 14:29:59,53400.0,500.0,3622800.0
67,2021-10-01 14:29:59,53400.0,400.0,3622300.0
68,2021-10-01 14:29:59,53400.0,100.0,3621900.0
69,2021-10-01 14:29:25,53400.0,200.0,3621800.0
70,2021-10-01 14:28:42,53200.0,100.0,3621600.0
71,2021-10-01 14:28:42,53200.0,100.0,3621500.0
72,2021-10-01 14:28:42,53200.0,400.0,3621400.0
73,2021-10-01 14:28:42,53200.0,4000.0,3621000.0
74,2021-10-01 14:28:42,53200.0,900.0,3617000.0
75,2021-10-01 14:28:42,53200.0,500.0,3616100.0
76,2021-10-01 14:28:42,53200.0,500.0,3615600.0
77,2021-10-01 14:28:42,53300.0,100.0,3615100.0
78,2021-10-01 14:28:42,53300.0,500.0,3615000.0
79,2021-10-01 14:28:42,53300.0,500.0,3614500.0
80,2021-10-01 14:28:42,53300.0,1000.0,3614000.0
81,2021-10-01 14:28:42,53300.0,400.0,3613000.0
82,2021-10-01 14:28:42,53400.0,100.0,3612600.0
83,2021-10-01 14:28:42,53400.0,100.0,3612500.0
84,2021-10-01 14:28:42,53400.0,100.0,3612400.0
85,2021-10-01 14:28:42,53400.0,200.0,3612300.0
86,2021-10-01 14:28:42,53400.0,500.0,3612100.0
87,2021-10-01 14:28:39,53500.0,100.0,3611600.0
88,2021-10-01 14:28:38,53500.0,300.0,3611500.0
89,2021-10-01 14:28:18,53500.0,200.0,3611200.0
90,2021-10-01 14:28:14,53500.0,200.0,3611000.0
91,2021-10-01 14:28:14,53500.0,100.0,3610800.0
92,2021-10-01 14:28:14,53500.0,100.0,3610700.0
93,2021-10-01 14:28:14,53500.0,100.0,3610600.0
94,2021-10-01 14:28:14,53500.0,300.0,3610500.0
95,2021-10-01 14:27:59,53500.0,200.0,3610200.0
96,2021-10-01 14:27:59,53500.0,300.0,3610000.0
97,2021-10-01 14:27:59,53500.0,1000.0,3609700.0
98,2021-10-01 14:27:59,53500.0,800.0,3608700.0
99,2021-10-01 14:27:59,53500.0,100.0,3607900.0
100,2021-10-01 14:27:59,53500.0,500.0,3607800.0
101,2021-10-01 14:27:59,53500.0,2000.0,3607300.0
102,2021-10-01 14:27:59,53500.0,200.0,3605300.0
103,2021-10-01 14:27:59,53500.0,500.0,3605100.0
104,2021-10-01 14:27:59,53500.0,100.0,3604600.0
105,2021-10-01 14:27:59,53500.0,900.0,3604500.0
106,2021-10-01 14:27:59,53500.0,500.0,3603600.0
107,2021-10-01 14:27:59,53500.0,200.0,3603100.0
108,2021-10-01 14:27:59,53500.0,200.0,3602900.0
109,2021-10-01 14:27:59,53500.0,100.0,3602700.0
110,2021-10-01 14:27:59,53500.0,100.0,3602600.0
111,2021-10-01 14:27:59,53500.0,500.0,3602500.0
112,2021-10-01 14:27:59,53500.0,300.0,3602000.0
113,2021-10-01 14:27:59,53500.0,100.0,3601700.0
114,2021-10-01 14:27:59,53500.0,200.0,3601600.0
115,2021-10-01 14:27:59,53500.0,100.0,3601400.0
116,2021-10-01 14:27:59,53500.0,100.0,3601300.0
117,2021-10-01 14:27:59,53500.0,100.0,3601200.0
118,2021-10-01 14:27:59,53500.0,300.0,3601100.0
119,2021-10-01 14:27:59,53500.0,200.0,3600800.0
120,2021-10-01 14:27:59,53500.0,400.0,3600600.0
121,2021-10-01 14:27:59,53500.0,200.0,3600200.0
122,2021-10-01 14:27:59,53500.0,100.0,3600000.0
123,2021-10-01 14:27:59,53500.0,300.0,3599900.0
124,2021-10-01 14:27:59,53500.0,500.0,3599600.0
125,2021-10-01 14:27:59,53500.0,200.0,3599100.0
126,2021-10-01 14:27:59,53500.0,200.0,3598900.0
127,2021-10-01 14:27:59,53500.0,1000.0,3598700.0
128,2021-10-01 14:27:59,53500.0,2000.0,3597700.0
129,2021-10-01 14:27:59,53500.0,500.0,3595700.0
130,2021-10-01 14:27:58,53600.0,100.0,3595200.0
131,2021-10-01 14:27:53,53600.0,100.0,3595100.0
132,2021-10-01 14:27:52,53600.0,100.0,3595000.0
133,2021-10-01 14:27:52,53600.0,20000.0,3594900.0
134,2021-10-01 14:27:40,53800.0,1500.0,3574900.0
135,2021-10-01 14:27:37,53700.0,500.0,3573400.0
136,2021-10-01 14:27:37,53700.0,200.0,3572900.0
137,2021-10-01 14:27:37,53700.0,200.0,3572700.0
138,2021-10-01 14:27:37,53700.0,100.0,3572500.0
139,2021-10-01 14:27:37,53700.0,2000.0,3572400.0
140,2021-10-01 14:27:37,53700.0,16000.0,3570400.0
141,2021-10-01 14:27:37,53700.0,500.0,3554400.0
142,2021-10-01 14:27:37,53700.0,100.0,3553900.0
143,2021-10-01 14:27:37,53700.0,400.0,3553800.0
144,2021-10-01 14:27:34,53800.0,500.0,3553400.0
145,2021-10-01 14:27:25,53700.0,600.0,3552900.0
146,2021-10-01 14:27:25,53700.0,100.0,3552300.0
147,2021-10-01 14:27:23,53800.0,500.0,3552200.0
148,2021-10-01 14:27:22,53800.0,1500.0,3551700.0
149,2021-10-01 14:27:20,53800.0,100.0,3550200.0
150,2021-10-01 14:27:16,53800.0,200.0,3550100.0
151,2021-10-01 14:27:15,53800.0,100.0,3549900.0
152,2021-10-01 14:27:11,53800.0,600.0,3549800.0
153,2021-10-01 14:27:09,53800.0,100.0,3549200.0
154,2021-10-01 14:27:09,53800.0,300.0,3549100.0
155,2021-10-01 14:27:08,53800.0,1000.0,3548800.0
156,2021-10-01 14:27:08,53800.0,1000.0,3547800.0
157,2021-10-01 14:27:08,53800.0,500.0,3546800.0
158,2021-10-01 14:27:08,53800.0,200.0,3546300.0
159,2021-10-01 14:27:08,53800.0,200.0,3546100.0
160,2021-10-01 14:27:08,53800.0,400.0,3545900.0
161,2021-10-01 14:27:08,53800.0,200.0,3545500.0
162,2021-10-01 14:27:08,53800.0,200.0,3545300.0
163,2021-10-01 14:27:08,53800.0,200.0,3545100.0
164,2021-10-01 14:27:08,53800.0,200.0,3544900.0
165,2021-10-01 14:27:08,53800.0,5000.0,3544700.0
166,2021-10-01 14:27:08,53800.0,200.0,3539700.0
167,2021-10-01 14:27:08,53800.0,5300.0,3539500.0
168,2021-10-01 14:27:05,53800.0,500.0,3534200.0
169,2021-10-01 14:26:51,53800.0,100.0,3533700.0
170,2021-10-01 14:26:50,53800.0,1000.0,3533600.0
171,2021-10-01 14:26:45,53900.0,100.0,3532600.0
172,2021-10-01 14:26:43,53900.0,5000.0,3532500.0
173,2021-10-01 14:26:29,53800.0,2000.0,3527500.0
174,2021-10-01 14:26:12,53900.0,400.0,3525500.0
175,2021-10-01 14:25:54,53900.0,3900.0,3525100.0
176,2021-10-01 14:25:51,53900.0,900.0,3521200.0
177,2021-10-01 14:25:10,53900.0,2300.0,3520300.0
178,2021-10-01 14:24:54,53900.0,300.0,3518000.0
179,2021-10-01 14:24:09,53900.0,700.0,3517700.0
180,2021-10-01 14:23:50,53800.0,100.0,3517000.0
181,2021-10-01 14:23:47,53800.0,100.0,3516900.0
182,2021-10-01 14:23:35,53900.0,100.0,3516800.0
183,2021-10-01 14:23:23,53800.0,10000.0,3516700.0
184,2021-10-01 14:23:07,53900.0,2800.0,3506700.0
185,2021-10-01 14:22:49,53800.0,400.0,3503900.0
186,2021-10-01 14:22:39,53800.0,500.0,3503500.0
187,2021-10-01 14:22:14,53900.0,2600.0,3503000.0
188,2021-10-01 14:22:03,53800.0,1000.0,3500400.0
189,2021-10-01 14:22:03,53800.0,3000.0,3499400.0
190,2021-10-01 14:22:03,53800.0,1000.0,3496400.0
191,2021-10-01 14:22:00,53900.0,100.0,3495400.0
192,2021-10-01 14:22:00,53900.0,300.0,3495300.0
193,2021-10-01 14:22:00,53900.0,300.0,3495000.0
194,2021-10-01 14:21:56,53800.0,500.0,3494700.0
195,2021-10-01 14:21:56,53800.0,500.0,3494200.0
196,2021-10-01 14:21:51,53800.0,2000.0,3493700.0
197,2021-10-01 14:21:38,53800.0,500.0,3491700.0
198,2021-10-01 14:21:08,53800.0,2000.0,3491200.0
199,2021-10-01 14:21:08,53800.0,100.0,3489200.0
200,2021-10-01 14:21:08,53800.0,700.0,3489100.0
201,2021-10-01 14:21:08,53800.0,200.0,3488400.0
202,2021-10-01 14:21:03,53900.0,2800.0,3488200.0
203,2021-10-01 14:20:33,53900.0,200.0,3485400.0
204,2021-10-01 14:20:33,53900.0,1000.0,3485200.0
205,2021-10-01 14:20:18,53900.0,200.0,3484200.0
206,2021-10-01 14:20:18,53900.0,4300.0,3484000.0
207,2021-10-01 14:20:05,53900.0,2000.0,3479700.0
208,2021-10-01 14:20:05,53900.0,200.0,3477700.0
209,2021-10-01 14:19:58,53900.0,700.0,3477500.0
210,2021-10-01 14:19:47,53900.0,1000.0,3476800.0
211,2021-10-01 14:19:47,53900.0,500.0,3475800.0
212,2021-10-01 14:19:47,53900.0,300.0,3475300.0
213,2021-10-01 14:19:47,53900.0,3000.0,3475000.0
214,2021-10-01 14:19:47,53900.0,1000.0,3472000.0
215,2021-10-01 14:19:47,53900.0,200.0,3471000.0
216,2021-10-01 14:19:47,53900.0,500.0,3470800.0
217,2021-10-01 14:19:47,53900.0,100.0,3470300.0
218,2021-10-01 14:19:47,53900.0,200.0,3470200.0
219,2021-10-01 14:19:47,53900.0,3000.0,3470000.0
220,2021-10-01 14:19:47,53900.0,400.0,3467000.0
221,2021-10-01 14:19:47,53900.0,1300.0,3466600.0
222,2021-10-01 14:19:47,53900.0,300.0,3465300.0
223,2021-10-01 14:19:47,53900.0,200.0,3465000.0
224,2021-10-01 14:19:47,53900.0,1800.0,3464800.0
225,2021-10-01 14:19:47,53900.0,5000.0,3463000.0
226,2021-10-01 14:19:47,53900.0,1000.0,3458000.0
227,2021-10-01 14:19:47,53900.0,3000.0,3457000.0
228,2021-10-01 14:19:22,54000.0,600.0,3454000.0
229,2021-10-01 14:19:02,53900.0,1000.0,3453400.0
230,2021-10-01 14:18:55,54000.0,1500.0,3452400.0
231,2021-10-01 14:18:55,54000.0,1400.0,3450900.0
232,2021-10-01 14:18:54,54000.0,800.0,3449500.0
233,2021-10-01 14:18:54,54000.0,1300.0,3448700.0
234,2021-10-01 14:18:54,54000.0,300.0,3447400.0
235,2021-10-01 14:18:54,54000.0,100.0,3447100.0
236,2021-10-01 14:18:54,54000.0,500.0,3447000.0
237,2021-10-01 14:18:23,54000.0,500.0,3446500.0
238,2021-10-01 14:18:10,53900.0,1000.0,3446000.0
239,2021-10-01 14:18:10,53900.0,2000.0,3445000.0
240,2021-10-01 14:17:54,54000.0,700.0,3443000.0
241,2021-10-01 14:17:34,54000.0,100.0,3442300.0
242,2021-10-01 14:17:18,53900.0,3000.0,3442200.0
243,2021-10-01 14:17:18,53900.0,2000.0,3439200.0
244,2021-10-01 14:17:16,53900.0,100.0,3437200.0
245,2021-10-01 14:16:54,53900.0,2000.0,3437100.0
246,2021-10-01 14:16:50,54000.0,200.0,3435100.0
247,2021-10-01 14:16:50,54000.0,2600.0,3434900.0
248,2021-10-01 14:16:38,53900.0,900.0,3432300.0
249,2021-10-01 14:16:38,53900.0,100.0,3431400.0
250,2021-10-01 14:16:38,53900.0,1000.0,3431300.0
251,2021-10-01 14:16:38,53900.0,200.0,3430300.0
252,2021-10-01 14:16:38,53900.0,2400.0,3430100.0
253,2021-10-01 14:16:12,54000.0,2400.0,3427700.0
254,2021-10-01 14:16:12,54000.0,200.0,3425300.0
255,2021-10-01 14:16:12,54000.0,100.0,3425100.0
256,2021-10-01 14:16:12,54000.0,100.0,3425000.0
257,2021-10-01 14:16:12,54000.0,200.0,3424900.0
258,2021-10-01 14:16:12,54000.0,1000.0,3424700.0
259,2021-10-01 14:16:12,54000.0,100.0,3423700.0
260,2021-10-01 14:16:12,54000.0,100.0,3423600.0
261,2021-10-01 14:16:12,54000.0,100.0,3423500.0
262,2021-10-01 14:16:12,54000.0,700.0,3423400.0
263,2021-10-01 14:16:05,54000.0,200.0,3422700.0
264,2021-10-01 14:16:01,54000.0,100.0,3422500.0
265,2021-10-01 14:16:01,54000.0,100.0,3422400.0
266,2021-10-01 14:16:01,54000.0,500.0,3422300.0
267,2021-10-01 14:16:01,54000.0,300.0,3421800.0
268,2021-10-01 14:15:51,54000.0,2000.0,3421500.0
269,2021-10-01 14:15:50,54000.0,700.0,3419500.0
270,2021-10-01 14:15:21,54000.0,2000.0,3418800.0
271,2021-10-01 14:15:21,54000.0,100.0,3416800.0
272,2021-10-01 14:15:21,54000.0,100.0,3416700.0
273,2021-10-01 14:15:21,54000.0,100.0,3416600.0
274,2021-10-01 14:15:21,54000.0,100.0,3416500.0
275,2021-10-01 14:15:21,54000.0,1000.0,3416400.0
276,2021-10-01 14:15:21,54000.0,500.0,3415400.0
277,2021-10-01 14:15:21,54000.0,100.0,3414900.0
278,2021-10-01 14:15:21,54000.0,400.0,3414800.0
279,2021-10-01 14:15:21,54000.0,300.0,3414400.0
280,2021-10-01 14:15:21,54000.0,300.0,3414100.0
281,2021-10-01 14:15:11,54000.0,4100.0,3413800.0
282,2021-10-01 14:15:11,54000.0,200.0,3409700.0
283,2021-10-01 14:15:11,54000.0,200.0,3409500.0
284,2021-10-01 14:15:11,54000.0,3000.0,3409300.0
285,2021-10-01 14:15:11,54000.0,300.0,3406300.0
286,2021-10-01 14:15:11,54000.0,200.0,3406000.0
287,2021-10-01 14:14:47,54000.0,400.0,3405800.0
288,2021-10-01 14:14:47,54000.0,2400.0,3405400.0
289,2021-10-01 14:14:33,54000.0,100.0,3403000.0
290,2021-10-01 14:14:25,53900.0,5000.0,3402900.0
291,2021-10-01 14:14:04,53900.0,1000.0,3397900.0
292,2021-10-01 14:13:43,53900.0,400.0,3396900.0
293,2021-10-01 14:13:38,54000.0,500.0,3396500.0
294,2021-10-01 14:13:38,54000.0,200.0,3396000.0
295,2021-10-01 14:12:59,53900.0,1200.0,3395800.0
296,2021-10-01 14:12:59,53900.0,1800.0,3394600.0
297,2021-10-01 14:12:41,54000.0,200.0,3392800.0
298,2021-10-01 14:12:41,54000.0,300.0,3392600.0
299,2021-10-01 14:12:41,54000.0,300.0,3392300.0
300,2021-10-01 14:12:41,54000.0,2100.0,3392000.0
301,2021-10-01 14:12:32,53900.0,100.0,3389900.0
302,2021-10-01 14:12:28,53900.0,200.0,3389800.0
303,2021-10-01 14:12:28,54000.0,100.0,3389600.0
304,2021-10-01 14:12:06,53900.0,100.0,3389500.0
305,2021-10-01 14:11:59,54000.0,800.0,3389400.0
306,2021-10-01 14:11:59,54000.0,1200.0,3388600.0
307,2021-10-01 14:11:37,54000.0,700.0,3387400.0
308,2021-10-01 14:11:33,54000.0,100.0,3386700.0
309,2021-10-01 14:11:23,54000.0,500.0,3386600.0
310,2021-10-01 14:10:51,54000.0,1000.0,3386100.0
311,2021-10-01 14:10:32,54000.0,500.0,3385100.0
312,2021-10-01 14:10:32,54000.0,100.0,3384600.0
313,2021-10-01 14:10:32,54000.0,600.0,3384500.0
314,2021-10-01 14:10:32,54000.0,300.0,3383900.0
315,2021-10-01 14:10:32,54000.0,200.0,3383600.0
316,2021-10-01 14:10:32,54000.0,200.0,3383400.0
317,2021-10-01 14:10:32,54000.0,1000.0,3383200.0
318,2021-10-01 14:10:32,54000.0,100.0,3382200.0
319,2021-10-01 14:10:24,53900.0,1000.0,3382100.0
320,2021-10-01 14:09:37,53900.0,1800.0,3381100.0
321,2021-10-01 14:09:37,53900.0,5000.0,3379300.0
322,2021-10-01 14:09:37,53900.0,4000.0,3374300.0
323,2021-10-01 14:09:37,53900.0,5000.0,3370300.0
324,2021-10-01 14:09:37,53900.0,4200.0,3365300.0
325,2021-10-01 14:09:34,54000.0,100.0,3361100.0
326,2021-10-01 14:09:27,54000.0,100.0,3361000.0
327,2021-10-01 14:09:27,54000.0,600.0,3360900.0
328,2021-10-01 14:09:24,54000.0,400.0,3360300.0
329,2021-10-01 14:09:24,54000.0,3000.0,3359900.0
330,2021-10-01 14:09:24,54000.0,200.0,3356900.0
331,2021-10-01 14:09:24,54000.0,500.0,3356700.0
332,2021-10-01 14:09:24,54000.0,100.0,3356200.0
333,2021-10-01 14:09:24,54000.0,200.0,3356100.0
334,2021-10-01 14:09:24,54000.0,600.0,3355900.0
335,2021-10-01 14:09:22,54000.0,1000.0,3355300.0
336,2021-10-01 14:09:20,53900.0,600.0,3354300.0
337,2021-10-01 14:09:15,54000.0,300.0,3353700.0
338,2021-10-01 14:09:02,54000.0,1500.0,3353400.0
339,2021-10-01 14:08:54,53900.0,500.0,3351900.0
340,2021-10-01 14:08:51,54000.0,100.0,3351400.0
341,2021-10-01 14:08:51,54000.0,200.0,3351300.0
342,2021-10-01 14:08:51,54000.0,500.0,3351100.0
343,2021-10-01 14:08:51,54000.0,100.0,3350600.0
344,2021-10-01 14:08:51,54000.0,100.0,3350500.0
345,2021-10-01 14:08:49,54000.0,100.0,3350400.0
346,2021-10-01 14:08:49,54000.0,2000.0,3350300.0
347,2021-10-01 14:08:49,54000.0,100.0,3348300.0
348,2021-10-01 14:08:49,54000.0,1000.0,3348200.0
349,2021-10-01 14:08:49,54000.0,1800.0,3347200.0
350,2021-10-01 14:08:40,54000.0,200.0,3345400.0
351,2021-10-01 14:08:40,54000.0,100.0,3345200.0
352,2021-10-01 14:08:40,54000.0,900.0,3345100.0
353,2021-10-01 14:08:40,54000.0,100.0,3344200.0
354,2021-10-01 14:08:40,54000.0,200.0,3344100.0
355,2021-10-01 14:08:40,54000.0,100.0,3343900.0
356,2021-10-01 14:08:40,54000.0,500.0,3343800.0
357,2021-10-01 14:08:40,54000.0,2000.0,3343300.0
358,2021-10-01 14:08:40,54000.0,200.0,3341300.0
359,2021-10-01 14:08:40,54000.0,500.0,3341100.0
360,2021-10-01 14:08:40,54000.0,500.0,3340600.0
361,2021-10-01 14:08:38,54000.0,100.0,3340100.0
362,2021-10-01 14:08:33,54000.0,200.0,3340000.0
363,2021-10-01 14:08:24,54000.0,2200.0,3339800.0
364,2021-10-01 14:08:24,54000.0,700.0,3337600.0
365,2021-10-01 14:08:17,54000.0,300.0,3336900.0
366,2021-10-01 14:08:17,54000.0,200.0,3336600.0
367,2021-10-01 14:08:17,54000.0,200.0,3336400.0
368,2021-10-01 14:08:17,54000.0,100.0,3336200.0
369,2021-10-01 14:08:17,54000.0,100.0,3336100.0
370,2021-10-01 14:08:17,54000.0,300.0,3336000.0
371,2021-10-01 14:08:17,54000.0,500.0,3335700.0
372,2021-10-01 14:08:17,54000.0,100.0,3335200.0
373,2021-10-01 14:08:17,54000.0,100.0,3335100.0
374,2021-10-01 14:08:17,54000.0,1000.0,3335000.0
375,2021-10-01 14:08:17,54000.0,2100.0,3334000.0
376,2021-10-01 14:08:12,54000.0,300.0,3331900.0
377,2021-10-01 14:08:12,54000.0,200.0,3331600.0
378,2021-10-01 14:08:12,54000.0,100.0,3331400.0
379,2021-10-01 14:08:12,54000.0,200.0,3331300.0
380,2021-10-01 14:08:11,54000.0,300.0,3331100.0
381,2021-10-01 14:08:11,54000.0,500.0,3330800.0
382,2021-10-01 14:08:11,54000.0,1000.0,3330300.0
383,2021-10-01 14:08:11,54000.0,400.0,3329300.0
384,2021-10-01 14:08:11,54000.0,300.0,3328900.0
385,2021-10-01 14:08:11,54000.0,1000.0,3328600.0
386,2021-10-01 14:08:11,54000.0,200.0,3327600.0
387,2021-10-01 14:08:11,54000.0,1000.0,3327400.0
388,2021-10-01 14:08:11,54000.0,100.0,3326400.0
389,2021-10-01 14:08:11,54000.0,200.0,3326300.0
390,2021-10-01 14:07:55,54000.0,200.0,3326100.0
391,2021-10-01 14:07:41,53900.0,100.0,3325900.0
392,2021-10-01 14:07:36,54000.0,600.0,3325800.0
393,2021-10-01 14:07:36,54000.0,1000.0,3325200.0
394,2021-10-01 14:07:36,54000.0,500.0,3324200.0
395,2021-10-01 14:07:36,54000.0,300.0,3323700.0
396,2021-10-01 14:07:36,54000.0,2600.0,3323400.0
397,2021-10-01 14:07:09,54000.0,300.0,3320800.0
398,2021-10-01 14:07:06,53900.0,600.0,3320500.0
399,2021-10-01 14:06:35,54000.0,100.0,3319900.0
400,2021-10-01 14:06:35,54000.0,200.0,3319800.0
401,2021-10-01 14:06:35,54000.0,100.0,3319600.0
402,2021-10-01 14:06:35,54000.0,1800.0,3319500.0
403,2021-10-01 14:06:35,54000.0,100.0,3317700.0
404,2021-10-01 14:06:35,54000.0,200.0,3317600.0
405,2021-10-01 14:06:35,54000.0,500.0,3317400.0
406,2021-10-01 14:06:35,54000.0,500.0,3316900.0
407,2021-10-01 14:06:35,54000.0,1200.0,3316400.0
408,2021-10-01 14:06:35,54000.0,200.0,3315200.0
409,2021-10-01 14:06:35,54000.0,100.0,3315000.0
410,2021-10-01 14:06:30,54000.0,300.0,3314900.0
411,2021-10-01 14:06:30,54000.0,700.0,3314600.0
412,2021-10-01 14:06:20,54000.0,2300.0,3313900.0
413,2021-10-01 14:06:20,54000.0,200.0,3311600.0
414,2021-10-01 14:06:20,54000.0,100.0,3311400.0
415,2021-10-01 14:06:20,54000.0,100.0,3311300.0
416,2021-10-01 14:06:20,54000.0,100.0,3311200.0
417,2021-10-01 14:06:02,54000.0,400.0,3311100.0
418,2021-10-01 14:05:42,54000.0,100.0,3310700.0
419,2021-10-01 14:05:33,54000.0,200.0,3310600.0
420,2021-10-01 14:05:16,53900.0,500.0,3310400.0
421,2021-10-01 14:04:48,53900.0,900.0,3309900.0
422,2021-10-01 14:04:46,53900.0,2000.0,3309000.0
423,2021-10-01 14:04:45,53900.0,100.0,3307000.0
424,2021-10-01 14:04:32,53900.0,500.0,3306900.0
425,2021-10-01 14:04:26,53900.0,100.0,3306400.0
426,2021-10-01 14:04:23,54000.0,700.0,3306300.0
427,2021-10-01 14:04:23,54000.0,100.0,3305600.0
428,2021-10-01 14:04:23,54000.0,500.0,3305500.0
429,2021-10-01 14:04:23,54000.0,100.0,3305000.0
430,2021-10-01 14:04:23,54000.0,200.0,3304900.0
431,2021-10-01 14:04:23,54000.0,100.0,3304700.0
432,2021-10-01 14:04:23,54000.0,200.0,3304600.0
433,2021-10-01 14:04:23,54000.0,1000.0,3304400.0
434,2021-10-01 14:04:23,54000.0,2100.0,3303400.0
435,2021-10-01 14:04:20,54000.0,1000.0,3301300.0
436,2021-10-01 14:04:19,54000.0,2800.0,3300300.0
437,2021-10-01 14:04:12,53900.0,100.0,3297500.0
438,2021-10-01 14:03:42,53900.0,100.0,3297400.0
439,2021-10-01 14:03:31,53900.0,1000.0,3297300.0
440,2021-10-01 14:02:58,53900.0,100.0,3296300.0
441,2021-10-01 14:02:40,54000.0,200.0,3296200.0
442,2021-10-01 14:02:38,54000.0,200.0,3296000.0
443,2021-10-01 14:02:36,54000.0,3700.0,3295800.0
444,2021-10-01 14:02:36,54000.0,500.0,3292100.0
445,2021-10-01 14:02:36,54000.0,800.0,3291600.0
446,2021-10-01 14:02:17,54000.0,200.0,3290800.0
447,2021-10-01 14:02:17,54000.0,400.0,3290600.0
448,2021-10-01 14:02:17,54000.0,100.0,3290200.0
449,2021-10-01 14:02:17,54000.0,100.0,3290100.0
450,2021-10-01 14:02:17,54000.0,200.0,3290000.0
451,2021-10-01 14:02:17,54000.0,100.0,3289800.0
452,2021-10-01 14:02:17,54000.0,100.0,3289700.0
453,2021-10-01 14:02:17,54000.0,200.0,3289600.0
454,2021-10-01 14:02:17,54000.0,1000.0,3289400.0
455,2021-10-01 14:02:17,54000.0,100.0,3288400.0
456,2021-10-01 14:02:17,54000.0,200.0,3288300.0
457,2021-10-01 14:02:17,54000.0,100.0,3288100.0
458,2021-10-01 14:02:08,53900.0,100.0,3288000.0
459,2021-10-01 14:01:46,53900.0,1000.0,3287900.0
460,2021-10-01 14:01:39,53900.0,1000.0,3286900.0
461,2021-10-01 14:01:39,53900.0,200.0,3285900.0
462,2021-10-01 14:01:39,53900.0,4600.0,3285700.0
463,2021-10-01 14:01:39,53900.0,600.0,3281100.0
464,2021-10-01 14:01:39,53900.0,500.0,3280500.0
465,2021-10-01 14:01:39,53900.0,200.0,3280000.0
466,2021-10-01 14:01:39,53900.0,300.0,3279800.0
467,2021-10-01 14:01:39,53900.0,100.0,3279500.0
468,2021-10-01 14:01:31,53900.0,100.0,3279400.0
469,2021-10-01 14:00:51,53900.0,100.0,3279300.0
470,2021-10-01 14:00:37,53900.0,700.0,3279200.0
471,2021-10-01 14:00:37,53900.0,300.0,3278500.0
472,2021-10-01 14:00:31,53900.0,700.0,3278200.0
473,2021-10-01 14:00:31,53900.0,200.0,3277500.0
474,2021-10-01 14:00:08,53900.0,1300.0,3277300.0
475,2021-10-01 14:00:08,53900.0,700.0,3276000.0
476,2021-10-01 14:00:08,53900.0,900.0,3275300.0
477,2021-10-01 14:00:08,53900.0,100.0,3274400.0
478,2021-10-01 13:59:56,53800.0,100.0,3274300.0
479,2021-10-01 13:59:56,53800.0,700.0,3274200.0
480,2021-10-01 13:59:33,53800.0,100.0,3273500.0
481,2021-10-01 13:58:46,53800.0,100.0,3273400.0
482,2021-10-01 13:58:46,53800.0,100.0,3273300.0
483,2021-10-01 13:58:23,53800.0,900.0,3273200.0
484,2021-10-01 13:58:13,53800.0,100.0,3272300.0
485,2021-10-01 13:58:13,53800.0,1000.0,3272200.0
486,2021-10-01 13:58:13,53800.0,900.0,3271200.0
487,2021-10-01 13:58:06,53800.0,100.0,3270300.0
488,2021-10-01 13:58:06,53800.0,500.0,3270200.0
489,2021-10-01 13:58:06,53800.0,2200.0,3269700.0
490,2021-10-01 13:57:56,53800.0,4000.0,3267500.0
491,2021-10-01 13:57:48,53800.0,200.0,3263500.0
492,2021-10-01 13:57:34,53800.0,13600.0,3263300.0
493,2021-10-01 13:57:34,53800.0,100.0,3249700.0
494,2021-10-01 13:57:34,53800.0,200.0,3249600.0
495,2021-10-01 13:57:34,53800.0,200.0,3249400.0
496,2021-10-01 13:57:34,53800.0,200.0,3249200.0
497,2021-10-01 13:57:34,53800.0,1000.0,3249000.0
498,2021-10-01 13:57:34,53800.0,1000.0,3248000.0
499,2021-10-01 13:57:34,53800.0,13700.0,3247000.0
500,2021-10-01 13:57:14,53800.0,700.0,3233300.0
501,2021-10-01 13:57:07,53800.0,200.0,3232600.0
502,2021-10-01 13:56:44,53800.0,600.0,3232400.0
503,2021-10-01 13:56:21,53800.0,100.0,3231800.0
504,2021-10-01 13:56:03,53700.0,200.0,3231700.0
505,2021-10-01 13:55:57,53800.0,1900.0,3231500.0
506,2021-10-01 13:55:57,53800.0,200.0,3229600.0
507,2021-10-01 13:55:57,53800.0,100.0,3229400.0
508,2021-10-01 13:55:57,53800.0,500.0,3229300.0
509,2021-10-01 13:55:57,53800.0,200.0,3228800.0
510,2021-10-01 13:55:38,53700.0,200.0,3228600.0
511,2021-10-01 13:55:29,53700.0,300.0,3228400.0
512,2021-10-01 13:55:29,53700.0,100.0,3228100.0
513,2021-10-01 13:54:43,53700.0,1900.0,3228000.0
514,2021-10-01 13:54:43,53700.0,100.0,3226100.0
515,2021-10-01 13:54:25,53700.0,1000.0,3226000.0
516,2021-10-01 13:54:18,53700.0,3000.0,3225000.0
517,2021-10-01 13:54:14,53700.0,1000.0,3222000.0
518,2021-10-01 13:54:12,53700.0,500.0,3221000.0
519,2021-10-01 13:54:04,53700.0,2000.0,3220500.0
520,2021-10-01 13:53:55,53700.0,2800.0,3218500.0
521,2021-10-01 13:53:47,53700.0,1000.0,3215700.0
522,2021-10-01 13:53:37,53700.0,2000.0,3214700.0
523,2021-10-01 13:53:22,53700.0,1000.0,3212700.0
524,2021-10-01 13:53:12,53700.0,300.0,3211700.0
525,2021-10-01 13:52:57,53700.0,200.0,3211400.0
526,2021-10-01 13:52:33,53600.0,200.0,3211200.0
527,2021-10-01 13:52:32,53700.0,3000.0,3211000.0
528,2021-10-01 13:52:19,53700.0,600.0,3208000.0
529,2021-10-01 13:52:19,53700.0,400.0,3207400.0
530,2021-10-01 13:52:12,53700.0,100.0,3207000.0
531,2021-10-01 13:51:49,53700.0,100.0,3206900.0
532,2021-10-01 13:51:49,53700.0,100.0,3206800.0
533,2021-10-01 13:51:49,53700.0,400.0,3206700.0
534,2021-10-01 13:51:49,53700.0,500.0,3206300.0
535,2021-10-01 13:51:49,53700.0,500.0,3205800.0
536,2021-10-01 13:51:49,53700.0,1300.0,3205300.0
537,2021-10-01 13:51:01,53700.0,2000.0,3204000.0
538,2021-10-01 13:50:44,53600.0,500.0,3202000.0
539,2021-10-01 13:50:44,53600.0,300.0,3201500.0
540,2021-10-01 13:50:44,53600.0,200.0,3201200.0
541,2021-10-01 13:50:16,53600.0,100.0,3201000.0
542,2021-10-01 13:50:16,53600.0,100.0,3200900.0
543,2021-10-01 13:49:56,53600.0,500.0,3200800.0
544,2021-10-01 13:49:41,53700.0,200.0,3200300.0
545,2021-10-01 13:49:39,53700.0,200.0,3200100.0
546,2021-10-01 13:49:38,53700.0,100.0,3199900.0
547,2021-10-01 13:49:38,53700.0,300.0,3199800.0
548,2021-10-01 13:49:38,53700.0,600.0,3199500.0
549,2021-10-01 13:49:38,53700.0,400.0,3198900.0
550,2021-10-01 13:49:24,53700.0,4000.0,3198500.0
551,2021-10-01 13:48:58,53700.0,500.0,3194500.0
552,2021-10-01 13:48:55,53700.0,100.0,3194000.0
553,2021-10-01 13:48:55,53700.0,100.0,3193900.0
554,2021-10-01 13:48:55,53700.0,1800.0,3193800.0
555,2021-10-01 13:48:44,53700.0,3200.0,3192000.0
556,2021-10-01 13:48:44,53700.0,200.0,3188800.0
557,2021-10-01 13:48:44,53700.0,200.0,3188600.0
558,2021-10-01 13:48:44,53700.0,400.0,3188400.0
559,2021-10-01 13:48:44,53700.0,2300.0,3188000.0
560,2021-10-01 13:48:28,53700.0,100.0,3185700.0
561,2021-10-01 13:47:51,53700.0,2000.0,3185600.0
562,2021-10-01 13:47:40,53800.0,1000.0,3183600.0
563,2021-10-01 13:47:12,53800.0,100.0,3182600.0
564,2021-10-01 13:46:20,53700.0,200.0,3182500.0
565,2021-10-01 13:46:10,53700.0,200.0,3182300.0
566,2021-10-01 13:45:54,53700.0,100.0,3182100.0
567,2021-10-01 13:45:47,53700.0,100.0,3182000.0
568,2021-10-01 13:45:47,53700.0,300.0,3181900.0
569,2021-10-01 13:45:47,53700.0,200.0,3181600.0
570,2021-10-01 13:45:47,53700.0,500.0,3181400.0
571,2021-10-01 13:45:04,53700.0,200.0,3180900.0
572,2021-10-01 13:45:01,53700.0,5000.0,3180700.0
573,2021-10-01 13:44:50,53800.0,200.0,3175700.0
574,2021-10-01 13:44:43,53700.0,500.0,3175500.0
575,2021-10-01 13:44:43,53700.0,300.0,3175000.0
576,2021-10-01 13:44:18,53700.0,200.0,3174700.0
577,2021-10-01 13:44:18,53700.0,200.0,3174500.0
578,2021-10-01 13:44:18,53700.0,600.0,3174300.0
579,2021-10-01 13:44:13,53800.0,200.0,3173700.0
580,2021-10-01 13:43:28,53800.0,1000.0,3173500.0
581,2021-10-01 13:43:23,53700.0,400.0,3172500.0
582,2021-10-01 13:43:23,53700.0,200.0,3172100.0
583,2021-10-01 13:43:23,53700.0,100.0,3171900.0
584,2021-10-01 13:43:23,53700.0,1900.0,3171800.0
585,2021-10-01 13:43:23,53700.0,500.0,3169900.0
586,2021-10-01 13:43:23,53700.0,5000.0,3169400.0
587,2021-10-01 13:43:23,53700.0,2000.0,3164400.0
588,2021-10-01 13:43:23,53700.0,300.0,3162400.0
589,2021-10-01 13:43:23,53700.0,200.0,3162100.0
590,2021-10-01 13:43:23,53700.0,500.0,3161900.0
591,2021-10-01 13:43:23,53700.0,200.0,3161400.0
592,2021-10-01 13:43:23,53700.0,500.0,3161200.0
593,2021-10-01 13:43:23,53700.0,2000.0,3160700.0
594,2021-10-01 13:43:23,53700.0,100.0,3158700.0
595,2021-10-01 13:43:23,53700.0,500.0,3158600.0
596,2021-10-01 13:43:23,53700.0,500.0,3158100.0
597,2021-10-01 13:43:23,53700.0,100.0,3157600.0
598,2021-10-01 13:43:23,53700.0,3000.0,3157500.0
599,2021-10-01 13:43:23,53700.0,100.0,3154500.0
600,2021-10-01 13:42:55,53800.0,200.0,3154400.0
601,2021-10-01 13:42:55,53700.0,100.0,3154200.0
602,2021-10-01 13:42:44,53800.0,100.0,3154100.0
603,2021-10-01 13:42:44,53800.0,300.0,3154000.0
604,2021-10-01 13:42:44,53800.0,600.0,3153700.0
605,2021-10-01 13:42:37,53800.0,100.0,3153100.0
606,2021-10-01 13:41:55,53800.0,200.0,3153000.0
607,2021-10-01 13:41:44,53800.0,1100.0,3152800.0
608,2021-10-01 13:41:44,53800.0,200.0,3151700.0
609,2021-10-01 13:41:44,53800.0,600.0,3151500.0
610,2021-10-01 13:41:44,53800.0,1000.0,3150900.0
611,2021-10-01 13:41:44,53800.0,100.0,3149900.0
612,2021-10-01 13:41:38,53800.0,100.0,3149800.0
613,2021-10-01 13:41:38,53800.0,300.0,3149700.0
614,2021-10-01 13:41:38,53800.0,100.0,3149400.0
615,2021-10-01 13:41:37,53800.0,300.0,3149300.0
616,2021-10-01 13:41:37,53800.0,200.0,3149000.0
617,2021-10-01 13:41:33,53800.0,500.0,3148800.0
618,2021-10-01 13:41:25,53800.0,100.0,3148300.0
619,2021-10-01 13:41:01,53800.0,200.0,3148200.0
620,2021-10-01 13:41:01,53800.0,1000.0,3148000.0
621,2021-10-01 13:41:01,53800.0,800.0,3147000.0
622,2021-10-01 13:40:46,53800.0,100.0,3146200.0
623,2021-10-01 13:40:34,53800.0,2000.0,3146100.0
624,2021-10-01 13:40:33,53800.0,200.0,3144100.0
625,2021-10-01 13:40:25,53800.0,1900.0,3143900.0
626,2021-10-01 13:40:25,53800.0,100.0,3142000.0
627,2021-10-01 13:40:19,53800.0,100.0,3141900.0
628,2021-10-01 13:40:13,53800.0,1000.0,3141800.0
629,2021-10-01 13:40:06,53800.0,300.0,3140800.0
630,2021-10-01 13:40:00,53800.0,600.0,3140500.0
631,2021-10-01 13:40:00,53800.0,1400.0,3139900.0
632,2021-10-01 13:39:46,53800.0,2000.0,3138500.0
633,2021-10-01 13:39:02,53800.0,2000.0,3136500.0
634,2021-10-01 13:38:50,53800.0,1000.0,3134500.0
635,2021-10-01 13:38:34,53800.0,2000.0,3133500.0
636,2021-10-01 13:38:24,53800.0,100.0,3131500.0
637,2021-10-01 13:38:12,53800.0,500.0,3131400.0
638,2021-10-01 13:38:12,53800.0,2000.0,3130900.0
639,2021-10-01 13:38:12,53800.0,200.0,3128900.0
640,2021-10-01 13:38:12,53800.0,3000.0,3128700.0
641,2021-10-01 13:38:12,53800.0,100.0,3125700.0
642,2021-10-01 13:38:12,53800.0,200.0,3125600.0
643,2021-10-01 13:38:12,53800.0,100.0,3125400.0
644,2021-10-01 13:38:12,53800.0,600.0,3125300.0
645,2021-10-01 13:38:11,53900.0,100.0,3124700.0
646,2021-10-01 13:38:02,53800.0,500.0,3124600.0
647,2021-10-01 13:37:52,53800.0,3900.0,3124100.0
648,2021-10-01 13:37:52,53800.0,6000.0,3120200.0
649,2021-10-01 13:37:52,53800.0,100.0,3114200.0
650,2021-10-01 13:37:40,53800.0,900.0,3114100.0
651,2021-10-01 13:37:40,53800.0,1000.0,3113200.0
652,2021-10-01 13:37:40,53800.0,500.0,3112200.0
653,2021-10-01 13:37:40,53800.0,100.0,3111700.0
654,2021-10-01 13:37:40,53800.0,900.0,3111600.0
655,2021-10-01 13:37:29,53900.0,300.0,3110700.0
656,2021-10-01 13:37:20,53800.0,4100.0,3110400.0
657,2021-10-01 13:37:20,53800.0,500.0,3106300.0
658,2021-10-01 13:37:20,53800.0,800.0,3105800.0
659,2021-10-01 13:37:20,53800.0,2000.0,3105000.0
660,2021-10-01 13:37:20,53800.0,300.0,3103000.0
661,2021-10-01 13:37:08,53800.0,100.0,3102700.0
662,2021-10-01 13:37:07,53900.0,1000.0,3102600.0
663,2021-10-01 13:36:57,53900.0,500.0,3101600.0
664,2021-10-01 13:36:57,53900.0,2000.0,3101100.0
665,2021-10-01 13:36:57,53900.0,2000.0,3099100.0
666,2021-10-01 13:36:57,53900.0,500.0,3097100.0
667,2021-10-01 13:36:57,53800.0,600.0,3096600.0
668,2021-10-01 13:36:54,53900.0,300.0,3096000.0
669,2021-10-01 13:36:53,53800.0,500.0,3095700.0
670,2021-10-01 13:36:53,53800.0,3000.0,3095200.0
671,2021-10-01 13:36:53,53800.0,500.0,3092200.0
672,2021-10-01 13:36:53,53800.0,1000.0,3091700.0
673,2021-10-01 13:36:29,53900.0,300.0,3090700.0
674,2021-10-01 13:36:10,53900.0,3900.0,3090400.0
675,2021-10-01 13:36:10,53900.0,400.0,3086500.0
676,2021-10-01 13:36:10,53900.0,100.0,3086100.0
677,2021-10-01 13:36:10,53900.0,200.0,3086000.0
678,2021-10-01 13:36:10,53900.0,300.0,3085800.0
679,2021-10-01 13:36:10,53900.0,100.0,3085500.0
680,2021-10-01 13:35:00,53900.0,400.0,3085400.0
681,2021-10-01 13:34:51,53900.0,100.0,3085000.0
682,2021-10-01 13:34:29,53900.0,2000.0,3084900.0
683,2021-10-01 13:34:27,53900.0,3000.0,3082900.0
684,2021-10-01 13:34:20,53900.0,1900.0,3079900.0
685,2021-10-01 13:34:20,53900.0,300.0,3078000.0
686,2021-10-01 13:34:20,53900.0,100.0,3077700.0
687,2021-10-01 13:34:20,53900.0,2700.0,3077600.0
688,2021-10-01 13:34:18,53900.0,200.0,3074900.0
689,2021-10-01 13:34:06,53900.0,1000.0,3074700.0
690,2021-10-01 13:34:05,53900.0,900.0,3073700.0
691,2021-10-01 13:33:46,53900.0,2000.0,3072800.0
692,2021-10-01 13:33:31,53900.0,100.0,3070800.0
693,2021-10-01 13:33:29,53900.0,200.0,3070700.0
694,2021-10-01 13:33:18,53900.0,100.0,3070500.0
695,2021-10-01 13:33:08,53900.0,800.0,3070400.0
696,2021-10-01 13:33:08,53900.0,200.0,3069600.0
697,2021-10-01 13:33:05,53900.0,300.0,3069400.0
698,2021-10-01 13:33:05,53900.0,200.0,3069100.0
699,2021-10-01 13:33:05,53900.0,500.0,3068900.0
700,2021-10-01 13:33:05,53900.0,1000.0,3068400.0
701,2021-10-01 13:33:05,53900.0,7600.0,3067400.0
702,2021-10-01 13:33:05,53900.0,200.0,3059800.0
703,2021-10-01 13:33:05,53900.0,100.0,3059600.0
704,2021-10-01 13:32:29,53900.0,700.0,3059500.0
705,2021-10-01 13:32:29,53900.0,500.0,3058800.0
706,2021-10-01 13:32:29,53900.0,200.0,3058300.0
707,2021-10-01 13:32:29,53900.0,7800.0,3058100.0
708,2021-10-01 13:32:14,53900.0,2000.0,3050300.0
709,2021-10-01 13:30:49,53800.0,100.0,3048300.0
710,2021-10-01 13:30:08,53800.0,800.0,3048200.0
711,2021-10-01 13:29:55,53800.0,100.0,3047400.0
712,2021-10-01 13:29:55,53800.0,500.0,3047300.0
713,2021-10-01 13:28:42,53800.0,2000.0,3046800.0
714,2021-10-01 13:28:01,53800.0,100.0,3044800.0
715,2021-10-01 13:27:58,53700.0,300.0,3044700.0
716,2021-10-01 13:27:58,53700.0,100.0,3044400.0
717,2021-10-01 13:27:58,53700.0,100.0,3044300.0
718,2021-10-01 13:27:58,53700.0,1700.0,3044200.0
719,2021-10-01 13:27:06,53700.0,300.0,3042500.0
720,2021-10-01 13:27:06,53700.0,100.0,3042200.0
721,2021-10-01 13:27:06,53700.0,100.0,3042100.0
722,2021-10-01 13:27:05,53900.0,200.0,3042000.0
723,2021-10-01 13:26:48,53700.0,600.0,3041800.0
724,2021-10-01 13:26:48,53800.0,400.0,3041200.0
725,2021-10-01 13:26:45,53800.0,100.0,3040800.0
726,2021-10-01 13:26:06,53800.0,400.0,3040700.0
727,2021-10-01 13:26:06,53800.0,400.0,3040300.0
728,2021-10-01 13:26:06,53800.0,400.0,3039900.0
729,2021-10-01 13:26:06,53800.0,100.0,3039500.0
730,2021-10-01 13:26:06,53800.0,200.0,3039400.0
731,2021-10-01 13:26:06,53800.0,500.0,3039200.0
732,2021-10-01 13:25:59,53800.0,500.0,3038700.0
733,2021-10-01 13:25:59,53800.0,1500.0,3038200.0
734,2021-10-01 13:25:28,53700.0,300.0,3036700.0
735,2021-10-01 13:25:28,53700.0,100.0,3036400.0
736,2021-10-01 13:25:28,53700.0,100.0,3036300.0
737,2021-10-01 13:25:10,53700.0,400.0,3036200.0
738,2021-10-01 13:25:04,53700.0,200.0,3035800.0
739,2021-10-01 13:25:00,53700.0,400.0,3035600.0
740,2021-10-01 13:25:00,53700.0,500.0,3035200.0
741,2021-10-01 13:24:33,53700.0,200.0,3034700.0
742,2021-10-01 13:24:33,53700.0,200.0,3034500.0
743,2021-10-01 13:24:25,53600.0,300.0,3034300.0
744,2021-10-01 13:24:15,53600.0,700.0,3034000.0
745,2021-10-01 13:24:15,53600.0,100.0,3033300.0
746,2021-10-01 13:24:15,53600.0,200.0,3033200.0
747,2021-10-01 13:23:41,53600.0,200.0,3033000.0
748,2021-10-01 13:22:40,53600.0,200.0,3032800.0
749,2021-10-01 13:22:27,53600.0,4400.0,3032600.0
750,2021-10-01 13:22:27,53600.0,1000.0,3028200.0
751,2021-10-01 13:22:27,53600.0,2000.0,3027200.0
752,2021-10-01 13:22:27,53600.0,200.0,3025200.0
753,2021-10-01 13:22:27,53600.0,5000.0,3025000.0
754,2021-10-01 13:22:27,53600.0,2000.0,3020000.0
755,2021-10-01 13:22:27,53700.0,500.0,3018000.0
756,2021-10-01 13:22:27,53700.0,100.0,3017500.0
757,2021-10-01 13:22:27,53700.0,300.0,3017400.0
758,2021-10-01 13:22:27,53700.0,300.0,3017100.0
759,2021-10-01 13:22:27,53700.0,100.0,3016800.0
760,2021-10-01 13:22:27,53700.0,1000.0,3016700.0
761,2021-10-01 13:22:27,53700.0,2000.0,3015700.0
762,2021-10-01 13:22:27,53700.0,2900.0,3013700.0
763,2021-10-01 13:22:27,53700.0,100.0,3010800.0
764,2021-10-01 13:22:27,53700.0,2000.0,3010700.0
765,2021-10-01 13:22:27,53700.0,500.0,3008700.0
766,2021-10-01 13:22:27,53700.0,100.0,3008200.0
767,2021-10-01 13:22:27,53700.0,100.0,3008100.0
768,2021-10-01 13:22:27,53700.0,500.0,3008000.0
769,2021-10-01 13:22:27,53700.0,100.0,3007500.0
770,2021-10-01 13:22:27,53700.0,1000.0,3007400.0
771,2021-10-01 13:22:27,53700.0,500.0,3006400.0
772,2021-10-01 13:22:27,53700.0,1100.0,3005900.0
773,2021-10-01 13:22:27,53700.0,300.0,3004800.0
774,2021-10-01 13:22:27,53700.0,400.0,3004500.0
775,2021-10-01 13:22:27,53700.0,1000.0,3004100.0
776,2021-10-01 13:22:27,53700.0,300.0,3003100.0
777,2021-10-01 13:22:27,53700.0,200.0,3002800.0
778,2021-10-01 13:22:21,53800.0,400.0,3002600.0
779,2021-10-01 13:22:17,53800.0,300.0,3002200.0
780,2021-10-01 13:22:13,53700.0,1800.0,3001900.0
781,2021-10-01 13:22:13,53700.0,200.0,3000100.0
782,2021-10-01 13:21:56,53800.0,1200.0,2999900.0
783,2021-10-01 13:21:56,53800.0,1100.0,2998700.0
784,2021-10-01 13:21:54,53800.0,1300.0,2997600.0
785,2021-10-01 13:21:52,53800.0,100.0,2996300.0
786,2021-10-01 13:21:49,53800.0,2500.0,2996200.0
787,2021-10-01 13:21:49,53800.0,300.0,2993700.0
788,2021-10-01 13:21:49,53800.0,100.0,2993400.0
789,2021-10-01 13:21:49,53800.0,200.0,2993300.0
790,2021-10-01 13:21:49,53800.0,1900.0,2993100.0
791,2021-10-01 13:21:39,53800.0,600.0,2991200.0
792,2021-10-01 13:21:25,53800.0,1900.0,2990600.0
793,2021-10-01 13:21:20,53900.0,3100.0,2988700.0
794,2021-10-01 13:21:20,53900.0,1000.0,2985600.0
795,2021-10-01 13:21:20,53900.0,5000.0,2984600.0
796,2021-10-01 13:21:20,53900.0,900.0,2979600.0
797,2021-10-01 13:21:18,53800.0,600.0,2978700.0
798,2021-10-01 13:21:18,53800.0,600.0,2978100.0
799,2021-10-01 13:21:12,53800.0,100.0,2977500.0
800,2021-10-01 13:21:12,53800.0,100.0,2977400.0
801,2021-10-01 13:21:12,53800.0,100.0,2977300.0
802,2021-10-01 13:21:12,53800.0,200.0,2977200.0
803,2021-10-01 13:21:06,53800.0,100.0,2977000.0
804,2021-10-01 13:20:55,53800.0,700.0,2976900.0
805,2021-10-01 13:20:55,53800.0,300.0,2976200.0
806,2021-10-01 13:20:47,53800.0,200.0,2975900.0
807,2021-10-01 13:20:47,53800.0,4800.0,2975700.0
808,2021-10-01 13:20:31,53800.0,2500.0,2970900.0
809,2021-10-01 13:20:06,53900.0,200.0,2968400.0
810,2021-10-01 13:20:05,53800.0,1500.0,2968200.0
811,2021-10-01 13:20:05,53800.0,200.0,2966700.0
812,2021-10-01 13:20:05,53800.0,100.0,2966500.0
813,2021-10-01 13:20:05,53800.0,200.0,2966400.0
814,2021-10-01 13:20:05,53800.0,300.0,2966200.0
815,2021-10-01 13:20:05,53800.0,600.0,2965900.0
816,2021-10-01 13:20:05,53800.0,3400.0,2965300.0
817,2021-10-01 13:20:05,53800.0,200.0,2961900.0
818,2021-10-01 13:20:05,53800.0,1000.0,2961700.0
819,2021-10-01 13:20:05,53800.0,400.0,2960700.0
820,2021-10-01 13:20:05,53800.0,500.0,2960300.0
821,2021-10-01 13:20:05,53800.0,100.0,2959800.0
822,2021-10-01 13:20:05,53800.0,300.0,2959700.0
823,2021-10-01 13:20:05,53800.0,1000.0,2959400.0
824,2021-10-01 13:20:05,53800.0,500.0,2958400.0
825,2021-10-01 13:20:05,53800.0,500.0,2957900.0
826,2021-10-01 13:20:05,53800.0,1000.0,2957400.0
827,2021-10-01 13:20:05,53800.0,100.0,2956400.0
828,2021-10-01 13:20:05,53800.0,1000.0,2956300.0
829,2021-10-01 13:20:05,53800.0,200.0,2955300.0
830,2021-10-01 13:20:05,53800.0,100.0,2955100.0
831,2021-10-01 13:20:05,53800.0,600.0,2955000.0
832,2021-10-01 13:20:05,53800.0,300.0,2954400.0
833,2021-10-01 13:20:05,53800.0,100.0,2954100.0
834,2021-10-01 13:20:05,53800.0,1000.0,2954000.0
835,2021-10-01 13:20:05,53800.0,400.0,2953000.0
836,2021-10-01 13:20:05,53800.0,100.0,2952600.0
837,2021-10-01 13:20:05,53800.0,100.0,2952500.0
838,2021-10-01 13:20:05,53800.0,1000.0,2952400.0
839,2021-10-01 13:20:05,53800.0,300.0,2951400.0
840,2021-10-01 13:20:05,53800.0,1000.0,2951100.0
841,2021-10-01 13:20:05,53800.0,100.0,2950100.0
842,2021-10-01 13:20:05,53800.0,1800.0,2950000.0
843,2021-10-01 13:19:48,53800.0,3200.0,2948200.0
844,2021-10-01 13:19:48,53800.0,500.0,2945000.0
845,2021-10-01 13:19:48,53800.0,300.0,2944500.0
846,2021-10-01 13:19:48,53800.0,1000.0,2944200.0
847,2021-10-01 13:19:48,53800.0,300.0,2943200.0
848,2021-10-01 13:19:48,53800.0,200.0,2942900.0
849,2021-10-01 13:19:48,53800.0,500.0,2942700.0
850,2021-10-01 13:19:48,53800.0,100.0,2942200.0
851,2021-10-01 13:19:48,53800.0,100.0,2942100.0
852,2021-10-01 13:19:48,53800.0,1000.0,2942000.0
853,2021-10-01 13:19:48,53800.0,2800.0,2941000.0
854,2021-10-01 13:19:33,53900.0,1000.0,2938200.0
855,2021-10-01 13:19:33,53900.0,100.0,2937200.0
856,2021-10-01 13:19:33,53900.0,300.0,2937100.0
857,2021-10-01 13:19:33,53900.0,2000.0,2936800.0
858,2021-10-01 13:19:33,53900.0,100.0,2934800.0
859,2021-10-01 13:19:33,53900.0,3000.0,2934700.0
860,2021-10-01 13:19:33,53900.0,100.0,2931700.0
861,2021-10-01 13:19:33,53900.0,1000.0,2931600.0
862,2021-10-01 13:19:33,53900.0,1300.0,2930600.0
863,2021-10-01 13:19:31,53900.0,3700.0,2929300.0
864,2021-10-01 13:19:31,53900.0,200.0,2925600.0
865,2021-10-01 13:19:31,53900.0,1000.0,2925400.0
866,2021-10-01 13:19:31,53900.0,100.0,2924400.0
867,2021-10-01 13:19:04,53900.0,1900.0,2924300.0
868,2021-10-01 13:19:04,53900.0,200.0,2922400.0
869,2021-10-01 13:19:04,53900.0,900.0,2922200.0
870,2021-10-01 13:18:34,54000.0,1600.0,2921300.0
871,2021-10-01 13:18:34,54000.0,100.0,2919700.0
872,2021-10-01 13:18:34,54000.0,2300.0,2919600.0
873,2021-10-01 13:18:22,54000.0,400.0,2917300.0
874,2021-10-01 13:18:06,54000.0,1000.0,2916900.0
875,2021-10-01 13:17:58,54000.0,1000.0,2915900.0
876,2021-10-01 13:17:50,54000.0,300.0,2914900.0
877,2021-10-01 13:17:50,54000.0,100.0,2914600.0
878,2021-10-01 13:17:43,54000.0,400.0,2914500.0
879,2021-10-01 13:17:43,54000.0,100.0,2914100.0
880,2021-10-01 13:17:36,53900.0,100.0,2914000.0
881,2021-10-01 13:17:36,53900.0,900.0,2913900.0
882,2021-10-01 13:17:33,54000.0,600.0,2913000.0
883,2021-10-01 13:17:29,54000.0,100.0,2912400.0
884,2021-10-01 13:17:23,54000.0,1000.0,2912300.0
885,2021-10-01 13:17:21,54000.0,100.0,2911300.0
886,2021-10-01 13:16:53,54000.0,500.0,2911200.0
887,2021-10-01 13:16:52,53900.0,100.0,2910700.0
888,2021-10-01 13:16:52,53900.0,100.0,2910600.0
889,2021-10-01 13:16:52,53900.0,100.0,2910500.0
890,2021-10-01 13:16:52,53900.0,100.0,2910400.0
891,2021-10-01 13:16:52,53900.0,200.0,2910300.0
892,2021-10-01 13:16:40,54000.0,500.0,2910100.0
893,2021-10-01 13:15:49,53900.0,2500.0,2909600.0
894,2021-10-01 13:15:22,54000.0,100.0,2907100.0
895,2021-10-01 13:14:55,54000.0,900.0,2907000.0
896,2021-10-01 13:14:55,54000.0,100.0,2906100.0
897,2021-10-01 13:14:55,54000.0,2000.0,2906000.0
898,2021-10-01 13:14:41,54000.0,100.0,2904000.0
899,2021-10-01 13:14:40,54000.0,3000.0,2903900.0
900,2021-10-01 13:14:29,54000.0,1000.0,2900900.0
901,2021-10-01 13:14:18,54000.0,1000.0,2899900.0
902,2021-10-01 13:14:16,54000.0,400.0,2898900.0
903,2021-10-01 13:14:16,54000.0,2000.0,2898500.0
904,2021-10-01 13:14:16,54000.0,100.0,2896500.0
905,2021-10-01 13:14:16,54000.0,1500.0,2896400.0
906,2021-10-01 13:13:31,54000.0,1500.0,2894900.0
907,2021-10-01 13:13:31,54000.0,1500.0,2893400.0
908,2021-10-01 13:13:28,54000.0,500.0,2891900.0
909,2021-10-01 13:13:28,54000.0,1600.0,2891400.0
910,2021-10-01 13:13:17,54100.0,200.0,2889800.0
911,2021-10-01 13:12:49,54000.0,1400.0,2889600.0
912,2021-10-01 13:12:49,54000.0,300.0,2888200.0
913,2021-10-01 13:12:49,54000.0,5000.0,2887900.0
914,2021-10-01 13:12:49,54000.0,500.0,2882900.0
915,2021-10-01 13:12:49,54000.0,700.0,2882400.0
916,2021-10-01 13:12:49,54000.0,1000.0,2881700.0
917,2021-10-01 13:12:49,54000.0,1000.0,2880700.0
918,2021-10-01 13:12:31,54000.0,500.0,2879700.0
919,2021-10-01 13:12:21,54000.0,100.0,2879200.0
920,2021-10-01 13:12:10,54000.0,400.0,2879100.0
921,2021-10-01 13:12:10,54000.0,200.0,2878700.0
922,2021-10-01 13:12:02,54000.0,3000.0,2878500.0
923,2021-10-01 13:11:26,54000.0,1000.0,2875500.0
924,2021-10-01 13:11:22,54000.0,2000.0,2874500.0
925,2021-10-01 13:11:22,54000.0,2300.0,2872500.0
926,2021-10-01 13:11:20,54000.0,100.0,2870200.0
927,2021-10-01 13:11:18,54000.0,100.0,2870100.0
928,2021-10-01 13:11:13,54000.0,1000.0,2870000.0
929,2021-10-01 13:11:07,54000.0,200.0,2869000.0
930,2021-10-01 13:11:07,54000.0,700.0,2868800.0
931,2021-10-01 13:11:03,54000.0,300.0,2868100.0
932,2021-10-01 13:11:03,54000.0,1700.0,2867800.0
933,2021-10-01 13:11:01,54000.0,600.0,2866100.0
934,2021-10-01 13:10:50,54000.0,700.0,2865500.0
935,2021-10-01 13:10:50,54000.0,100.0,2864800.0
936,2021-10-01 13:10:34,54000.0,400.0,2864700.0
937,2021-10-01 13:10:34,54000.0,900.0,2864300.0
938,2021-10-01 13:10:29,54000.0,2000.0,2863400.0
939,2021-10-01 13:10:22,54000.0,2000.0,2861400.0
940,2021-10-01 13:10:18,54000.0,100.0,2859400.0
941,2021-10-01 13:10:01,53900.0,300.0,2859300.0
942,2021-10-01 13:10:01,53900.0,100.0,2859000.0
943,2021-10-01 13:10:01,53900.0,100.0,2858900.0
944,2021-10-01 13:10:01,54000.0,100.0,2858800.0
945,2021-10-01 13:09:49,54000.0,100.0,2858700.0
946,2021-10-01 13:09:49,54000.0,800.0,2858600.0
947,2021-10-01 13:09:49,54000.0,500.0,2857800.0
948,2021-10-01 13:09:43,54000.0,300.0,2857300.0
949,2021-10-01 13:09:43,54000.0,100.0,2857000.0
950,2021-10-01 13:09:43,54000.0,600.0,2856900.0
951,2021-10-01 13:09:33,54000.0,200.0,2856300.0
952,2021-10-01 13:09:30,54000.0,2000.0,2856100.0
953,2021-10-01 13:09:30,53900.0,200.0,2854100.0
954,2021-10-01 13:09:30,53900.0,100.0,2853900.0
955,2021-10-01 13:09:30,53900.0,300.0,2853800.0
956,2021-10-01 13:09:26,53900.0,400.0,2853500.0
957,2021-10-01 13:09:18,54000.0,200.0,2853100.0
958,2021-10-01 13:09:18,54000.0,100.0,2852900.0
959,2021-10-01 13:09:18,54000.0,1000.0,2852800.0
960,2021-10-01 13:09:18,54000.0,100.0,2851800.0
961,2021-10-01 13:09:18,54000.0,600.0,2851700.0
962,2021-10-01 13:09:09,53900.0,600.0,2851100.0
963,2021-10-01 13:09:02,54000.0,2900.0,2850500.0
964,2021-10-01 13:08:38,53900.0,600.0,2847600.0
965,2021-10-01 13:08:32,54000.0,1000.0,2847000.0
966,2021-10-01 13:08:09,54000.0,500.0,2846000.0
967,2021-10-01 13:08:09,54000.0,300.0,2845500.0
968,2021-10-01 13:08:09,54000.0,300.0,2845200.0
969,2021-10-01 13:08:09,54000.0,100.0,2844900.0
970,2021-10-01 13:08:09,54000.0,100.0,2844800.0
971,2021-10-01 13:08:09,54000.0,300.0,2844700.0
972,2021-10-01 13:08:09,54000.0,400.0,2844400.0
973,2021-10-01 13:07:59,54000.0,1000.0,2844000.0
974,2021-10-01 13:07:35,53900.0,100.0,2843000.0
975,2021-10-01 13:07:35,53900.0,200.0,2842900.0
976,2021-10-01 13:07:33,54000.0,500.0,2842700.0
977,2021-10-01 13:07:17,54000.0,100.0,2842200.0
978,2021-10-01 13:07:07,54000.0,1000.0,2842100.0
979,2021-10-01 13:06:51,54000.0,200.0,2841100.0
980,2021-10-01 13:06:51,54000.0,100.0,2840900.0
981,2021-10-01 13:06:34,54000.0,100.0,2840800.0
982,2021-10-01 13:06:30,53900.0,300.0,2840700.0
983,2021-10-01 13:06:30,53900.0,300.0,2840400.0
984,2021-10-01 13:05:03,53900.0,100.0,2840100.0
985,2021-10-01 13:05:03,53900.0,500.0,2840000.0
986,2021-10-01 13:05:03,53900.0,100.0,2839500.0
987,2021-10-01 13:04:57,53900.0,600.0,2839400.0
988,2021-10-01 13:04:30,53900.0,100.0,2838800.0
989,2021-10-01 13:04:22,53900.0,1100.0,2838700.0
990,2021-10-01 13:04:22,53900.0,1900.0,2837600.0
991,2021-10-01 13:04:19,53900.0,1400.0,2835700.0
992,2021-10-01 13:04:17,53900.0,100.0,2834300.0
993,2021-10-01 13:04:16,53900.0,100.0,2834200.0
994,2021-10-01 13:04:09,53900.0,100.0,2834100.0
995,2021-10-01 13:04:08,53900.0,3000.0,2834000.0
996,2021-10-01 13:03:14,53900.0,3000.0,2831000.0
997,2021-10-01 13:02:55,53900.0,300.0,2828000.0
998,2021-10-01 13:02:46,53900.0,100.0,2827700.0
999,2021-10-01 13:02:46,53900.0,100.0,2827600.0
1000,2021-10-01 13:02:46,53900.0,100.0,2827500.0
1001,2021-10-01 13:02:19,53900.0,400.0,2827400.0
1002,2021-10-01 13:02:17,53900.0,3000.0,2827000.0
1003,2021-10-01 13:02:08,53900.0,500.0,2824000.0
1004,2021-10-01 13:00:37,53900.0,500.0,2823500.0
1005,2021-10-01 13:00:36,53900.0,500.0,2823000.0
1006,2021-10-01 13:00:30,53900.0,3900.0,2822500.0
1007,2021-10-01 13:00:27,53900.0,100.0,2818600.0
1008,2021-10-01 13:00:27,53900.0,400.0,2818500.0
1009,2021-10-01 13:00:27,53900.0,2000.0,2818100.0
1010,2021-10-01 13:00:27,53900.0,500.0,2816100.0
1011,2021-10-01 13:00:27,53900.0,500.0,2815600.0
1012,2021-10-01 13:00:27,53900.0,300.0,2815100.0
1013,2021-10-01 13:00:27,53900.0,100.0,2814800.0
1014,2021-10-01 13:00:27,53900.0,300.0,2814700.0
1015,2021-10-01 13:00:27,53900.0,100.0,2814400.0
1016,2021-10-01 13:00:27,53900.0,100.0,2814300.0
1017,2021-10-01 13:00:27,53900.0,5000.0,2814200.0
1018,2021-10-01 13:00:27,53900.0,1000.0,2809200.0
1019,2021-10-01 13:00:27,53900.0,700.0,2808200.0
1020,2021-10-01 13:00:26,53900.0,200.0,2807500.0
1021,2021-10-01 13:00:22,53900.0,100.0,2807300.0
1022,2021-10-01 13:00:22,53900.0,1800.0,2807200.0
1023,2021-10-01 13:00:22,53900.0,200.0,2805400.0
1024,2021-10-01 13:00:22,53900.0,1000.0,2805200.0
1025,2021-10-01 13:00:22,53900.0,100.0,2804200.0
1026,2021-10-01 13:00:22,53900.0,800.0,2804100.0
1027,2021-10-01 13:00:22,53900.0,300.0,2803300.0
1028,2021-10-01 13:00:22,53900.0,200.0,2803000.0
1029,2021-10-01 13:00:18,54000.0,800.0,2802800.0
1030,2021-10-01 13:00:18,54000.0,100.0,2802000.0
1031,2021-10-01 13:00:18,54000.0,900.0,2801900.0
1032,2021-10-01 13:00:18,54000.0,100.0,2801000.0
1033,2021-10-01 13:00:18,54000.0,100.0,2800900.0
1034,2021-10-01 13:00:17,53900.0,1000.0,2800800.0
1035,2021-10-01 13:00:16,54000.0,100.0,2799800.0
1036,2021-10-01 13:00:16,54000.0,300.0,2799700.0
1037,2021-10-01 13:00:15,53900.0,300.0,2799400.0
1038,2021-10-01 13:00:14,53900.0,2400.0,2799100.0
1039,2021-10-01 13:00:14,53900.0,200.0,2796700.0
1040,2021-10-01 13:00:14,53900.0,400.0,2796500.0
1041,2021-10-01 13:00:11,53900.0,200.0,2796100.0
1042,2021-10-01 13:00:08,54000.0,1700.0,2795900.0
1043,2021-10-01 13:00:08,54000.0,100.0,2794200.0
1044,2021-10-01 13:00:08,54000.0,100.0,2794100.0
1045,2021-10-01 13:00:08,54000.0,100.0,2794000.0
1046,2021-10-01 13:00:08,53900.0,200.0,2793900.0
1047,2021-10-01 13:00:06,53900.0,100.0,2793700.0
1048,2021-10-01 13:00:06,53900.0,100.0,2793600.0
1049,2021-10-01 13:00:06,53900.0,200.0,2793500.0
1050,2021-10-01 13:00:05,53900.0,500.0,2793300.0
1051,2021-10-01 13:00:03,53900.0,2000.0,2792800.0
1052,2021-10-01 13:00:03,54000.0,100.0,2790800.0
1053,2021-10-01 13:00:02,54000.0,200.0,2790700.0
1054,2021-10-01 13:00:02,53900.0,200.0,2790500.0
1055,2021-10-01 13:00:02,53900.0,200.0,2790300.0
1056,2021-10-01 13:00:01,53900.0,100.0,2790100.0
1057,2021-10-01 13:00:01,54000.0,100.0,2790000.0
1058,2021-10-01 13:00:01,54000.0,200.0,2789900.0
1059,2021-10-01 13:00:01,54000.0,900.0,2789700.0
1060,2021-10-01 13:00:01,54000.0,300.0,2788800.0
1061,2021-10-01 13:00:01,54000.0,100.0,2788500.0
1062,2021-10-01 13:00:01,54000.0,500.0,2788400.0
1063,2021-10-01 13:00:01,54000.0,200.0,2787900.0
1064,2021-10-01 13:00:01,54100.0,1800.0,2787700.0
1065,2021-10-01 13:00:01,54000.0,400.0,2785900.0
1066,2021-10-01 13:00:01,54000.0,100.0,2785500.0
1067,2021-10-01 13:00:01,54000.0,500.0,2785400.0
1068,2021-10-01 13:00:01,54000.0,500.0,2784900.0
1069,2021-10-01 13:00:01,54000.0,100.0,2784400.0
1070,2021-10-01 13:00:01,54000.0,200.0,2784300.0
1071,2021-10-01 13:00:01,54000.0,800.0,2784100.0
1072,2021-10-01 13:00:01,54000.0,200.0,2783300.0
1073,2021-10-01 13:00:01,54000.0,200.0,2783100.0
1074,2021-10-01 13:00:01,54000.0,100.0,2782900.0
1075,2021-10-01 11:29:59,53900.0,800.0,2782800.0
1076,2021-10-01 11:29:59,53900.0,500.0,2782000.0
1077,2021-10-01 11:29:59,53900.0,5000.0,2781500.0
1078,2021-10-01 11:29:59,53900.0,1000.0,2776500.0
1079,2021-10-01 11:29:59,53900.0,500.0,2775500.0
1080,2021-10-01 11:29:59,53900.0,3000.0,2775000.0
1081,2021-10-01 11:29:59,53900.0,500.0,2772000.0
1082,2021-10-01 11:29:59,53900.0,600.0,2771500.0
1083,2021-10-01 11:29:59,53900.0,5000.0,2770900.0
1084,2021-10-01 11:29:59,53900.0,13100.0,2765900.0
1085,2021-10-01 11:28:48,54000.0,100.0,2752800.0
1086,2021-10-01 11:28:48,54000.0,500.0,2752700.0
1087,2021-10-01 11:28:00,54000.0,300.0,2752200.0
1088,2021-10-01 11:27:23,54000.0,100.0,2751900.0
1089,2021-10-01 11:27:10,54000.0,1000.0,2751800.0
1090,2021-10-01 11:26:39,54000.0,600.0,2750800.0
1091,2021-10-01 11:26:32,54000.0,400.0,2750200.0
1092,2021-10-01 11:26:23,54000.0,100.0,2749800.0
1093,2021-10-01 11:26:19,54000.0,1000.0,2749700.0
1094,2021-10-01 11:26:16,54000.0,500.0,2748700.0
1095,2021-10-01 11:26:16,54000.0,100.0,2748200.0
1096,2021-10-01 11:26:04,54000.0,100.0,2748100.0
1097,2021-10-01 11:26:04,54000.0,100.0,2748000.0
1098,2021-10-01 11:26:04,54000.0,200.0,2747900.0
1099,2021-10-01 11:26:04,54000.0,200.0,2747700.0
1100,2021-10-01 11:26:04,54000.0,800.0,2747500.0
1101,2021-10-01 11:26:04,54000.0,800.0,2746700.0
1102,2021-10-01 11:26:04,54000.0,300.0,2745900.0
1103,2021-10-01 11:26:04,54000.0,1000.0,2745600.0
1104,2021-10-01 11:26:04,54000.0,100.0,2744600.0
1105,2021-10-01 11:26:04,54000.0,100.0,2744500.0
1106,2021-10-01 11:26:04,54000.0,1300.0,2744400.0
1107,2021-10-01 11:25:35,54000.0,700.0,2743100.0
1108,2021-10-01 11:25:35,54000.0,100.0,2742400.0
1109,2021-10-01 11:25:35,54000.0,300.0,2742300.0
1110,2021-10-01 11:25:35,54000.0,400.0,2742000.0
1111,2021-10-01 11:25:35,54000.0,2200.0,2741600.0
1112,2021-10-01 11:25:30,54000.0,700.0,2739400.0
1113,2021-10-01 11:25:17,54000.0,1000.0,2738700.0
1114,2021-10-01 11:25:11,54000.0,100.0,2737700.0
1115,2021-10-01 11:25:11,54000.0,100.0,2737600.0
1116,2021-10-01 11:25:11,54000.0,1000.0,2737500.0
1117,2021-10-01 11:25:11,54000.0,400.0,2736500.0
1118,2021-10-01 11:25:01,54000.0,100.0,2736100.0
1119,2021-10-01 11:24:43,54000.0,400.0,2736000.0
1120,2021-10-01 11:24:16,54000.0,300.0,2735600.0
1121,2021-10-01 11:24:07,53900.0,200.0,2735300.0
1122,2021-10-01 11:23:17,54000.0,100.0,2735100.0
1123,2021-10-01 11:23:07,53900.0,800.0,2735000.0
1124,2021-10-01 11:22:30,53900.0,400.0,2734200.0
1125,2021-10-01 11:22:30,53900.0,600.0,2733800.0
1126,2021-10-01 11:22:19,54000.0,200.0,2733200.0
1127,2021-10-01 11:21:27,54000.0,500.0,2733000.0
1128,2021-10-01 11:21:27,54000.0,100.0,2732500.0
1129,2021-10-01 11:21:27,54000.0,200.0,2732400.0
1130,2021-10-01 11:21:27,54000.0,100.0,2732200.0
1131,2021-10-01 11:21:27,54000.0,400.0,2732100.0
1132,2021-10-01 11:21:21,54000.0,100.0,2731700.0
1133,2021-10-01 11:21:21,54000.0,900.0,2731600.0
1134,2021-10-01 11:20:35,54000.0,400.0,2730700.0
1135,2021-10-01 11:20:34,54000.0,600.0,2730300.0
1136,2021-10-01 11:20:34,54000.0,100.0,2729700.0
1137,2021-10-01 11:20:34,54000.0,100.0,2729600.0
1138,2021-10-01 11:20:34,54000.0,200.0,2729500.0
1139,2021-10-01 11:20:34,54000.0,200.0,2729300.0
1140,2021-10-01 11:20:34,54000.0,1000.0,2729100.0
1141,2021-10-01 11:20:34,54000.0,1000.0,2728100.0
1142,2021-10-01 11:20:34,54000.0,500.0,2727100.0
1143,2021-10-01 11:20:34,54000.0,100.0,2726600.0
1144,2021-10-01 11:20:34,54000.0,3000.0,2726500.0
1145,2021-10-01 11:20:34,54000.0,600.0,2723500.0
1146,2021-10-01 11:20:34,54000.0,100.0,2722900.0
1147,2021-10-01 11:20:34,54000.0,500.0,2722800.0
1148,2021-10-01 11:20:34,54000.0,10700.0,2722300.0
1149,2021-10-01 11:20:20,54000.0,200.0,2711600.0
1150,2021-10-01 11:20:08,54000.0,4100.0,2711400.0
1151,2021-10-01 11:20:08,54000.0,300.0,2707300.0
1152,2021-10-01 11:20:08,54000.0,600.0,2707000.0
1153,2021-10-01 11:19:12,54000.0,1000.0,2706400.0
1154,2021-10-01 11:18:37,54100.0,100.0,2705400.0
1155,2021-10-01 11:18:27,54100.0,200.0,2705300.0
1156,2021-10-01 11:18:16,54000.0,400.0,2705100.0
1157,2021-10-01 11:18:16,54000.0,600.0,2704700.0
1158,2021-10-01 11:17:56,54000.0,200.0,2704100.0
1159,2021-10-01 11:17:47,54000.0,100.0,2703900.0
1160,2021-10-01 11:16:31,54000.0,200.0,2703800.0
1161,2021-10-01 11:16:31,54000.0,700.0,2703600.0
1162,2021-10-01 11:16:31,54000.0,1000.0,2702900.0
1163,2021-10-01 11:16:31,54000.0,2000.0,2701900.0
1164,2021-10-01 11:16:31,54000.0,1800.0,2699900.0
1165,2021-10-01 11:16:30,54100.0,100.0,2698100.0
1166,2021-10-01 11:16:10,54100.0,200.0,2698000.0
1167,2021-10-01 11:15:56,54000.0,200.0,2697800.0
1168,2021-10-01 11:15:49,54000.0,200.0,2697600.0
1169,2021-10-01 11:15:41,54000.0,500.0,2697400.0
1170,2021-10-01 11:15:28,54000.0,1000.0,2696900.0
1171,2021-10-01 11:15:27,54100.0,100.0,2695900.0
1172,2021-10-01 11:15:26,54000.0,2000.0,2695800.0
1173,2021-10-01 11:14:52,54100.0,2000.0,2693800.0
1174,2021-10-01 11:14:31,54100.0,1100.0,2691800.0
1175,2021-10-01 11:13:45,54100.0,100.0,2690700.0
1176,2021-10-01 11:13:23,54100.0,5000.0,2690600.0
1177,2021-10-01 11:12:27,54100.0,200.0,2685600.0
1178,2021-10-01 11:12:19,54000.0,2500.0,2685400.0
1179,2021-10-01 11:12:06,54100.0,500.0,2682900.0
1180,2021-10-01 11:11:38,54100.0,500.0,2682400.0
1181,2021-10-01 11:11:27,54000.0,100.0,2681900.0
1182,2021-10-01 11:11:06,54000.0,100.0,2681800.0
1183,2021-10-01 11:10:44,54000.0,200.0,2681700.0
1184,2021-10-01 11:10:34,54000.0,300.0,2681500.0
1185,2021-10-01 11:10:25,54000.0,200.0,2681200.0
1186,2021-10-01 11:09:52,54000.0,500.0,2681000.0
1187,2021-10-01 11:09:27,54100.0,200.0,2680500.0
1188,2021-10-01 11:09:15,54000.0,200.0,2680300.0
1189,2021-10-01 11:09:15,54000.0,200.0,2680100.0
1190,2021-10-01 11:09:12,54000.0,200.0,2679900.0
1191,2021-10-01 11:09:12,54000.0,100.0,2679700.0
1192,2021-10-01 11:09:12,54000.0,100.0,2679600.0
1193,2021-10-01 11:09:12,54000.0,300.0,2679500.0
1194,2021-10-01 11:09:12,54000.0,500.0,2679200.0
1195,2021-10-01 11:09:12,54000.0,1000.0,2678700.0
1196,2021-10-01 11:09:12,54000.0,300.0,2677700.0
1197,2021-10-01 11:09:12,54000.0,100.0,2677400.0
1198,2021-10-01 11:09:12,54000.0,100.0,2677300.0
1199,2021-10-01 11:09:12,54000.0,100.0,2677200.0
1200,2021-10-01 11:09:12,54000.0,100.0,2677100.0
1201,2021-10-01 11:09:12,54000.0,500.0,2677000.0
1202,2021-10-01 11:09:12,54000.0,1600.0,2676500.0
1203,2021-10-01 11:09:05,54000.0,1200.0,2674900.0
1204,2021-10-01 11:09:01,54000.0,2000.0,2673700.0
1205,2021-10-01 11:08:53,54000.0,5200.0,2671700.0
1206,2021-10-01 11:08:53,54000.0,100.0,2666500.0
1207,2021-10-01 11:08:53,54000.0,300.0,2666400.0
1208,2021-10-01 11:08:53,54000.0,1000.0,2666100.0
1209,2021-10-01 11:08:53,54000.0,400.0,2665100.0
1210,2021-10-01 11:08:53,54000.0,100.0,2664700.0
1211,2021-10-01 11:08:53,54000.0,800.0,2664600.0
1212,2021-10-01 11:08:53,54000.0,200.0,2663800.0
1213,2021-10-01 11:08:53,54000.0,100.0,2663600.0
1214,2021-10-01 11:08:53,54000.0,1500.0,2663500.0
1215,2021-10-01 11:08:53,54000.0,100.0,2662000.0
1216,2021-10-01 11:08:53,54000.0,200.0,2661900.0
1217,2021-10-01 11:08:49,54000.0,300.0,2661700.0
1218,2021-10-01 11:08:49,54000.0,100.0,2661400.0
1219,2021-10-01 11:08:49,54000.0,300.0,2661300.0
1220,2021-10-01 11:08:49,54000.0,100.0,2661000.0
1221,2021-10-01 11:08:49,54000.0,500.0,2660900.0
1222,2021-10-01 11:08:49,54000.0,100.0,2660400.0
1223,2021-10-01 11:08:49,54000.0,1200.0,2660300.0
1224,2021-10-01 11:08:40,54000.0,800.0,2659100.0
1225,2021-10-01 11:08:40,54000.0,500.0,2658300.0
1226,2021-10-01 11:08:40,54000.0,800.0,2657800.0
1227,2021-10-01 11:08:40,54000.0,2000.0,2657000.0
1228,2021-10-01 11:08:40,54000.0,500.0,2655000.0
1229,2021-10-01 11:08:40,54000.0,500.0,2654500.0
1230,2021-10-01 11:08:40,54000.0,200.0,2654000.0
1231,2021-10-01 11:08:40,54000.0,2000.0,2653800.0
1232,2021-10-01 11:08:40,54000.0,100.0,2651800.0
1233,2021-10-01 11:08:40,54000.0,600.0,2651700.0
1234,2021-10-01 11:08:34,54000.0,400.0,2651100.0
1235,2021-10-01 11:08:34,54000.0,1100.0,2650700.0
1236,2021-10-01 11:08:34,54000.0,500.0,2649600.0
1237,2021-10-01 11:08:34,54000.0,800.0,2649100.0
1238,2021-10-01 11:08:34,54000.0,700.0,2648300.0
1239,2021-10-01 11:08:34,54000.0,100.0,2647600.0
1240,2021-10-01 11:08:34,54000.0,2000.0,2647500.0
1241,2021-10-01 11:08:34,54000.0,4400.0,2645500.0
1242,2021-10-01 11:08:19,54000.0,100.0,2641100.0
1243,2021-10-01 11:08:14,54000.0,1200.0,2641000.0
1244,2021-10-01 11:08:11,54000.0,400.0,2639800.0
1245,2021-10-01 11:08:06,54000.0,500.0,2639400.0
1246,2021-10-01 11:08:04,54000.0,400.0,2638900.0
1247,2021-10-01 11:08:04,54000.0,1000.0,2638500.0
1248,2021-10-01 11:08:04,54000.0,100.0,2637500.0
1249,2021-10-01 11:08:04,54000.0,100.0,2637400.0
1250,2021-10-01 11:08:04,54000.0,500.0,2637300.0
1251,2021-10-01 11:08:04,54000.0,2900.0,2636800.0
1252,2021-10-01 11:08:01,54000.0,200.0,2633900.0
1253,2021-10-01 11:08:01,54000.0,100.0,2633700.0
1254,2021-10-01 11:08:01,54000.0,300.0,2633600.0
1255,2021-10-01 11:08:01,54000.0,400.0,2633300.0
1256,2021-10-01 11:07:58,54000.0,100.0,2632900.0
1257,2021-10-01 11:07:58,54000.0,100.0,2632800.0
1258,2021-10-01 11:07:50,54000.0,400.0,2632700.0
1259,2021-10-01 11:07:50,54000.0,100.0,2632300.0
1260,2021-10-01 11:07:50,54000.0,500.0,2632200.0
1261,2021-10-01 11:07:50,54000.0,100.0,2631700.0
1262,2021-10-01 11:07:50,54000.0,100.0,2631600.0
1263,2021-10-01 11:07:46,54000.0,1000.0,2631500.0
1264,2021-10-01 11:07:46,54000.0,500.0,2630500.0
1265,2021-10-01 11:07:46,54000.0,1000.0,2630000.0
1266,2021-10-01 11:07:46,54000.0,400.0,2629000.0
1267,2021-10-01 11:07:46,54000.0,1600.0,2628600.0
1268,2021-10-01 11:07:09,54000.0,1200.0,2627000.0
1269,2021-10-01 11:06:27,54000.0,100.0,2625800.0
1270,2021-10-01 11:06:14,54000.0,1200.0,2625700.0
1271,2021-10-01 11:06:03,53900.0,2000.0,2624500.0
1272,2021-10-01 11:05:35,54000.0,200.0,2622500.0
1273,2021-10-01 11:05:30,54000.0,700.0,2622300.0
1274,2021-10-01 11:05:30,54000.0,100.0,2621600.0
1275,2021-10-01 11:05:14,54000.0,1200.0,2621500.0
1276,2021-10-01 11:05:13,54000.0,200.0,2620300.0
1277,2021-10-01 11:04:51,54000.0,100.0,2620100.0
1278,2021-10-01 11:04:41,54000.0,400.0,2620000.0
1279,2021-10-01 11:04:38,54000.0,100.0,2619600.0
1280,2021-10-01 11:04:24,54000.0,2900.0,2619500.0
1281,2021-10-01 11:04:24,54000.0,100.0,2616600.0
1282,2021-10-01 11:04:24,54000.0,100.0,2616500.0
1283,2021-10-01 11:04:24,54000.0,100.0,2616400.0
1284,2021-10-01 11:04:24,54000.0,1800.0,2616300.0
1285,2021-10-01 11:04:23,54000.0,200.0,2614500.0
1286,2021-10-01 11:04:23,54000.0,100.0,2614300.0
1287,2021-10-01 11:04:23,54000.0,100.0,2614200.0
1288,2021-10-01 11:04:23,54000.0,100.0,2614100.0
1289,2021-10-01 11:04:23,54000.0,100.0,2614000.0
1290,2021-10-01 11:04:23,54000.0,300.0,2613900.0
1291,2021-10-01 11:04:23,54000.0,200.0,2613600.0
1292,2021-10-01 11:04:23,54000.0,100.0,2613400.0
1293,2021-10-01 11:04:23,54000.0,200.0,2613300.0
1294,2021-10-01 11:04:19,54000.0,700.0,2613100.0
1295,2021-10-01 11:04:19,54000.0,200.0,2612400.0
1296,2021-10-01 11:04:19,54000.0,100.0,2612200.0
1297,2021-10-01 11:04:12,54000.0,200.0,2612100.0
1298,2021-10-01 11:03:54,54000.0,100.0,2611900.0
1299,2021-10-01 11:03:50,54000.0,600.0,2611800.0
1300,2021-10-01 11:03:50,54000.0,500.0,2611200.0
1301,2021-10-01 11:03:50,54000.0,100.0,2610700.0
1302,2021-10-01 11:03:50,54000.0,900.0,2610600.0
1303,2021-10-01 11:03:50,54000.0,300.0,2609700.0
1304,2021-10-01 11:03:50,54000.0,1500.0,2609400.0
1305,2021-10-01 11:03:50,54000.0,200.0,2607900.0
1306,2021-10-01 11:03:50,54000.0,500.0,2607700.0
1307,2021-10-01 11:03:50,54000.0,400.0,2607200.0
1308,2021-10-01 11:03:46,54000.0,500.0,2606800.0
1309,2021-10-01 11:03:46,54000.0,1000.0,2606300.0
1310,2021-10-01 11:03:46,54000.0,1000.0,2605300.0
1311,2021-10-01 11:03:46,54000.0,500.0,2604300.0
1312,2021-10-01 11:03:46,54000.0,400.0,2603800.0
1313,2021-10-01 11:03:46,54000.0,400.0,2603400.0
1314,2021-10-01 11:03:46,54000.0,1000.0,2603000.0
1315,2021-10-01 11:03:46,54000.0,200.0,2602000.0
1316,2021-10-01 11:03:40,54000.0,200.0,2601800.0
1317,2021-10-01 11:03:39,54000.0,5000.0,2601600.0
1318,2021-10-01 11:03:34,54000.0,800.0,2596600.0
1319,2021-10-01 11:03:32,53900.0,1800.0,2595800.0
1320,2021-10-01 11:03:30,54000.0,100.0,2594000.0
1321,2021-10-01 11:03:27,54000.0,100.0,2593900.0
1322,2021-10-01 11:03:25,53900.0,200.0,2593800.0
1323,2021-10-01 11:03:25,54000.0,3600.0,2593600.0
1324,2021-10-01 11:03:25,54000.0,200.0,2590000.0
1325,2021-10-01 11:03:25,54000.0,1200.0,2589800.0
1326,2021-10-01 11:03:16,54000.0,200.0,2588600.0
1327,2021-10-01 11:03:01,54000.0,100.0,2588400.0
1328,2021-10-01 11:02:50,53900.0,500.0,2588300.0
1329,2021-10-01 11:02:47,54000.0,200.0,2587800.0
1330,2021-10-01 11:02:45,54000.0,100.0,2587600.0
1331,2021-10-01 11:02:40,53900.0,300.0,2587500.0
1332,2021-10-01 11:02:40,53900.0,200.0,2587200.0
1333,2021-10-01 11:02:33,54000.0,1000.0,2587000.0
1334,2021-10-01 11:02:32,54000.0,100.0,2586000.0
1335,2021-10-01 11:02:22,54000.0,200.0,2585900.0
1336,2021-10-01 11:02:05,54000.0,200.0,2585700.0
1337,2021-10-01 11:01:49,54000.0,100.0,2585500.0
1338,2021-10-01 11:01:45,54000.0,600.0,2585400.0
1339,2021-10-01 11:01:35,54000.0,200.0,2584800.0
1340,2021-10-01 11:01:34,54000.0,800.0,2584600.0
1341,2021-10-01 11:01:34,54000.0,100.0,2583800.0
1342,2021-10-01 11:01:34,54000.0,900.0,2583700.0
1343,2021-10-01 11:01:24,54000.0,100.0,2582800.0
1344,2021-10-01 11:01:18,54000.0,500.0,2582700.0
1345,2021-10-01 11:01:12,54000.0,500.0,2582200.0
1346,2021-10-01 11:01:06,54000.0,100.0,2581700.0
1347,2021-10-01 11:00:27,54000.0,200.0,2581600.0
1348,2021-10-01 10:59:05,53900.0,100.0,2581400.0
1349,2021-10-01 10:59:02,54000.0,300.0,2581300.0
1350,2021-10-01 10:58:48,53900.0,200.0,2581000.0
1351,2021-10-01 10:58:48,53900.0,200.0,2580800.0
1352,2021-10-01 10:58:48,53900.0,100.0,2580600.0
1353,2021-10-01 10:58:41,54000.0,300.0,2580500.0
1354,2021-10-01 10:58:28,53900.0,100.0,2580200.0
1355,2021-10-01 10:58:24,53900.0,300.0,2580100.0
1356,2021-10-01 10:58:24,53900.0,100.0,2579800.0
1357,2021-10-01 10:58:24,53900.0,100.0,2579700.0
1358,2021-10-01 10:58:23,54000.0,2000.0,2579600.0
1359,2021-10-01 10:58:06,54000.0,300.0,2577600.0
1360,2021-10-01 10:58:04,54000.0,100.0,2577300.0
1361,2021-10-01 10:57:44,54000.0,300.0,2577200.0
1362,2021-10-01 10:57:43,53900.0,900.0,2576900.0
1363,2021-10-01 10:57:43,53900.0,100.0,2576000.0
1364,2021-10-01 10:57:26,54000.0,100.0,2575900.0
1365,2021-10-01 10:57:10,54000.0,100.0,2575800.0
1366,2021-10-01 10:55:56,54000.0,200.0,2575700.0
1367,2021-10-01 10:55:44,54000.0,100.0,2575500.0
1368,2021-10-01 10:55:41,53900.0,400.0,2575400.0
1369,2021-10-01 10:55:41,53900.0,300.0,2575000.0
1370,2021-10-01 10:55:41,53900.0,300.0,2574700.0
1371,2021-10-01 10:55:41,53900.0,100.0,2574400.0
1372,2021-10-01 10:55:41,53900.0,300.0,2574300.0
1373,2021-10-01 10:55:41,53900.0,1000.0,2574000.0
1374,2021-10-01 10:55:41,53900.0,600.0,2573000.0
1375,2021-10-01 10:55:41,53900.0,900.0,2572400.0
1376,2021-10-01 10:55:41,53900.0,1100.0,2571500.0
1377,2021-10-01 10:55:33,53900.0,900.0,2570400.0
1378,2021-10-01 10:55:33,53900.0,100.0,2569500.0
1379,2021-10-01 10:55:33,53900.0,1000.0,2569400.0
1380,2021-10-01 10:55:26,54000.0,300.0,2568400.0
1381,2021-10-01 10:55:25,53900.0,100.0,2568100.0
1382,2021-10-01 10:55:15,53900.0,6900.0,2568000.0
1383,2021-10-01 10:55:15,53900.0,4100.0,2561100.0
1384,2021-10-01 10:55:12,54000.0,3000.0,2557000.0
1385,2021-10-01 10:55:12,53900.0,500.0,2554000.0
1386,2021-10-01 10:54:53,53900.0,100.0,2553500.0
1387,2021-10-01 10:54:52,54000.0,100.0,2553400.0
1388,2021-10-01 10:54:52,54000.0,200.0,2553300.0
1389,2021-10-01 10:54:52,54000.0,100.0,2553100.0
1390,2021-10-01 10:54:52,54000.0,100.0,2553000.0
1391,2021-10-01 10:54:52,54000.0,1000.0,2552900.0
1392,2021-10-01 10:54:52,54000.0,100.0,2551900.0
1393,2021-10-01 10:54:52,54000.0,300.0,2551800.0
1394,2021-10-01 10:54:52,54000.0,200.0,2551500.0
1395,2021-10-01 10:54:52,54000.0,100.0,2551300.0
1396,2021-10-01 10:54:52,54000.0,200.0,2551200.0
1397,2021-10-01 10:54:52,54000.0,100.0,2551000.0
1398,2021-10-01 10:54:52,54000.0,100.0,2550900.0
1399,2021-10-01 10:54:52,54000.0,100.0,2550800.0
1400,2021-10-01 10:54:52,54000.0,5000.0,2550700.0
1401,2021-10-01 10:54:52,54000.0,100.0,2545700.0
1402,2021-10-01 10:54:52,54000.0,100.0,2545600.0
1403,2021-10-01 10:54:52,54000.0,100.0,2545500.0
1404,2021-10-01 10:54:30,53900.0,300.0,2545400.0
1405,2021-10-01 10:54:30,53900.0,100.0,2545100.0
1406,2021-10-01 10:54:30,53900.0,1200.0,2545000.0
1407,2021-10-01 10:54:27,54000.0,200.0,2543800.0
1408,2021-10-01 10:54:26,53900.0,400.0,2543600.0
1409,2021-10-01 10:54:10,53900.0,1500.0,2543200.0
1410,2021-10-01 10:54:08,54000.0,200.0,2541700.0
1411,2021-10-01 10:54:08,54000.0,100.0,2541500.0
1412,2021-10-01 10:54:07,53900.0,1900.0,2541400.0
1413,2021-10-01 10:54:07,53900.0,100.0,2539500.0
1414,2021-10-01 10:53:43,54000.0,300.0,2539400.0
1415,2021-10-01 10:53:42,54000.0,100.0,2539100.0
1416,2021-10-01 10:53:36,54000.0,100.0,2539000.0
1417,2021-10-01 10:53:36,54000.0,1000.0,2538900.0
1418,2021-10-01 10:53:36,54000.0,1900.0,2537900.0
1419,2021-10-01 10:53:33,54000.0,100.0,2536000.0
1420,2021-10-01 10:53:33,54000.0,100.0,2535900.0
1421,2021-10-01 10:53:23,54000.0,200.0,2535800.0
1422,2021-10-01 10:53:18,53900.0,200.0,2535600.0
1423,2021-10-01 10:53:18,53900.0,300.0,2535400.0
1424,2021-10-01 10:53:09,54000.0,900.0,2535100.0
1425,2021-10-01 10:53:07,53900.0,100.0,2534200.0
1426,2021-10-01 10:52:10,54000.0,400.0,2534100.0
1427,2021-10-01 10:51:44,54000.0,100.0,2533700.0
1428,2021-10-01 10:51:26,54000.0,200.0,2533600.0
1429,2021-10-01 10:51:25,53900.0,100.0,2533400.0
1430,2021-10-01 10:51:02,53900.0,500.0,2533300.0
1431,2021-10-01 10:51:02,53900.0,500.0,2532800.0
1432,2021-10-01 10:50:56,53900.0,200.0,2532300.0
1433,2021-10-01 10:50:38,53900.0,500.0,2532100.0
1434,2021-10-01 10:50:35,54000.0,300.0,2531600.0
1435,2021-10-01 10:50:31,53900.0,100.0,2531300.0
1436,2021-10-01 10:50:31,53900.0,100.0,2531200.0
1437,2021-10-01 10:50:24,54000.0,100.0,2531100.0
1438,2021-10-01 10:50:24,54000.0,100.0,2531000.0
1439,2021-10-01 10:50:24,54000.0,100.0,2530900.0
1440,2021-10-01 10:50:17,53900.0,900.0,2530800.0
1441,2021-10-01 10:50:17,53900.0,100.0,2529900.0
1442,2021-10-01 10:49:52,53900.0,100.0,2529800.0
1443,2021-10-01 10:49:49,53900.0,9800.0,2529700.0
1444,2021-10-01 10:49:49,53900.0,200.0,2519900.0
1445,2021-10-01 10:49:49,53900.0,2700.0,2519700.0
1446,2021-10-01 10:49:49,53900.0,500.0,2517000.0
1447,2021-10-01 10:49:49,53900.0,500.0,2516500.0
1448,2021-10-01 10:49:49,53900.0,12000.0,2516000.0
1449,2021-10-01 10:49:49,53900.0,800.0,2504000.0
1450,2021-10-01 10:49:49,53900.0,1000.0,2503200.0
1451,2021-10-01 10:49:49,53900.0,1700.0,2502200.0
1452,2021-10-01 10:49:49,53900.0,10000.0,2500500.0
1453,2021-10-01 10:49:49,53900.0,200.0,2490500.0
1454,2021-10-01 10:49:49,53900.0,600.0,2490300.0
1455,2021-10-01 10:49:48,54000.0,200.0,2489700.0
1456,2021-10-01 10:49:48,54000.0,100.0,2489500.0
1457,2021-10-01 10:49:47,54000.0,100.0,2489400.0
1458,2021-10-01 10:49:47,54000.0,100.0,2489300.0
1459,2021-10-01 10:48:47,53900.0,500.0,2489200.0
1460,2021-10-01 10:48:36,54000.0,100.0,2488700.0
1461,2021-10-01 10:48:36,54000.0,400.0,2488600.0
1462,2021-10-01 10:48:36,54000.0,100.0,2488200.0
1463,2021-10-01 10:48:36,54000.0,100.0,2488100.0
1464,2021-10-01 10:48:36,54000.0,300.0,2488000.0
1465,2021-10-01 10:48:32,54000.0,300.0,2487700.0
1466,2021-10-01 10:48:27,54000.0,5000.0,2487400.0
1467,2021-10-01 10:48:26,54000.0,200.0,2482400.0
1468,2021-10-01 10:48:06,53900.0,100.0,2482200.0
1469,2021-10-01 10:48:04,54000.0,300.0,2482100.0
1470,2021-10-01 10:47:56,54000.0,200.0,2481800.0
1471,2021-10-01 10:47:33,54000.0,1200.0,2481600.0
1472,2021-10-01 10:47:18,54000.0,1400.0,2480400.0
1473,2021-10-01 10:47:07,53900.0,100.0,2479000.0
1474,2021-10-01 10:46:43,53900.0,200.0,2478900.0
1475,2021-10-01 10:45:28,54000.0,600.0,2478700.0
1476,2021-10-01 10:45:26,54000.0,300.0,2478100.0
1477,2021-10-01 10:45:20,54000.0,100.0,2477800.0
1478,2021-10-01 10:44:39,54000.0,1000.0,2477700.0
1479,2021-10-01 10:44:26,54000.0,1000.0,2476700.0
1480,2021-10-01 10:44:21,54000.0,100.0,2475700.0
1481,2021-10-01 10:44:17,54000.0,200.0,2475600.0
1482,2021-10-01 10:44:13,54000.0,100.0,2475400.0
1483,2021-10-01 10:44:11,53900.0,1100.0,2475300.0
1484,2021-10-01 10:43:59,54000.0,1100.0,2474200.0
1485,2021-10-01 10:43:58,54000.0,100.0,2473100.0
1486,2021-10-01 10:43:56,54000.0,300.0,2473000.0
1487,2021-10-01 10:43:44,54000.0,200.0,2472700.0
1488,2021-10-01 10:43:29,53900.0,200.0,2472500.0
1489,2021-10-01 10:43:26,54000.0,200.0,2472300.0
1490,2021-10-01 10:43:22,53900.0,400.0,2472100.0
1491,2021-10-01 10:43:15,54000.0,100.0,2471700.0
1492,2021-10-01 10:43:05,54000.0,400.0,2471600.0
1493,2021-10-01 10:43:02,54000.0,200.0,2471200.0
1494,2021-10-01 10:42:43,54000.0,200.0,2471000.0
1495,2021-10-01 10:42:42,53900.0,2000.0,2470800.0
1496,2021-10-01 10:42:26,54000.0,200.0,2468800.0
1497,2021-10-01 10:42:08,54000.0,100.0,2468600.0
1498,2021-10-01 10:42:03,54000.0,600.0,2468500.0
1499,2021-10-01 10:41:53,54000.0,100.0,2467900.0
1500,2021-10-01 10:41:40,53900.0,800.0,2467800.0
1501,2021-10-01 10:41:38,54000.0,200.0,2467000.0
1502,2021-10-01 10:41:34,53900.0,300.0,2466800.0
1503,2021-10-01 10:41:18,53900.0,3000.0,2466500.0
1504,2021-10-01 10:41:13,54000.0,100.0,2463500.0
1505,2021-10-01 10:41:04,54000.0,500.0,2463400.0
1506,2021-10-01 10:40:32,54000.0,500.0,2462900.0
1507,2021-10-01 10:40:15,54000.0,200.0,2462400.0
1508,2021-10-01 10:39:47,53900.0,700.0,2462200.0
1509,2021-10-01 10:39:47,53900.0,300.0,2461500.0
1510,2021-10-01 10:39:47,53900.0,300.0,2461200.0
1511,2021-10-01 10:39:47,53900.0,400.0,2460900.0
1512,2021-10-01 10:39:47,53900.0,300.0,2460500.0
1513,2021-10-01 10:39:37,53900.0,100.0,2460200.0
1514,2021-10-01 10:39:03,53900.0,200.0,2460100.0
1515,2021-10-01 10:38:54,53900.0,200.0,2459900.0
1516,2021-10-01 10:38:54,53900.0,100.0,2459700.0
1517,2021-10-01 10:38:54,53900.0,700.0,2459600.0
1518,2021-10-01 10:38:49,53900.0,1000.0,2458900.0
1519,2021-10-01 10:38:31,53900.0,100.0,2457900.0
1520,2021-10-01 10:38:07,53900.0,3200.0,2457800.0
1521,2021-10-01 10:38:07,53900.0,300.0,2454600.0
1522,2021-10-01 10:36:24,53900.0,200.0,2454300.0
1523,2021-10-01 10:36:24,53900.0,100.0,2454100.0
1524,2021-10-01 10:36:24,53900.0,300.0,2454000.0
1525,2021-10-01 10:36:24,53900.0,300.0,2453700.0
1526,2021-10-01 10:36:24,53900.0,400.0,2453400.0
1527,2021-10-01 10:36:24,53900.0,100.0,2453000.0
1528,2021-10-01 10:36:24,53900.0,200.0,2452900.0
1529,2021-10-01 10:36:24,53900.0,300.0,2452700.0
1530,2021-10-01 10:36:24,53900.0,100.0,2452400.0
1531,2021-10-01 10:35:55,54000.0,200.0,2452300.0
1532,2021-10-01 10:35:48,54000.0,100.0,2452100.0
1533,2021-10-01 10:35:19,54000.0,1000.0,2452000.0
1534,2021-10-01 10:35:08,54000.0,100.0,2451000.0
1535,2021-10-01 10:35:07,54000.0,1000.0,2450900.0
1536,2021-10-01 10:34:49,54000.0,200.0,2449900.0
1537,2021-10-01 10:34:40,54000.0,100.0,2449700.0
1538,2021-10-01 10:34:40,54000.0,500.0,2449600.0
1539,2021-10-01 10:34:40,54000.0,3500.0,2449100.0
1540,2021-10-01 10:34:40,54000.0,200.0,2445600.0
1541,2021-10-01 10:34:40,54000.0,300.0,2445400.0
1542,2021-10-01 10:34:40,54000.0,1000.0,2445100.0
1543,2021-10-01 10:34:40,54000.0,400.0,2444100.0
1544,2021-10-01 10:34:06,54000.0,300.0,2443700.0
1545,2021-10-01 10:34:05,53900.0,200.0,2443400.0
1546,2021-10-01 10:34:05,53900.0,200.0,2443200.0
1547,2021-10-01 10:34:00,53900.0,200.0,2443000.0
1548,2021-10-01 10:34:00,53900.0,100.0,2442800.0
1549,2021-10-01 10:33:42,53900.0,100.0,2442700.0
1550,2021-10-01 10:33:39,53900.0,2000.0,2442600.0
1551,2021-10-01 10:33:37,53900.0,1100.0,2440600.0
1552,2021-10-01 10:33:36,53900.0,300.0,2439500.0
1553,2021-10-01 10:33:32,53900.0,100.0,2439200.0
1554,2021-10-01 10:33:08,53900.0,100.0,2439100.0
1555,2021-10-01 10:32:42,53900.0,300.0,2439000.0
1556,2021-10-01 10:32:42,53900.0,800.0,2438700.0
1557,2021-10-01 10:32:32,53900.0,100.0,2437900.0
1558,2021-10-01 10:32:24,53800.0,2200.0,2437800.0
1559,2021-10-01 10:32:24,53800.0,400.0,2435600.0
1560,2021-10-01 10:32:14,53800.0,100.0,2435200.0
1561,2021-10-01 10:32:14,53800.0,2000.0,2435100.0
1562,2021-10-01 10:32:14,53800.0,1100.0,2433100.0
1563,2021-10-01 10:32:07,53900.0,100.0,2432000.0
1564,2021-10-01 10:31:55,53900.0,1000.0,2431900.0
1565,2021-10-01 10:31:42,54000.0,500.0,2430900.0
1566,2021-10-01 10:31:42,54000.0,600.0,2430400.0
1567,2021-10-01 10:31:12,53900.0,300.0,2429800.0
1568,2021-10-01 10:30:40,53900.0,200.0,2429500.0
1569,2021-10-01 10:30:39,53900.0,200.0,2429300.0
1570,2021-10-01 10:30:39,53900.0,400.0,2429100.0
1571,2021-10-01 10:30:30,53900.0,200.0,2428700.0
1572,2021-10-01 10:30:07,53900.0,100.0,2428500.0
1573,2021-10-01 10:30:07,53900.0,1000.0,2428400.0
1574,2021-10-01 10:30:04,53900.0,100.0,2427400.0
1575,2021-10-01 10:29:50,53900.0,500.0,2427300.0
1576,2021-10-01 10:29:50,53900.0,1000.0,2426800.0
1577,2021-10-01 10:29:50,53900.0,100.0,2425800.0
1578,2021-10-01 10:29:50,53900.0,400.0,2425700.0
1579,2021-10-01 10:29:38,53900.0,100.0,2425300.0
1580,2021-10-01 10:29:38,53900.0,300.0,2425200.0
1581,2021-10-01 10:29:38,53900.0,100.0,2424900.0
1582,2021-10-01 10:29:38,53900.0,100.0,2424800.0
1583,2021-10-01 10:29:38,53900.0,500.0,2424700.0
1584,2021-10-01 10:29:38,53900.0,900.0,2424200.0
1585,2021-10-01 10:29:25,54000.0,100.0,2423300.0
1586,2021-10-01 10:29:07,53900.0,1000.0,2423200.0
1587,2021-10-01 10:28:59,53900.0,3100.0,2422200.0
1588,2021-10-01 10:28:59,53900.0,100.0,2419100.0
1589,2021-10-01 10:28:59,53900.0,500.0,2419000.0
1590,2021-10-01 10:28:59,53900.0,500.0,2418500.0
1591,2021-10-01 10:28:59,53900.0,3800.0,2418000.0
1592,2021-10-01 10:28:11,53900.0,1200.0,2414200.0
1593,2021-10-01 10:28:11,53900.0,800.0,2413000.0
1594,2021-10-01 10:28:11,53900.0,500.0,2412200.0
1595,2021-10-01 10:28:11,53900.0,1000.0,2411700.0
1596,2021-10-01 10:28:11,53900.0,100.0,2410700.0
1597,2021-10-01 10:28:11,53900.0,300.0,2410600.0
1598,2021-10-01 10:28:11,53900.0,500.0,2410300.0
1599,2021-10-01 10:28:11,53900.0,1000.0,2409800.0
1600,2021-10-01 10:28:11,53900.0,100.0,2408800.0
1601,2021-10-01 10:28:11,53900.0,100.0,2408700.0
1602,2021-10-01 10:28:11,53900.0,300.0,2408600.0
1603,2021-10-01 10:28:11,53900.0,300.0,2408300.0
1604,2021-10-01 10:28:11,53900.0,100.0,2408000.0
1605,2021-10-01 10:28:11,53900.0,1000.0,2407900.0
1606,2021-10-01 10:28:11,53900.0,100.0,2406900.0
1607,2021-10-01 10:28:11,53900.0,200.0,2406800.0
1608,2021-10-01 10:28:11,53900.0,3400.0,2406600.0
1609,2021-10-01 10:28:05,53900.0,200.0,2403200.0
1610,2021-10-01 10:27:51,53900.0,1400.0,2403000.0
1611,2021-10-01 10:27:51,53900.0,600.0,2401600.0
1612,2021-10-01 10:27:46,53900.0,200.0,2401000.0
1613,2021-10-01 10:27:42,53900.0,1000.0,2400800.0
1614,2021-10-01 10:27:29,53900.0,100.0,2399800.0
1615,2021-10-01 10:27:07,53900.0,100.0,2399700.0
1616,2021-10-01 10:27:03,53900.0,200.0,2399600.0
1617,2021-10-01 10:26:41,53900.0,2000.0,2399400.0
1618,2021-10-01 10:26:35,54000.0,4000.0,2397400.0
1619,2021-10-01 10:26:25,54000.0,100.0,2393400.0
1620,2021-10-01 10:26:22,53900.0,500.0,2393300.0
1621,2021-10-01 10:25:46,54000.0,200.0,2392800.0
1622,2021-10-01 10:25:29,54000.0,300.0,2392600.0
1623,2021-10-01 10:25:06,54000.0,1400.0,2392300.0
1624,2021-10-01 10:25:04,54000.0,100.0,2390900.0
1625,2021-10-01 10:24:42,54000.0,500.0,2390800.0
1626,2021-10-01 10:24:36,54000.0,300.0,2390300.0
1627,2021-10-01 10:24:28,54000.0,1000.0,2390000.0
1628,2021-10-01 10:24:23,54000.0,500.0,2389000.0
1629,2021-10-01 10:24:18,54000.0,1000.0,2388500.0
1630,2021-10-01 10:24:10,53900.0,200.0,2387500.0
1631,2021-10-01 10:24:01,54000.0,2000.0,2387300.0
1632,2021-10-01 10:23:51,54000.0,6100.0,2385300.0
1633,2021-10-01 10:23:49,54000.0,500.0,2379200.0
1634,2021-10-01 10:23:41,54000.0,300.0,2378700.0
1635,2021-10-01 10:23:30,54000.0,1000.0,2378400.0
1636,2021-10-01 10:23:30,54000.0,200.0,2377400.0
1637,2021-10-01 10:23:28,54000.0,100.0,2377200.0
1638,2021-10-01 10:23:28,54000.0,200.0,2377100.0
1639,2021-10-01 10:23:28,54000.0,9700.0,2376900.0
1640,2021-10-01 10:23:25,54000.0,100.0,2367200.0
1641,2021-10-01 10:23:20,54000.0,200.0,2367100.0
1642,2021-10-01 10:23:19,54000.0,300.0,2366900.0
1643,2021-10-01 10:23:18,54000.0,1000.0,2366600.0
1644,2021-10-01 10:23:12,54000.0,700.0,2365600.0
1645,2021-10-01 10:23:04,54000.0,8000.0,2364900.0
1646,2021-10-01 10:23:04,54000.0,1000.0,2356900.0
1647,2021-10-01 10:23:04,54000.0,200.0,2355900.0
1648,2021-10-01 10:23:04,54000.0,500.0,2355700.0
1649,2021-10-01 10:23:04,54000.0,200.0,2355200.0
1650,2021-10-01 10:23:04,54000.0,100.0,2355000.0
1651,2021-10-01 10:23:04,54000.0,100.0,2354900.0
1652,2021-10-01 10:23:04,54000.0,100.0,2354800.0
1653,2021-10-01 10:23:04,54000.0,200.0,2354700.0
1654,2021-10-01 10:23:04,54000.0,100.0,2354500.0
1655,2021-10-01 10:23:02,54000.0,100.0,2354400.0
1656,2021-10-01 10:23:02,54000.0,100.0,2354300.0
1657,2021-10-01 10:23:02,54000.0,100.0,2354200.0
1658,2021-10-01 10:23:02,54000.0,100.0,2354100.0
1659,2021-10-01 10:23:02,54000.0,100.0,2354000.0
1660,2021-10-01 10:23:02,54000.0,100.0,2353900.0
1661,2021-10-01 10:22:46,54000.0,100.0,2353800.0
1662,2021-10-01 10:22:46,54000.0,800.0,2353700.0
1663,2021-10-01 10:22:27,54000.0,200.0,2352900.0
1664,2021-10-01 10:22:17,54000.0,100.0,2352700.0
1665,2021-10-01 10:21:51,54000.0,200.0,2352600.0
1666,2021-10-01 10:21:47,54000.0,200.0,2352400.0
1667,2021-10-01 10:21:45,54000.0,600.0,2352200.0
1668,2021-10-01 10:21:36,54000.0,500.0,2351600.0
1669,2021-10-01 10:21:16,54000.0,1000.0,2351100.0
1670,2021-10-01 10:20:58,54000.0,300.0,2350100.0
1671,2021-10-01 10:20:51,54000.0,400.0,2349800.0
1672,2021-10-01 10:20:38,54000.0,100.0,2349400.0
1673,2021-10-01 10:20:38,54000.0,200.0,2349300.0
1674,2021-10-01 10:20:18,54000.0,4700.0,2349100.0
1675,2021-10-01 10:20:06,54000.0,100.0,2344400.0
1676,2021-10-01 10:20:04,54000.0,100.0,2344300.0
1677,2021-10-01 10:19:36,54000.0,1000.0,2344200.0
1678,2021-10-01 10:19:23,54000.0,100.0,2343200.0
1679,2021-10-01 10:19:18,54000.0,100.0,2343100.0
1680,2021-10-01 10:19:13,54000.0,500.0,2343000.0
1681,2021-10-01 10:18:48,54000.0,100.0,2342500.0
1682,2021-10-01 10:18:48,54000.0,400.0,2342400.0
1683,2021-10-01 10:18:48,54000.0,100.0,2342000.0
1684,2021-10-01 10:18:48,54000.0,1400.0,2341900.0
1685,2021-10-01 10:18:38,54000.0,200.0,2340500.0
1686,2021-10-01 10:18:33,54000.0,300.0,2340300.0
1687,2021-10-01 10:18:17,54000.0,200.0,2340000.0
1688,2021-10-01 10:18:14,54000.0,2000.0,2339800.0
1689,2021-10-01 10:18:13,54000.0,500.0,2337800.0
1690,2021-10-01 10:18:13,54000.0,200.0,2337300.0
1691,2021-10-01 10:18:13,54000.0,9300.0,2337100.0
1692,2021-10-01 10:18:09,54000.0,100.0,2327800.0
1693,2021-10-01 10:18:07,54000.0,100.0,2327700.0
1694,2021-10-01 10:18:02,54000.0,500.0,2327600.0
1695,2021-10-01 10:18:02,54000.0,3000.0,2327100.0
1696,2021-10-01 10:18:02,54000.0,100.0,2324100.0
1697,2021-10-01 10:18:02,54000.0,1000.0,2324000.0
1698,2021-10-01 10:18:02,54000.0,1000.0,2323000.0
1699,2021-10-01 10:18:02,54000.0,700.0,2322000.0
1700,2021-10-01 10:18:02,54000.0,400.0,2321300.0
1701,2021-10-01 10:18:02,54000.0,200.0,2320900.0
1702,2021-10-01 10:18:02,54000.0,3100.0,2320700.0
1703,2021-10-01 10:18:01,54000.0,5000.0,2317600.0
1704,2021-10-01 10:17:56,54000.0,100.0,2312600.0
1705,2021-10-01 10:17:50,54000.0,600.0,2312500.0
1706,2021-10-01 10:17:46,54100.0,1200.0,2311900.0
1707,2021-10-01 10:17:45,54000.0,1000.0,2310700.0
1708,2021-10-01 10:17:34,54000.0,5000.0,2309700.0
1709,2021-10-01 10:17:28,54100.0,500.0,2304700.0
1710,2021-10-01 10:17:28,54100.0,1700.0,2304200.0
1711,2021-10-01 10:17:26,54000.0,5200.0,2302500.0
1712,2021-10-01 10:17:26,54000.0,200.0,2297300.0
1713,2021-10-01 10:17:01,54000.0,300.0,2297100.0
1714,2021-10-01 10:17:01,54000.0,100.0,2296800.0
1715,2021-10-01 10:17:01,54000.0,200.0,2296700.0
1716,2021-10-01 10:17:01,54000.0,2000.0,2296500.0
1717,2021-10-01 10:17:01,54000.0,100.0,2294500.0
1718,2021-10-01 10:17:01,54000.0,100.0,2294400.0
1719,2021-10-01 10:17:01,54000.0,2000.0,2294300.0
1720,2021-10-01 10:17:01,54000.0,200.0,2292300.0
1721,2021-10-01 10:17:01,54000.0,1000.0,2292100.0
1722,2021-10-01 10:17:01,54000.0,100.0,2291100.0
1723,2021-10-01 10:17:01,54000.0,500.0,2291000.0
1724,2021-10-01 10:17:01,54000.0,300.0,2290500.0
1725,2021-10-01 10:17:01,54000.0,100.0,2290200.0
1726,2021-10-01 10:17:01,54000.0,100.0,2290100.0
1727,2021-10-01 10:17:01,54000.0,600.0,2290000.0
1728,2021-10-01 10:17:01,54000.0,100.0,2289400.0
1729,2021-10-01 10:17:01,54000.0,5000.0,2289300.0
1730,2021-10-01 10:17:01,54000.0,100.0,2284300.0
1731,2021-10-01 10:17:01,54000.0,500.0,2284200.0
1732,2021-10-01 10:17:01,54000.0,1000.0,2283700.0
1733,2021-10-01 10:17:01,54000.0,200.0,2282700.0
1734,2021-10-01 10:17:01,54000.0,100.0,2282500.0
1735,2021-10-01 10:17:01,54000.0,500.0,2282400.0
1736,2021-10-01 10:17:01,54000.0,1000.0,2281900.0
1737,2021-10-01 10:17:01,54000.0,500.0,2280900.0
1738,2021-10-01 10:17:01,54000.0,2000.0,2280400.0
1739,2021-10-01 10:17:01,54000.0,100.0,2278400.0
1740,2021-10-01 10:17:01,54000.0,21200.0,2278300.0
1741,2021-10-01 10:16:49,54100.0,200.0,2257100.0
1742,2021-10-01 10:16:43,54000.0,100.0,2256900.0
1743,2021-10-01 10:16:42,54100.0,2000.0,2256800.0
1744,2021-10-01 10:16:41,54000.0,100.0,2254800.0
1745,2021-10-01 10:15:55,54000.0,1400.0,2254700.0
1746,2021-10-01 10:15:50,54000.0,2300.0,2253300.0
1747,2021-10-01 10:15:50,54000.0,700.0,2251000.0
1748,2021-10-01 10:15:42,54000.0,100.0,2250300.0
1749,2021-10-01 10:15:40,54100.0,1000.0,2250200.0
1750,2021-10-01 10:15:26,54000.0,200.0,2249200.0
1751,2021-10-01 10:15:26,54000.0,500.0,2249000.0
1752,2021-10-01 10:15:22,54000.0,3400.0,2248500.0
1753,2021-10-01 10:15:20,54100.0,100.0,2245100.0
1754,2021-10-01 10:15:20,54100.0,100.0,2245000.0
1755,2021-10-01 10:15:10,54100.0,900.0,2244900.0
1756,2021-10-01 10:15:10,54100.0,100.0,2244000.0
1757,2021-10-01 10:15:10,54100.0,200.0,2243900.0
1758,2021-10-01 10:15:10,54100.0,800.0,2243700.0
1759,2021-10-01 10:15:07,54100.0,400.0,2242900.0
1760,2021-10-01 10:14:56,54100.0,300.0,2242500.0
1761,2021-10-01 10:14:41,54100.0,600.0,2242200.0
1762,2021-10-01 10:14:20,54100.0,100.0,2241600.0
1763,2021-10-01 10:14:19,54100.0,700.0,2241500.0
1764,2021-10-01 10:14:19,54100.0,100.0,2240800.0
1765,2021-10-01 10:14:06,54000.0,100.0,2240700.0
1766,2021-10-01 10:13:49,54100.0,100.0,2240600.0
1767,2021-10-01 10:13:26,54100.0,1000.0,2240500.0
1768,2021-10-01 10:13:22,54100.0,1000.0,2239500.0
1769,2021-10-01 10:13:01,54100.0,400.0,2238500.0
1770,2021-10-01 10:12:58,54100.0,100.0,2238100.0
1771,2021-10-01 10:12:58,54100.0,500.0,2238000.0
1772,2021-10-01 10:12:58,54100.0,100.0,2237500.0
1773,2021-10-01 10:12:58,54100.0,100.0,2237400.0
1774,2021-10-01 10:12:58,54100.0,100.0,2237300.0
1775,2021-10-01 10:12:58,54100.0,100.0,2237200.0
1776,2021-10-01 10:12:52,54100.0,400.0,2237100.0
1777,2021-10-01 10:12:52,54100.0,700.0,2236700.0
1778,2021-10-01 10:12:48,54100.0,100.0,2236000.0
1779,2021-10-01 10:12:31,54100.0,100.0,2235900.0
1780,2021-10-01 10:12:31,54100.0,100.0,2235800.0
1781,2021-10-01 10:12:29,54000.0,1000.0,2235700.0
1782,2021-10-01 10:11:56,54100.0,100.0,2234700.0
1783,2021-10-01 10:11:52,54000.0,5000.0,2234600.0
1784,2021-10-01 10:11:49,54100.0,100.0,2229600.0
1785,2021-10-01 10:11:31,54100.0,1500.0,2229500.0
1786,2021-10-01 10:11:31,54100.0,600.0,2228000.0
1787,2021-10-01 10:11:26,54100.0,100.0,2227400.0
1788,2021-10-01 10:11:26,54100.0,900.0,2227300.0
1789,2021-10-01 10:11:08,54100.0,100.0,2226400.0
1790,2021-10-01 10:11:06,54100.0,100.0,2226300.0
1791,2021-10-01 10:11:01,54100.0,500.0,2226200.0
1792,2021-10-01 10:11:01,54100.0,500.0,2225700.0
1793,2021-10-01 10:10:26,54200.0,800.0,2225200.0
1794,2021-10-01 10:10:26,54100.0,200.0,2224400.0
1795,2021-10-01 10:10:23,54100.0,800.0,2224200.0
1796,2021-10-01 10:10:23,54200.0,100.0,2223400.0
1797,2021-10-01 10:10:23,54100.0,300.0,2223300.0
1798,2021-10-01 10:10:22,54100.0,3900.0,2223000.0
1799,2021-10-01 10:10:22,54100.0,1100.0,2219100.0
1800,2021-10-01 10:10:09,54100.0,600.0,2218000.0
1801,2021-10-01 10:10:09,54100.0,400.0,2217400.0
1802,2021-10-01 10:09:58,54100.0,500.0,2217000.0
1803,2021-10-01 10:09:37,54100.0,500.0,2216500.0
1804,2021-10-01 10:09:36,54000.0,400.0,2216000.0
1805,2021-10-01 10:09:36,54100.0,500.0,2215600.0
1806,2021-10-01 10:09:36,54100.0,100.0,2215100.0
1807,2021-10-01 10:09:31,54100.0,100.0,2215000.0
1808,2021-10-01 10:09:31,54100.0,300.0,2214900.0
1809,2021-10-01 10:09:29,54100.0,200.0,2214600.0
1810,2021-10-01 10:09:29,54100.0,400.0,2214400.0
1811,2021-10-01 10:09:29,54100.0,200.0,2214000.0
1812,2021-10-01 10:09:29,54100.0,200.0,2213800.0
1813,2021-10-01 10:09:22,54100.0,200.0,2213600.0
1814,2021-10-01 10:09:08,54100.0,100.0,2213400.0
1815,2021-10-01 10:09:08,54100.0,1000.0,2213300.0
1816,2021-10-01 10:09:08,54100.0,400.0,2212300.0
1817,2021-10-01 10:09:08,54100.0,1000.0,2211900.0
1818,2021-10-01 10:09:08,54100.0,100.0,2210900.0
1819,2021-10-01 10:09:08,54100.0,1000.0,2210800.0
1820,2021-10-01 10:09:08,54100.0,100.0,2209800.0
1821,2021-10-01 10:09:08,54100.0,900.0,2209700.0
1822,2021-10-01 10:09:03,54100.0,1100.0,2208800.0
1823,2021-10-01 10:09:03,54100.0,400.0,2207700.0
1824,2021-10-01 10:08:41,54100.0,100.0,2207300.0
1825,2021-10-01 10:08:41,54100.0,1000.0,2207200.0
1826,2021-10-01 10:08:41,54100.0,200.0,2206200.0
1827,2021-10-01 10:08:41,54100.0,1000.0,2206000.0
1828,2021-10-01 10:08:41,54100.0,2700.0,2205000.0
1829,2021-10-01 10:08:15,54200.0,500.0,2202300.0
1830,2021-10-01 10:07:58,54200.0,1000.0,2201800.0
1831,2021-10-01 10:07:57,54200.0,200.0,2200800.0
1832,2021-10-01 10:07:43,54200.0,1200.0,2200600.0
1833,2021-10-01 10:07:43,54200.0,200.0,2199400.0
1834,2021-10-01 10:07:35,54200.0,100.0,2199200.0
1835,2021-10-01 10:07:29,54200.0,100.0,2199100.0
1836,2021-10-01 10:07:14,54200.0,100.0,2199000.0
1837,2021-10-01 10:07:06,54200.0,100.0,2198900.0
1838,2021-10-01 10:07:06,54200.0,200.0,2198800.0
1839,2021-10-01 10:07:06,54200.0,200.0,2198600.0
1840,2021-10-01 10:07:01,54200.0,800.0,2198400.0
1841,2021-10-01 10:07:01,54200.0,200.0,2197600.0
1842,2021-10-01 10:06:58,54200.0,100.0,2197400.0
1843,2021-10-01 10:06:56,54200.0,200.0,2197300.0
1844,2021-10-01 10:06:56,54200.0,100.0,2197100.0
1845,2021-10-01 10:06:56,54200.0,100.0,2197000.0
1846,2021-10-01 10:06:52,54200.0,1000.0,2196900.0
1847,2021-10-01 10:06:33,54200.0,900.0,2195900.0
1848,2021-10-01 10:06:33,54200.0,100.0,2195000.0
1849,2021-10-01 10:06:26,54200.0,1000.0,2194900.0
1850,2021-10-01 10:06:15,54200.0,200.0,2193900.0
1851,2021-10-01 10:06:13,54200.0,200.0,2193700.0
1852,2021-10-01 10:06:13,54200.0,900.0,2193500.0
1853,2021-10-01 10:06:12,54200.0,100.0,2192600.0
1854,2021-10-01 10:06:12,54200.0,900.0,2192500.0
1855,2021-10-01 10:06:04,54200.0,100.0,2191600.0
1856,2021-10-01 10:06:03,54200.0,500.0,2191500.0
1857,2021-10-01 10:06:00,54200.0,200.0,2191000.0
1858,2021-10-01 10:05:56,54200.0,2000.0,2190800.0
1859,2021-10-01 10:05:50,54200.0,1300.0,2188800.0
1860,2021-10-01 10:05:50,54200.0,100.0,2187500.0
1861,2021-10-01 10:05:50,54200.0,600.0,2187400.0
1862,2021-10-01 10:05:46,54200.0,100.0,2186800.0
1863,2021-10-01 10:05:45,54200.0,300.0,2186700.0
1864,2021-10-01 10:05:45,54200.0,100.0,2186400.0
1865,2021-10-01 10:05:45,54200.0,2500.0,2186300.0
1866,2021-10-01 10:05:34,54200.0,700.0,2183800.0
1867,2021-10-01 10:05:26,54200.0,1000.0,2183100.0
1868,2021-10-01 10:05:24,54200.0,500.0,2182100.0
1869,2021-10-01 10:05:23,54200.0,100.0,2181600.0
1870,2021-10-01 10:05:17,54200.0,1000.0,2181500.0
1871,2021-10-01 10:05:17,54200.0,700.0,2180500.0
1872,2021-10-01 10:05:17,54200.0,100.0,2179800.0
1873,2021-10-01 10:05:17,54200.0,3400.0,2179700.0
1874,2021-10-01 10:05:01,54200.0,1000.0,2176300.0
1875,2021-10-01 10:04:48,54200.0,100.0,2175300.0
1876,2021-10-01 10:04:34,54200.0,500.0,2175200.0
1877,2021-10-01 10:04:34,54200.0,100.0,2174700.0
1878,2021-10-01 10:04:34,54200.0,1000.0,2174600.0
1879,2021-10-01 10:04:34,54200.0,400.0,2173600.0
1880,2021-10-01 10:04:31,54100.0,300.0,2173200.0
1881,2021-10-01 10:04:31,54100.0,1000.0,2172900.0
1882,2021-10-01 10:04:31,54100.0,100.0,2171900.0
1883,2021-10-01 10:04:31,54100.0,300.0,2171800.0
1884,2021-10-01 10:04:31,54100.0,100.0,2171500.0
1885,2021-10-01 10:04:31,54100.0,300.0,2171400.0
1886,2021-10-01 10:04:31,54100.0,300.0,2171100.0
1887,2021-10-01 10:04:31,54100.0,500.0,2170800.0
1888,2021-10-01 10:04:31,54100.0,1100.0,2170300.0
1889,2021-10-01 10:04:29,54200.0,100.0,2169200.0
1890,2021-10-01 10:04:29,54200.0,100.0,2169100.0
1891,2021-10-01 10:04:29,54200.0,500.0,2169000.0
1892,2021-10-01 10:04:27,54200.0,400.0,2168500.0
1893,2021-10-01 10:04:27,54200.0,1000.0,2168100.0
1894,2021-10-01 10:04:27,54200.0,100.0,2167100.0
1895,2021-10-01 10:04:27,54200.0,1500.0,2167000.0
1896,2021-10-01 10:04:27,54200.0,2500.0,2165500.0
1897,2021-10-01 10:04:27,54200.0,100.0,2163000.0
1898,2021-10-01 10:04:27,54200.0,2400.0,2162900.0
1899,2021-10-01 10:04:12,54200.0,500.0,2160500.0
1900,2021-10-01 10:04:06,54200.0,1000.0,2160000.0
1901,2021-10-01 10:04:03,54200.0,2000.0,2159000.0
1902,2021-10-01 10:04:03,54200.0,4100.0,2157000.0
1903,2021-10-01 10:04:00,54200.0,100.0,2152900.0
1904,2021-10-01 10:04:00,54200.0,3000.0,2152800.0
1905,2021-10-01 10:04:00,54200.0,500.0,2149800.0
1906,2021-10-01 10:04:00,54200.0,100.0,2149300.0
1907,2021-10-01 10:04:00,54200.0,200.0,2149200.0
1908,2021-10-01 10:03:59,54200.0,300.0,2149000.0
1909,2021-10-01 10:03:59,54200.0,200.0,2148700.0
1910,2021-10-01 10:03:56,54100.0,700.0,2148500.0
1911,2021-10-01 10:03:56,54200.0,100.0,2147800.0
1912,2021-10-01 10:03:53,54200.0,500.0,2147700.0
1913,2021-10-01 10:03:49,54200.0,400.0,2147200.0
1914,2021-10-01 10:03:49,54200.0,100.0,2146800.0
1915,2021-10-01 10:03:49,54200.0,4500.0,2146700.0
1916,2021-10-01 10:03:48,54200.0,100.0,2142200.0
1917,2021-10-01 10:03:44,54200.0,2000.0,2142100.0
1918,2021-10-01 10:03:44,54200.0,3400.0,2140100.0
1919,2021-10-01 10:03:44,54200.0,1000.0,2136700.0
1920,2021-10-01 10:03:44,54200.0,15000.0,2135700.0
1921,2021-10-01 10:03:44,54200.0,600.0,2120700.0
1922,2021-10-01 10:03:28,54200.0,500.0,2120100.0
1923,2021-10-01 10:03:16,54200.0,2000.0,2119600.0
1924,2021-10-01 10:03:10,54200.0,100.0,2117600.0
1925,2021-10-01 10:03:09,54200.0,300.0,2117500.0
1926,2021-10-01 10:03:00,54200.0,1000.0,2117200.0
1927,2021-10-01 10:02:58,54200.0,800.0,2116200.0
1928,2021-10-01 10:02:58,54200.0,100.0,2115400.0
1929,2021-10-01 10:02:58,54200.0,500.0,2115300.0
1930,2021-10-01 10:02:58,54200.0,1000.0,2114800.0
1931,2021-10-01 10:02:58,54200.0,400.0,2113800.0
1932,2021-10-01 10:02:58,54200.0,1100.0,2113400.0
1933,2021-10-01 10:02:58,54200.0,1000.0,2112300.0
1934,2021-10-01 10:02:58,54200.0,2000.0,2111300.0
1935,2021-10-01 10:02:58,54200.0,1900.0,2109300.0
1936,2021-10-01 10:02:58,54200.0,5000.0,2107400.0
1937,2021-10-01 10:02:58,54200.0,1000.0,2102400.0
1938,2021-10-01 10:02:58,54200.0,1400.0,2101400.0
1939,2021-10-01 10:02:58,54200.0,2900.0,2100000.0
1940,2021-10-01 10:02:49,54200.0,500.0,2097100.0
1941,2021-10-01 10:02:43,54200.0,1000.0,2096600.0
1942,2021-10-01 10:02:28,54200.0,1000.0,2095600.0
1943,2021-10-01 10:02:28,54200.0,100.0,2094600.0
1944,2021-10-01 10:02:20,54200.0,600.0,2094500.0
1945,2021-10-01 10:02:08,54200.0,700.0,2093900.0
1946,2021-10-01 10:02:05,54200.0,1100.0,2093200.0
1947,2021-10-01 10:01:55,54200.0,500.0,2092100.0
1948,2021-10-01 10:01:55,54200.0,100.0,2091600.0
1949,2021-10-01 10:01:55,54200.0,300.0,2091500.0
1950,2021-10-01 10:01:55,54200.0,100.0,2091200.0
1951,2021-10-01 10:01:55,54200.0,200.0,2091100.0
1952,2021-10-01 10:01:55,54200.0,500.0,2090900.0
1953,2021-10-01 10:01:55,54200.0,100.0,2090400.0
1954,2021-10-01 10:01:55,54200.0,1000.0,2090300.0
1955,2021-10-01 10:01:55,54200.0,100.0,2089300.0
1956,2021-10-01 10:01:55,54200.0,2000.0,2089200.0
1957,2021-10-01 10:01:55,54200.0,100.0,2087200.0
1958,2021-10-01 10:01:55,54200.0,200.0,2087100.0
1959,2021-10-01 10:01:55,54200.0,1000.0,2086900.0
1960,2021-10-01 10:01:55,54200.0,1600.0,2085900.0
1961,2021-10-01 10:01:55,54200.0,100.0,2084300.0
1962,2021-10-01 10:01:55,54200.0,200.0,2084200.0
1963,2021-10-01 10:01:55,54200.0,200.0,2084000.0
1964,2021-10-01 10:01:55,54200.0,200.0,2083800.0
1965,2021-10-01 10:01:55,54200.0,200.0,2083600.0
1966,2021-10-01 10:01:55,54200.0,100.0,2083400.0
1967,2021-10-01 10:01:55,54200.0,300.0,2083300.0
1968,2021-10-01 10:01:55,54200.0,3000.0,2083000.0
1969,2021-10-01 10:01:53,54200.0,500.0,2080000.0
1970,2021-10-01 10:01:51,54200.0,100.0,2079500.0
1971,2021-10-01 10:01:47,54200.0,200.0,2079400.0
1972,2021-10-01 10:01:46,54100.0,1500.0,2079200.0
1973,2021-10-01 10:01:42,54200.0,100.0,2077700.0
1974,2021-10-01 10:01:42,54200.0,1000.0,2077600.0
1975,2021-10-01 10:01:42,54200.0,500.0,2076600.0
1976,2021-10-01 10:01:42,54200.0,100.0,2076100.0
1977,2021-10-01 10:01:42,54200.0,100.0,2076000.0
1978,2021-10-01 10:01:42,54200.0,100.0,2075900.0
1979,2021-10-01 10:01:42,54200.0,200.0,2075800.0
1980,2021-10-01 10:01:42,54200.0,100.0,2075600.0
1981,2021-10-01 10:01:42,54200.0,300.0,2075500.0
1982,2021-10-01 10:01:42,54200.0,100.0,2075200.0
1983,2021-10-01 10:01:42,54200.0,200.0,2075100.0
1984,2021-10-01 10:01:42,54200.0,100.0,2074900.0
1985,2021-10-01 10:01:42,54200.0,100.0,2074800.0
1986,2021-10-01 10:01:41,54100.0,300.0,2074700.0
1987,2021-10-01 10:01:39,54100.0,100.0,2074400.0
1988,2021-10-01 10:01:39,54200.0,200.0,2074300.0
1989,2021-10-01 10:01:39,54200.0,300.0,2074100.0
1990,2021-10-01 10:01:39,54200.0,100.0,2073800.0
1991,2021-10-01 10:01:39,54200.0,300.0,2073700.0
1992,2021-10-01 10:01:39,54100.0,100.0,2073400.0
1993,2021-10-01 10:01:31,54200.0,600.0,2073300.0
1994,2021-10-01 10:01:31,54200.0,100.0,2072700.0
1995,2021-10-01 10:01:31,54200.0,100.0,2072600.0
1996,2021-10-01 10:01:31,54200.0,200.0,2072500.0
1997,2021-10-01 10:01:31,54200.0,100.0,2072300.0
1998,2021-10-01 10:01:31,54200.0,3000.0,2072200.0
1999,2021-10-01 10:01:31,54200.0,300.0,2069200.0
2000,2021-10-01 10:01:31,54200.0,300.0,2068900.0
2001,2021-10-01 10:01:31,54200.0,300.0,2068600.0
2002,2021-10-01 10:01:31,54200.0,1000.0,2068300.0
2003,2021-10-01 10:01:31,54200.0,100.0,2067300.0
2004,2021-10-01 10:01:31,54200.0,100.0,2067200.0
2005,2021-10-01 10:01:31,54200.0,8800.0,2067100.0
2006,2021-10-01 10:01:28,54100.0,1000.0,2058300.0
2007,2021-10-01 10:01:26,54200.0,200.0,2057300.0
2008,2021-10-01 10:01:24,54200.0,6000.0,2057100.0
2009,2021-10-01 10:01:24,54200.0,200.0,2051100.0
2010,2021-10-01 10:01:24,54200.0,200.0,2050900.0
2011,2021-10-01 10:01:24,54200.0,400.0,2050700.0
2012,2021-10-01 10:01:24,54200.0,100.0,2050300.0
2013,2021-10-01 10:01:24,54200.0,100.0,2050200.0
2014,2021-10-01 10:01:24,54200.0,1500.0,2050100.0
2015,2021-10-01 10:01:24,54200.0,2000.0,2048600.0
2016,2021-10-01 10:01:24,54200.0,1000.0,2046600.0
2017,2021-10-01 10:01:24,54200.0,4000.0,2045600.0
2018,2021-10-01 10:01:24,54200.0,1000.0,2041600.0
2019,2021-10-01 10:01:24,54200.0,1000.0,2040600.0
2020,2021-10-01 10:01:24,54200.0,100.0,2039600.0
2021,2021-10-01 10:01:24,54200.0,100.0,2039500.0
2022,2021-10-01 10:01:24,54200.0,1000.0,2039400.0
2023,2021-10-01 10:01:24,54200.0,100.0,2038400.0
2024,2021-10-01 10:01:24,54200.0,100.0,2038300.0
2025,2021-10-01 10:01:24,54200.0,100.0,2038200.0
2026,2021-10-01 10:01:24,54200.0,100.0,2038100.0
2027,2021-10-01 10:01:24,54200.0,100.0,2038000.0
2028,2021-10-01 10:01:24,54200.0,1000.0,2037900.0
2029,2021-10-01 10:01:24,54200.0,1000.0,2036900.0
2030,2021-10-01 10:01:24,54200.0,300.0,2035900.0
2031,2021-10-01 10:01:24,54200.0,100.0,2035600.0
2032,2021-10-01 10:01:24,54200.0,4800.0,2035500.0
2033,2021-10-01 10:01:24,54200.0,100.0,2030700.0
2034,2021-10-01 10:01:24,54200.0,100.0,2030600.0
2035,2021-10-01 10:01:24,54200.0,100.0,2030500.0
2036,2021-10-01 10:01:24,54200.0,100.0,2030400.0
2037,2021-10-01 10:01:24,54200.0,300.0,2030300.0
2038,2021-10-01 10:01:24,54200.0,1900.0,2030000.0
2039,2021-10-01 10:01:21,54200.0,3000.0,2028100.0
2040,2021-10-01 10:01:21,54100.0,1000.0,2025100.0
2041,2021-10-01 10:00:59,54100.0,1000.0,2024100.0
2042,2021-10-01 10:00:59,54100.0,400.0,2023100.0
2043,2021-10-01 10:00:59,54100.0,900.0,2022700.0
2044,2021-10-01 10:00:59,54100.0,5000.0,2021800.0
2045,2021-10-01 10:00:59,54100.0,500.0,2016800.0
2046,2021-10-01 10:00:59,54100.0,300.0,2016300.0
2047,2021-10-01 10:00:59,54100.0,500.0,2016000.0
2048,2021-10-01 10:00:59,54100.0,200.0,2015500.0
2049,2021-10-01 10:00:59,54100.0,200.0,2015300.0
2050,2021-10-01 10:00:59,54100.0,200.0,2015100.0
