,Time,Price,Volume_per_trade,Volume
0,2021-09-30 14:45:00,49950.0,900.0,403000.0
1,2021-09-30 14:45:00,49950.0,100.0,402100.0
2,2021-09-30 14:45:00,49950.0,100.0,402000.0
3,2021-09-30 14:45:00,49950.0,900.0,401900.0
4,2021-09-30 14:45:00,49950.0,200.0,401000.0
5,2021-09-30 14:45:00,49950.0,200.0,400800.0
6,2021-09-30 14:45:00,49950.0,100.0,400600.0
7,2021-09-30 14:45:00,49950.0,500.0,400500.0
8,2021-09-30 14:45:00,49950.0,200.0,400000.0
9,2021-09-30 14:45:00,49950.0,100.0,399800.0
10,2021-09-30 14:45:00,49950.0,500.0,399700.0
11,2021-09-30 14:45:00,49950.0,1000.0,399200.0
12,2021-09-30 14:45:00,49950.0,1000.0,398200.0
13,2021-09-30 14:45:00,49950.0,1000.0,397200.0
14,2021-09-30 14:45:00,49950.0,1500.0,396200.0
15,2021-09-30 14:45:00,49950.0,200.0,394700.0
16,2021-09-30 14:45:00,49950.0,300.0,394500.0
17,2021-09-30 14:45:00,49950.0,100.0,394200.0
18,2021-09-30 14:45:00,49950.0,100.0,394100.0
19,2021-09-30 14:29:46,50100.0,100.0,394000.0
20,2021-09-30 14:29:46,50100.0,200.0,393900.0
21,2021-09-30 14:29:46,50100.0,100.0,393700.0
22,2021-09-30 14:29:46,50100.0,300.0,393600.0
23,2021-09-30 14:29:46,50000.0,300.0,393300.0
24,2021-09-30 14:29:46,50000.0,2700.0,393000.0
25,2021-09-30 14:29:45,50000.0,500.0,390300.0
26,2021-09-30 14:29:43,50000.0,300.0,389800.0
27,2021-09-30 14:29:43,50000.0,100.0,389500.0
28,2021-09-30 14:29:43,50000.0,200.0,389400.0
29,2021-09-30 14:29:43,50000.0,100.0,389200.0
30,2021-09-30 14:29:29,50000.0,1500.0,389100.0
31,2021-09-30 14:28:51,50000.0,300.0,387600.0
32,2021-09-30 14:28:50,50100.0,200.0,387300.0
33,2021-09-30 14:28:00,50000.0,200.0,387100.0
34,2021-09-30 14:27:56,50100.0,100.0,386900.0
35,2021-09-30 14:27:45,50100.0,1400.0,386800.0
36,2021-09-30 14:27:45,50100.0,600.0,385400.0
37,2021-09-30 14:26:50,50000.0,900.0,384800.0
38,2021-09-30 14:26:35,49950.0,200.0,383900.0
39,2021-09-30 14:26:24,49950.0,100.0,383700.0
40,2021-09-30 14:26:21,50000.0,2000.0,383600.0
41,2021-09-30 14:26:20,50000.0,800.0,381600.0
42,2021-09-30 14:26:10,50000.0,100.0,380800.0
43,2021-09-30 14:25:52,49950.0,300.0,380700.0
44,2021-09-30 14:25:17,49950.0,200.0,380400.0
45,2021-09-30 14:25:16,49950.0,200.0,380200.0
46,2021-09-30 14:25:16,49950.0,100.0,380000.0
47,2021-09-30 14:24:48,49950.0,100.0,379900.0
48,2021-09-30 14:24:39,50000.0,100.0,379800.0
49,2021-09-30 14:24:39,50000.0,1100.0,379700.0
50,2021-09-30 14:24:27,50000.0,400.0,378600.0
51,2021-09-30 14:24:16,50000.0,3500.0,378200.0
52,2021-09-30 14:23:54,50000.0,100.0,374700.0
53,2021-09-30 14:23:54,50000.0,200.0,374600.0
54,2021-09-30 14:23:54,50000.0,300.0,374400.0
55,2021-09-30 14:23:54,50000.0,700.0,374100.0
56,2021-09-30 14:23:54,50000.0,700.0,373400.0
57,2021-09-30 14:23:54,50000.0,100.0,372700.0
58,2021-09-30 14:23:54,50000.0,4400.0,372600.0
59,2021-09-30 14:23:26,50000.0,200.0,368200.0
60,2021-09-30 14:23:12,50000.0,100.0,368000.0
61,2021-09-30 14:21:37,50000.0,100.0,367900.0
62,2021-09-30 14:20:01,50000.0,100.0,367800.0
63,2021-09-30 14:18:26,50000.0,100.0,367700.0
64,2021-09-30 14:16:49,50000.0,100.0,367600.0
65,2021-09-30 14:15:27,50000.0,100.0,367500.0
66,2021-09-30 14:15:27,50000.0,1400.0,367400.0
67,2021-09-30 14:15:13,50000.0,100.0,366000.0
68,2021-09-30 14:14:13,50000.0,500.0,365900.0
69,2021-09-30 14:14:13,50000.0,400.0,365400.0
70,2021-09-30 14:13:37,50000.0,100.0,365000.0
71,2021-09-30 14:12:55,50000.0,1500.0,364900.0
72,2021-09-30 14:12:45,50000.0,200.0,363400.0
73,2021-09-30 14:12:31,50000.0,500.0,363200.0
74,2021-09-30 14:12:31,50000.0,600.0,362700.0
75,2021-09-30 14:12:31,50000.0,1000.0,362100.0
76,2021-09-30 14:12:31,50000.0,2000.0,361100.0
77,2021-09-30 14:12:31,50000.0,4200.0,359100.0
78,2021-09-30 14:12:13,50000.0,1000.0,354900.0
79,2021-09-30 14:12:02,50000.0,100.0,353900.0
80,2021-09-30 14:10:26,50000.0,100.0,353800.0
81,2021-09-30 14:09:26,50000.0,1300.0,353700.0
82,2021-09-30 14:08:50,50000.0,100.0,352400.0
83,2021-09-30 14:08:46,50000.0,700.0,352300.0
84,2021-09-30 14:08:31,50000.0,300.0,351600.0
85,2021-09-30 14:08:31,50000.0,700.0,351300.0
86,2021-09-30 14:08:23,50000.0,100.0,350600.0
87,2021-09-30 14:08:15,50000.0,100.0,350500.0
88,2021-09-30 14:07:14,49950.0,100.0,350400.0
89,2021-09-30 14:07:13,50000.0,500.0,350300.0
90,2021-09-30 14:06:52,50000.0,200.0,349800.0
91,2021-09-30 14:06:52,50000.0,200.0,349600.0
92,2021-09-30 14:06:52,50000.0,100.0,349400.0
93,2021-09-30 14:06:52,50000.0,200.0,349300.0
94,2021-09-30 14:06:52,50000.0,100.0,349100.0
95,2021-09-30 14:06:52,50000.0,100.0,349000.0
96,2021-09-30 14:06:52,50000.0,500.0,348900.0
97,2021-09-30 14:06:52,50000.0,200.0,348400.0
98,2021-09-30 14:06:52,50000.0,200.0,348200.0
99,2021-09-30 14:06:52,50000.0,200.0,348000.0
100,2021-09-30 14:06:52,50000.0,500.0,347800.0
101,2021-09-30 14:06:52,50000.0,200.0,347300.0
102,2021-09-30 14:06:52,50000.0,200.0,347100.0
103,2021-09-30 14:06:52,50000.0,100.0,346900.0
104,2021-09-30 14:06:52,50000.0,1000.0,346800.0
105,2021-09-30 14:06:52,50000.0,600.0,345800.0
106,2021-09-30 14:06:52,50000.0,1000.0,345200.0
107,2021-09-30 14:06:52,50000.0,1000.0,344200.0
108,2021-09-30 14:06:52,50100.0,100.0,343200.0
109,2021-09-30 14:06:52,50100.0,500.0,343100.0
110,2021-09-30 14:06:52,50100.0,5000.0,342600.0
111,2021-09-30 14:06:52,50100.0,900.0,337600.0
112,2021-09-30 14:06:52,50100.0,100.0,336700.0
113,2021-09-30 14:06:52,50100.0,100.0,336600.0
114,2021-09-30 14:06:52,50100.0,100.0,336500.0
115,2021-09-30 14:06:52,50100.0,1000.0,336400.0
116,2021-09-30 14:06:52,50100.0,5000.0,335400.0
117,2021-09-30 14:06:52,50100.0,200.0,330400.0
118,2021-09-30 14:06:21,50100.0,1000.0,330200.0
119,2021-09-30 14:06:12,50100.0,1500.0,329200.0
120,2021-09-30 14:06:00,50100.0,1000.0,327700.0
121,2021-09-30 14:05:38,50100.0,100.0,326700.0
122,2021-09-30 14:05:13,50200.0,100.0,326600.0
123,2021-09-30 14:05:13,50200.0,100.0,326500.0
124,2021-09-30 14:05:13,50200.0,100.0,326400.0
125,2021-09-30 14:05:13,50200.0,100.0,326300.0
126,2021-09-30 14:04:59,50200.0,1000.0,326200.0
127,2021-09-30 14:04:55,50200.0,200.0,325200.0
128,2021-09-30 14:04:04,50200.0,200.0,325000.0
129,2021-09-30 14:02:53,50200.0,100.0,324800.0
130,2021-09-30 14:02:27,50200.0,100.0,324700.0
131,2021-09-30 14:02:21,50200.0,100.0,324600.0
132,2021-09-30 14:00:51,50200.0,100.0,324500.0
133,2021-09-30 13:59:48,50200.0,100.0,324400.0
134,2021-09-30 13:59:37,50100.0,200.0,324300.0
135,2021-09-30 13:59:22,50100.0,200.0,324100.0
136,2021-09-30 13:59:15,50100.0,100.0,323900.0
137,2021-09-30 13:57:39,50100.0,100.0,323800.0
138,2021-09-30 13:57:09,50200.0,700.0,323700.0
139,2021-09-30 13:57:09,50200.0,400.0,323000.0
140,2021-09-30 13:57:09,50200.0,600.0,322600.0
141,2021-09-30 13:56:43,50100.0,400.0,322000.0
142,2021-09-30 13:56:03,50100.0,100.0,321600.0
143,2021-09-30 13:55:00,50200.0,300.0,321500.0
144,2021-09-30 13:54:27,50100.0,100.0,321200.0
145,2021-09-30 13:53:31,50200.0,300.0,321100.0
146,2021-09-30 13:52:52,50200.0,200.0,320800.0
147,2021-09-30 13:51:16,50100.0,100.0,320600.0
148,2021-09-30 13:51:08,50100.0,400.0,320500.0
149,2021-09-30 13:51:08,50100.0,500.0,320100.0
150,2021-09-30 13:51:08,50200.0,100.0,319600.0
151,2021-09-30 13:49:41,50100.0,100.0,319500.0
152,2021-09-30 13:49:03,50100.0,200.0,319400.0
153,2021-09-30 13:48:04,50100.0,100.0,319200.0
154,2021-09-30 13:47:59,50100.0,1600.0,319100.0
155,2021-09-30 13:46:28,50100.0,100.0,317500.0
156,2021-09-30 13:45:52,50200.0,100.0,317400.0
157,2021-09-30 13:45:46,50200.0,300.0,317300.0
158,2021-09-30 13:44:52,50200.0,100.0,317000.0
159,2021-09-30 13:44:16,50200.0,200.0,316900.0
160,2021-09-30 13:44:00,50200.0,1400.0,316700.0
161,2021-09-30 13:44:00,50200.0,300.0,315300.0
162,2021-09-30 13:43:56,50200.0,300.0,315000.0
163,2021-09-30 13:43:56,50200.0,400.0,314700.0
164,2021-09-30 13:43:17,50200.0,100.0,314300.0
165,2021-09-30 13:42:27,50300.0,1000.0,314200.0
166,2021-09-30 13:42:27,50300.0,100.0,313200.0
167,2021-09-30 13:42:27,50300.0,600.0,313100.0
168,2021-09-30 13:42:27,50300.0,500.0,312500.0
169,2021-09-30 13:42:27,50300.0,3000.0,312000.0
170,2021-09-30 13:42:27,50300.0,300.0,309000.0
171,2021-09-30 13:42:27,50300.0,2900.0,308700.0
172,2021-09-30 13:41:41,50300.0,200.0,305800.0
173,2021-09-30 13:40:05,50300.0,100.0,305600.0
174,2021-09-30 13:39:56,50400.0,500.0,305500.0
175,2021-09-30 13:39:25,50400.0,2800.0,305000.0
176,2021-09-30 13:39:25,50400.0,200.0,302200.0
177,2021-09-30 13:38:29,50300.0,100.0,302000.0
178,2021-09-30 13:36:53,50300.0,100.0,301900.0
179,2021-09-30 13:35:17,50300.0,100.0,301800.0
180,2021-09-30 13:35:12,50400.0,2000.0,301700.0
181,2021-09-30 13:33:44,50300.0,100.0,299700.0
182,2021-09-30 13:33:32,50300.0,500.0,299600.0
183,2021-09-30 13:32:11,50300.0,900.0,299100.0
184,2021-09-30 13:32:06,50100.0,100.0,298200.0
185,2021-09-30 13:31:57,50300.0,1000.0,298100.0
186,2021-09-30 13:31:46,50300.0,100.0,297100.0
187,2021-09-30 13:31:46,50300.0,2000.0,297000.0
188,2021-09-30 13:31:46,50300.0,500.0,295000.0
189,2021-09-30 13:31:46,50300.0,100.0,294500.0
190,2021-09-30 13:31:46,50300.0,4800.0,294400.0
191,2021-09-30 13:31:46,50200.0,2000.0,289600.0
192,2021-09-30 13:31:46,50200.0,100.0,287600.0
193,2021-09-30 13:31:46,50200.0,400.0,287500.0
194,2021-09-30 13:30:30,50100.0,200.0,287100.0
195,2021-09-30 13:28:54,50100.0,100.0,286900.0
196,2021-09-30 13:27:18,50100.0,100.0,286800.0
197,2021-09-30 13:25:51,50200.0,600.0,286700.0
198,2021-09-30 13:25:48,50200.0,400.0,286100.0
199,2021-09-30 13:25:48,50200.0,500.0,285700.0
200,2021-09-30 13:25:42,50200.0,100.0,285200.0
201,2021-09-30 13:24:06,50200.0,100.0,285100.0
202,2021-09-30 13:23:13,50200.0,300.0,285000.0
203,2021-09-30 13:22:31,50100.0,100.0,284700.0
204,2021-09-30 13:22:29,50200.0,500.0,284600.0
205,2021-09-30 13:22:02,50200.0,100.0,284100.0
206,2021-09-30 13:21:05,50200.0,300.0,284000.0
207,2021-09-30 13:20:55,50100.0,100.0,283700.0
208,2021-09-30 13:20:44,50200.0,100.0,283600.0
209,2021-09-30 13:20:44,50200.0,200.0,283500.0
210,2021-09-30 13:20:39,50200.0,100.0,283300.0
211,2021-09-30 13:19:19,50100.0,100.0,283200.0
212,2021-09-30 13:17:43,50100.0,200.0,283100.0
213,2021-09-30 13:16:07,50100.0,100.0,282900.0
214,2021-09-30 13:15:57,50100.0,100.0,282800.0
215,2021-09-30 13:14:44,50100.0,100.0,282700.0
216,2021-09-30 13:13:40,50100.0,100.0,282600.0
217,2021-09-30 13:12:56,50100.0,100.0,282500.0
218,2021-09-30 13:12:33,50100.0,1400.0,282400.0
219,2021-09-30 13:12:33,50100.0,600.0,281000.0
220,2021-09-30 13:12:06,50100.0,1400.0,280400.0
221,2021-09-30 13:12:06,50100.0,200.0,279000.0
222,2021-09-30 13:12:06,50100.0,400.0,278800.0
223,2021-09-30 13:11:20,50100.0,100.0,278400.0
224,2021-09-30 13:09:48,50100.0,400.0,278300.0
225,2021-09-30 13:09:44,50100.0,100.0,277900.0
226,2021-09-30 13:09:07,50100.0,100.0,277800.0
227,2021-09-30 13:08:08,50100.0,100.0,277700.0
228,2021-09-30 13:07:40,50100.0,300.0,277600.0
229,2021-09-30 13:06:32,50000.0,200.0,277300.0
230,2021-09-30 13:06:23,50100.0,100.0,277100.0
231,2021-09-30 13:06:20,50100.0,100.0,277000.0
232,2021-09-30 13:06:06,50100.0,500.0,276900.0
233,2021-09-30 13:05:49,50100.0,1000.0,276400.0
234,2021-09-30 13:04:56,50000.0,100.0,275400.0
235,2021-09-30 13:04:04,50100.0,1000.0,275300.0
236,2021-09-30 13:04:04,50100.0,1000.0,274300.0
237,2021-09-30 13:03:45,50000.0,100.0,273300.0
238,2021-09-30 13:03:45,50000.0,100.0,273200.0
239,2021-09-30 13:03:45,50000.0,600.0,273100.0
240,2021-09-30 13:03:35,50000.0,100.0,272500.0
241,2021-09-30 13:03:21,49950.0,100.0,272400.0
242,2021-09-30 13:01:45,49950.0,100.0,272300.0
243,2021-09-30 13:01:43,50000.0,100.0,272200.0
244,2021-09-30 13:00:39,50000.0,200.0,272100.0
245,2021-09-30 13:00:13,50000.0,100.0,271900.0
246,2021-09-30 13:00:09,49950.0,100.0,271800.0
247,2021-09-30 13:00:08,50000.0,100.0,271700.0
248,2021-09-30 13:00:01,50000.0,300.0,271600.0
249,2021-09-30 11:29:47,50000.0,300.0,271300.0
250,2021-09-30 11:29:14,50000.0,400.0,271000.0
251,2021-09-30 11:29:14,50000.0,500.0,270600.0
252,2021-09-30 11:29:14,50000.0,300.0,270100.0
253,2021-09-30 11:28:33,50000.0,100.0,269800.0
254,2021-09-30 11:28:12,50000.0,300.0,269700.0
255,2021-09-30 11:26:58,50000.0,100.0,269400.0
256,2021-09-30 11:25:21,50000.0,200.0,269300.0
257,2021-09-30 11:23:46,50000.0,100.0,269100.0
258,2021-09-30 11:23:38,50000.0,300.0,269000.0
259,2021-09-30 11:23:38,50000.0,200.0,268700.0
260,2021-09-30 11:23:38,50000.0,100.0,268500.0
261,2021-09-30 11:23:38,50000.0,400.0,268400.0
262,2021-09-30 11:23:38,50000.0,100.0,268000.0
263,2021-09-30 11:23:38,50000.0,100.0,267900.0
264,2021-09-30 11:23:38,50000.0,100.0,267800.0
265,2021-09-30 11:23:38,50000.0,500.0,267700.0
266,2021-09-30 11:23:38,50000.0,100.0,267200.0
267,2021-09-30 11:23:38,50000.0,100.0,267100.0
268,2021-09-30 11:23:38,50000.0,200.0,267000.0
269,2021-09-30 11:23:38,50000.0,600.0,266800.0
270,2021-09-30 11:23:38,50000.0,500.0,266200.0
271,2021-09-30 11:23:38,50000.0,1000.0,265700.0
272,2021-09-30 11:23:38,50000.0,200.0,264700.0
273,2021-09-30 11:23:38,50000.0,200.0,264500.0
274,2021-09-30 11:23:38,50000.0,300.0,264300.0
275,2021-09-30 11:22:53,50000.0,200.0,264000.0
276,2021-09-30 11:22:53,50000.0,100.0,263800.0
277,2021-09-30 11:22:53,50000.0,200.0,263700.0
278,2021-09-30 11:22:53,50000.0,100.0,263500.0
279,2021-09-30 11:22:10,50000.0,100.0,263400.0
280,2021-09-30 11:20:34,50000.0,100.0,263300.0
281,2021-09-30 11:18:58,50000.0,100.0,263200.0
282,2021-09-30 11:17:22,50000.0,100.0,263100.0
283,2021-09-30 11:17:16,50000.0,400.0,263000.0
284,2021-09-30 11:17:16,50000.0,100.0,262600.0
285,2021-09-30 11:17:16,50000.0,300.0,262500.0
286,2021-09-30 11:17:16,50000.0,100.0,262200.0
287,2021-09-30 11:17:16,50000.0,100.0,262100.0
288,2021-09-30 11:17:06,50000.0,100.0,262000.0
289,2021-09-30 11:17:06,50000.0,100.0,261900.0
290,2021-09-30 11:17:06,50000.0,200.0,261800.0
291,2021-09-30 11:17:06,50000.0,500.0,261600.0
292,2021-09-30 11:17:06,50000.0,100.0,261100.0
293,2021-09-30 11:16:38,50000.0,400.0,261000.0
294,2021-09-30 11:16:38,50000.0,200.0,260600.0
295,2021-09-30 11:16:38,50000.0,500.0,260400.0
296,2021-09-30 11:16:38,50000.0,200.0,259900.0
297,2021-09-30 11:16:38,50000.0,200.0,259700.0
298,2021-09-30 11:16:38,50000.0,1000.0,259500.0
299,2021-09-30 11:16:38,50000.0,300.0,258500.0
300,2021-09-30 11:16:38,50000.0,200.0,258200.0
301,2021-09-30 11:16:38,50000.0,100.0,258000.0
302,2021-09-30 11:16:38,50000.0,200.0,257900.0
303,2021-09-30 11:16:38,50000.0,200.0,257700.0
304,2021-09-30 11:16:38,50000.0,100.0,257500.0
305,2021-09-30 11:16:38,50000.0,500.0,257400.0
306,2021-09-30 11:16:38,50000.0,200.0,256900.0
307,2021-09-30 11:16:38,50000.0,500.0,256700.0
308,2021-09-30 11:16:38,50000.0,200.0,256200.0
309,2021-09-30 11:16:38,50000.0,200.0,256000.0
310,2021-09-30 11:16:38,50000.0,1400.0,255800.0
311,2021-09-30 11:16:38,50000.0,100.0,254400.0
312,2021-09-30 11:16:38,50000.0,300.0,254300.0
313,2021-09-30 11:15:46,50000.0,100.0,254000.0
314,2021-09-30 11:15:26,50000.0,300.0,253900.0
315,2021-09-30 11:14:55,50000.0,1000.0,253600.0
316,2021-09-30 11:14:10,50000.0,200.0,252600.0
317,2021-09-30 11:12:35,50000.0,100.0,252400.0
318,2021-09-30 11:11:35,50100.0,400.0,252300.0
319,2021-09-30 11:11:35,50100.0,4400.0,251900.0
320,2021-09-30 11:11:35,50100.0,200.0,247500.0
321,2021-09-30 11:11:35,50100.0,200.0,247300.0
322,2021-09-30 11:11:35,50100.0,500.0,247100.0
323,2021-09-30 11:11:35,50100.0,100.0,246600.0
324,2021-09-30 11:11:35,50100.0,400.0,246500.0
325,2021-09-30 11:11:35,50100.0,500.0,246100.0
326,2021-09-30 11:10:59,50100.0,100.0,245600.0
327,2021-09-30 11:09:23,50100.0,100.0,245500.0
328,2021-09-30 11:07:47,50100.0,100.0,245400.0
329,2021-09-30 11:06:37,50100.0,500.0,245300.0
330,2021-09-30 11:06:11,50100.0,100.0,244800.0
331,2021-09-30 11:05:46,50200.0,100.0,244700.0
332,2021-09-30 11:04:53,50100.0,200.0,244600.0
333,2021-09-30 11:04:35,50100.0,100.0,244400.0
334,2021-09-30 11:04:03,50200.0,100.0,244300.0
335,2021-09-30 11:03:58,50100.0,1300.0,244200.0
336,2021-09-30 11:03:58,50100.0,1000.0,242900.0
337,2021-09-30 11:03:58,50100.0,200.0,241900.0
338,2021-09-30 11:03:58,50100.0,200.0,241700.0
339,2021-09-30 11:03:58,50100.0,400.0,241500.0
340,2021-09-30 11:03:58,50100.0,1000.0,241100.0
341,2021-09-30 11:03:58,50100.0,900.0,240100.0
342,2021-09-30 11:03:51,50100.0,100.0,239200.0
343,2021-09-30 11:03:09,50200.0,500.0,239100.0
344,2021-09-30 11:03:09,50200.0,100.0,238600.0
345,2021-09-30 11:03:09,50200.0,400.0,238500.0
346,2021-09-30 11:03:09,50200.0,200.0,238100.0
347,2021-09-30 11:03:09,50200.0,200.0,237900.0
348,2021-09-30 11:03:09,50200.0,100.0,237700.0
349,2021-09-30 11:03:09,50200.0,100.0,237600.0
350,2021-09-30 11:03:09,50200.0,500.0,237500.0
351,2021-09-30 11:03:09,50200.0,100.0,237000.0
352,2021-09-30 11:03:09,50200.0,500.0,236900.0
353,2021-09-30 11:03:09,50200.0,200.0,236400.0
354,2021-09-30 11:03:09,50200.0,200.0,236200.0
355,2021-09-30 11:03:09,50200.0,800.0,236000.0
356,2021-09-30 11:03:09,50200.0,300.0,235200.0
357,2021-09-30 11:03:09,50200.0,300.0,234900.0
358,2021-09-30 11:03:00,50200.0,100.0,234600.0
359,2021-09-30 11:01:24,50200.0,100.0,234500.0
360,2021-09-30 11:01:24,50200.0,100.0,234400.0
361,2021-09-30 10:59:48,50200.0,100.0,234300.0
362,2021-09-30 10:58:12,50200.0,100.0,234200.0
363,2021-09-30 10:56:36,50200.0,100.0,234100.0
364,2021-09-30 10:55:00,50200.0,100.0,234000.0
365,2021-09-30 10:54:08,50200.0,200.0,233900.0
366,2021-09-30 10:54:08,50200.0,4000.0,233700.0
367,2021-09-30 10:54:08,50200.0,500.0,229700.0
368,2021-09-30 10:54:08,50200.0,300.0,229200.0
369,2021-09-30 10:54:00,50200.0,1000.0,228900.0
370,2021-09-30 10:53:26,50200.0,700.0,227900.0
371,2021-09-30 10:53:26,50200.0,100.0,227200.0
372,2021-09-30 10:53:26,50200.0,100.0,227100.0
373,2021-09-30 10:53:26,50200.0,1100.0,227000.0
374,2021-09-30 10:53:25,50200.0,100.0,225900.0
375,2021-09-30 10:53:07,50200.0,100.0,225800.0
376,2021-09-30 10:51:49,50200.0,100.0,225700.0
377,2021-09-30 10:51:27,50200.0,1600.0,225600.0
378,2021-09-30 10:51:27,50200.0,100.0,224000.0
379,2021-09-30 10:51:27,50200.0,100.0,223900.0
380,2021-09-30 10:51:00,50200.0,500.0,223800.0
381,2021-09-30 10:50:13,50200.0,200.0,223300.0
382,2021-09-30 10:48:56,50200.0,200.0,223100.0
383,2021-09-30 10:48:56,50200.0,300.0,222900.0
384,2021-09-30 10:48:37,50200.0,100.0,222600.0
385,2021-09-30 10:47:03,50200.0,400.0,222500.0
386,2021-09-30 10:47:01,50200.0,100.0,222100.0
387,2021-09-30 10:46:02,50300.0,200.0,222000.0
388,2021-09-30 10:45:42,50300.0,1000.0,221800.0
389,2021-09-30 10:45:42,50300.0,500.0,220800.0
390,2021-09-30 10:45:42,50300.0,300.0,220300.0
391,2021-09-30 10:45:42,50300.0,600.0,220000.0
392,2021-09-30 10:45:42,50300.0,300.0,219400.0
393,2021-09-30 10:45:42,50300.0,400.0,219100.0
394,2021-09-30 10:45:42,50300.0,18000.0,218700.0
395,2021-09-30 10:45:42,50300.0,3900.0,200700.0
396,2021-09-30 10:45:25,50300.0,100.0,196800.0
397,2021-09-30 10:45:09,50400.0,1000.0,196700.0
398,2021-09-30 10:45:09,50400.0,900.0,195700.0
399,2021-09-30 10:45:09,50400.0,100.0,194800.0
400,2021-09-30 10:45:09,50400.0,1000.0,194700.0
401,2021-09-30 10:45:09,50400.0,200.0,193700.0
402,2021-09-30 10:45:09,50400.0,4600.0,193500.0
403,2021-09-30 10:44:08,50400.0,400.0,188900.0
404,2021-09-30 10:44:06,50400.0,5000.0,188500.0
405,2021-09-30 10:43:50,50400.0,100.0,183500.0
406,2021-09-30 10:42:17,50500.0,200.0,183400.0
407,2021-09-30 10:42:14,50400.0,100.0,183200.0
408,2021-09-30 10:42:09,50500.0,1000.0,183100.0
409,2021-09-30 10:42:09,50500.0,400.0,182100.0
410,2021-09-30 10:42:09,50500.0,100.0,181700.0
411,2021-09-30 10:42:09,50500.0,4600.0,181600.0
412,2021-09-30 10:42:08,50600.0,200.0,177000.0
413,2021-09-30 10:40:48,50500.0,2000.0,176800.0
414,2021-09-30 10:40:42,50500.0,300.0,174800.0
415,2021-09-30 10:40:38,50500.0,100.0,174500.0
416,2021-09-30 10:40:36,50500.0,1000.0,174400.0
417,2021-09-30 10:40:36,50500.0,2000.0,173400.0
418,2021-09-30 10:39:57,50500.0,100.0,171400.0
419,2021-09-30 10:39:23,50400.0,100.0,171300.0
420,2021-09-30 10:39:23,50400.0,200.0,171200.0
421,2021-09-30 10:39:23,50400.0,400.0,171000.0
422,2021-09-30 10:39:23,50400.0,300.0,170600.0
423,2021-09-30 10:39:02,50400.0,200.0,170300.0
424,2021-09-30 10:38:50,50500.0,100.0,170100.0
425,2021-09-30 10:38:44,50500.0,100.0,170000.0
426,2021-09-30 10:38:44,50500.0,400.0,169900.0
427,2021-09-30 10:38:38,50500.0,100.0,169500.0
428,2021-09-30 10:38:38,50500.0,500.0,169400.0
429,2021-09-30 10:38:38,50500.0,100.0,168900.0
430,2021-09-30 10:38:38,50500.0,100.0,168800.0
431,2021-09-30 10:38:38,50500.0,200.0,168700.0
432,2021-09-30 10:37:57,50400.0,500.0,168500.0
433,2021-09-30 10:37:47,50400.0,300.0,168000.0
434,2021-09-30 10:37:26,50400.0,100.0,167700.0
435,2021-09-30 10:35:50,50400.0,100.0,167600.0
436,2021-09-30 10:35:04,50500.0,500.0,167500.0
437,2021-09-30 10:34:21,50500.0,300.0,167000.0
438,2021-09-30 10:34:14,50500.0,100.0,166700.0
439,2021-09-30 10:34:02,50500.0,9600.0,166600.0
440,2021-09-30 10:32:59,50500.0,400.0,157000.0
441,2021-09-30 10:32:39,50500.0,100.0,156600.0
442,2021-09-30 10:32:19,50500.0,6000.0,156500.0
443,2021-09-30 10:32:19,50500.0,500.0,150500.0
444,2021-09-30 10:31:41,50500.0,100.0,150000.0
445,2021-09-30 10:31:24,50500.0,100.0,149900.0
446,2021-09-30 10:31:24,50500.0,200.0,149800.0
447,2021-09-30 10:31:24,50500.0,300.0,149600.0
448,2021-09-30 10:31:24,50500.0,200.0,149300.0
449,2021-09-30 10:31:24,50500.0,1000.0,149100.0
450,2021-09-30 10:31:24,50500.0,500.0,148100.0
451,2021-09-30 10:31:03,50400.0,100.0,147600.0
452,2021-09-30 10:31:03,50400.0,600.0,147500.0
453,2021-09-30 10:31:03,50400.0,200.0,146900.0
454,2021-09-30 10:29:27,50300.0,100.0,146700.0
455,2021-09-30 10:28:32,50300.0,200.0,146600.0
456,2021-09-30 10:28:00,50300.0,300.0,146400.0
457,2021-09-30 10:27:52,50200.0,100.0,146100.0
458,2021-09-30 10:27:52,50200.0,100.0,146000.0
459,2021-09-30 10:27:49,50300.0,200.0,145900.0
460,2021-09-30 10:27:49,50300.0,800.0,145700.0
461,2021-09-30 10:27:31,50300.0,100.0,144900.0
462,2021-09-30 10:27:31,50300.0,100.0,144800.0
463,2021-09-30 10:27:31,50300.0,100.0,144700.0
464,2021-09-30 10:27:31,50300.0,1000.0,144600.0
465,2021-09-30 10:27:14,50300.0,100.0,143600.0
466,2021-09-30 10:26:15,50300.0,100.0,143500.0
467,2021-09-30 10:25:24,50400.0,700.0,143400.0
468,2021-09-30 10:25:24,50400.0,300.0,142700.0
469,2021-09-30 10:24:46,50300.0,200.0,142400.0
470,2021-09-30 10:24:39,50200.0,100.0,142200.0
471,2021-09-30 10:23:52,50200.0,100.0,142100.0
472,2021-09-30 10:23:24,50200.0,200.0,142000.0
473,2021-09-30 10:23:24,50200.0,400.0,141800.0
474,2021-09-30 10:23:24,50200.0,200.0,141400.0
475,2021-09-30 10:23:24,50200.0,200.0,141200.0
476,2021-09-30 10:23:04,50200.0,100.0,141000.0
477,2021-09-30 10:23:01,50300.0,300.0,140900.0
478,2021-09-30 10:22:46,50300.0,500.0,140600.0
479,2021-09-30 10:22:14,50300.0,100.0,140100.0
480,2021-09-30 10:22:14,50300.0,100.0,140000.0
481,2021-09-30 10:22:12,50300.0,100.0,139900.0
482,2021-09-30 10:22:11,50300.0,100.0,139800.0
483,2021-09-30 10:22:11,50300.0,100.0,139700.0
484,2021-09-30 10:22:03,50300.0,100.0,139600.0
485,2021-09-30 10:21:37,50300.0,300.0,139500.0
486,2021-09-30 10:21:37,50300.0,1000.0,139200.0
487,2021-09-30 10:21:37,50300.0,1000.0,138200.0
488,2021-09-30 10:21:37,50300.0,700.0,137200.0
489,2021-09-30 10:21:28,50300.0,100.0,136500.0
490,2021-09-30 10:20:18,50300.0,200.0,136400.0
491,2021-09-30 10:20:18,50300.0,200.0,136200.0
492,2021-09-30 10:20:18,50300.0,600.0,136000.0
493,2021-09-30 10:19:52,50300.0,100.0,135400.0
494,2021-09-30 10:19:41,50300.0,100.0,135300.0
495,2021-09-30 10:19:41,50300.0,200.0,135200.0
496,2021-09-30 10:19:41,50300.0,200.0,135000.0
497,2021-09-30 10:18:16,50300.0,100.0,134800.0
498,2021-09-30 10:16:40,50300.0,100.0,134700.0
499,2021-09-30 10:16:39,50300.0,100.0,134600.0
500,2021-09-30 10:16:39,50300.0,200.0,134500.0
501,2021-09-30 10:16:39,50300.0,100.0,134300.0
502,2021-09-30 10:16:39,50300.0,100.0,134200.0
503,2021-09-30 10:16:39,50300.0,200.0,134100.0
504,2021-09-30 10:16:39,50300.0,300.0,133900.0
505,2021-09-30 10:16:17,50300.0,100.0,133600.0
506,2021-09-30 10:15:39,50400.0,200.0,133500.0
507,2021-09-30 10:15:33,50400.0,1000.0,133300.0
508,2021-09-30 10:15:12,50500.0,100.0,132300.0
509,2021-09-30 10:15:05,50400.0,200.0,132200.0
510,2021-09-30 10:14:52,50400.0,600.0,132000.0
511,2021-09-30 10:14:24,50400.0,400.0,131400.0
512,2021-09-30 10:14:24,50400.0,600.0,131000.0
513,2021-09-30 10:13:29,50300.0,100.0,130400.0
514,2021-09-30 10:13:26,50400.0,100.0,130300.0
515,2021-09-30 10:13:26,50400.0,100.0,130200.0
516,2021-09-30 10:13:26,50400.0,2000.0,130100.0
517,2021-09-30 10:13:26,50400.0,400.0,128100.0
518,2021-09-30 10:13:26,50400.0,500.0,127700.0
519,2021-09-30 10:13:26,50400.0,200.0,127200.0
520,2021-09-30 10:13:26,50400.0,400.0,127000.0
521,2021-09-30 10:13:26,50400.0,300.0,126600.0
522,2021-09-30 10:11:53,50400.0,100.0,126300.0
523,2021-09-30 10:11:45,50400.0,100.0,126200.0
524,2021-09-30 10:11:45,50400.0,200.0,126100.0
525,2021-09-30 10:11:45,50400.0,1700.0,125900.0
526,2021-09-30 10:11:34,50400.0,3300.0,124200.0
527,2021-09-30 10:11:34,50400.0,100.0,120900.0
528,2021-09-30 10:11:34,50400.0,100.0,120800.0
529,2021-09-30 10:11:34,50400.0,200.0,120700.0
530,2021-09-30 10:11:34,50400.0,500.0,120500.0
531,2021-09-30 10:11:34,50400.0,100.0,120000.0
532,2021-09-30 10:11:34,50400.0,500.0,119900.0
533,2021-09-30 10:11:34,50400.0,700.0,119400.0
534,2021-09-30 10:11:34,50500.0,200.0,118700.0
535,2021-09-30 10:11:34,50500.0,300.0,118500.0
536,2021-09-30 10:11:20,50500.0,200.0,118200.0
537,2021-09-30 10:11:20,50500.0,500.0,118000.0
538,2021-09-30 10:11:20,50500.0,100.0,117500.0
539,2021-09-30 10:11:20,50500.0,400.0,117400.0
540,2021-09-30 10:11:20,50500.0,1000.0,117000.0
541,2021-09-30 10:11:20,50500.0,100.0,116000.0
542,2021-09-30 10:11:20,50500.0,500.0,115900.0
543,2021-09-30 10:11:20,50500.0,200.0,115400.0
544,2021-09-30 10:10:17,50500.0,100.0,115200.0
545,2021-09-30 10:09:23,50500.0,800.0,115100.0
546,2021-09-30 10:08:50,50500.0,900.0,114300.0
547,2021-09-30 10:08:50,50500.0,100.0,113400.0
548,2021-09-30 10:08:50,50500.0,200.0,113300.0
549,2021-09-30 10:08:50,50500.0,1300.0,113100.0
550,2021-09-30 10:08:48,50500.0,200.0,111800.0
551,2021-09-30 10:08:41,50500.0,100.0,111600.0
552,2021-09-30 10:08:22,50500.0,100.0,111500.0
553,2021-09-30 10:08:06,50500.0,300.0,111400.0
554,2021-09-30 10:07:08,50500.0,300.0,111100.0
555,2021-09-30 10:07:05,50500.0,100.0,110800.0
556,2021-09-30 10:06:34,50600.0,100.0,110700.0
557,2021-09-30 10:05:29,50500.0,100.0,110600.0
558,2021-09-30 10:04:32,50600.0,400.0,110500.0
559,2021-09-30 10:04:32,50600.0,100.0,110100.0
560,2021-09-30 10:04:32,50600.0,300.0,110000.0
561,2021-09-30 10:04:32,50600.0,100.0,109700.0
562,2021-09-30 10:04:32,50600.0,1100.0,109600.0
563,2021-09-30 10:03:54,50400.0,200.0,108500.0
564,2021-09-30 10:03:50,50500.0,1000.0,108300.0
565,2021-09-30 10:02:56,50400.0,200.0,107300.0
566,2021-09-30 10:02:18,50400.0,100.0,107100.0
567,2021-09-30 10:00:42,50400.0,100.0,107000.0
568,2021-09-30 10:00:41,50600.0,1900.0,106900.0
569,2021-09-30 10:00:41,50600.0,100.0,105000.0
570,2021-09-30 09:59:50,50600.0,900.0,104900.0
571,2021-09-30 09:59:50,50600.0,200.0,104000.0
572,2021-09-30 09:59:50,50500.0,3900.0,103800.0
573,2021-09-30 09:59:42,50500.0,100.0,99900.0
574,2021-09-30 09:59:31,50400.0,100.0,99800.0
575,2021-09-30 09:59:30,50500.0,200.0,99700.0
576,2021-09-30 09:59:14,50500.0,100.0,99500.0
577,2021-09-30 09:59:14,50500.0,200.0,99400.0
578,2021-09-30 09:59:14,50500.0,500.0,99200.0
579,2021-09-30 09:59:06,50500.0,100.0,98700.0
580,2021-09-30 09:58:37,50500.0,600.0,98600.0
581,2021-09-30 09:58:12,50500.0,800.0,98000.0
582,2021-09-30 09:58:12,50500.0,400.0,97200.0
583,2021-09-30 09:58:00,50500.0,500.0,96800.0
584,2021-09-30 09:57:53,50500.0,1000.0,96300.0
585,2021-09-30 09:57:30,50500.0,100.0,95300.0
586,2021-09-30 09:57:07,50500.0,100.0,95200.0
587,2021-09-30 09:57:07,50500.0,200.0,95100.0
588,2021-09-30 09:57:06,50500.0,500.0,94900.0
589,2021-09-30 09:57:06,50500.0,1000.0,94400.0
590,2021-09-30 09:57:06,50500.0,200.0,93400.0
591,2021-09-30 09:57:06,50500.0,300.0,93200.0
592,2021-09-30 09:56:52,50500.0,100.0,92900.0
593,2021-09-30 09:55:54,50400.0,100.0,92800.0
594,2021-09-30 09:55:18,50500.0,100.0,92700.0
595,2021-09-30 09:55:05,50500.0,100.0,92600.0
596,2021-09-30 09:54:26,50500.0,100.0,92500.0
597,2021-09-30 09:54:19,50400.0,100.0,92400.0
598,2021-09-30 09:52:43,50400.0,200.0,92300.0
599,2021-09-30 09:52:17,50500.0,300.0,92100.0
600,2021-09-30 09:52:17,50500.0,700.0,91800.0
601,2021-09-30 09:51:57,50500.0,4200.0,91100.0
602,2021-09-30 09:51:57,50500.0,100.0,86900.0
603,2021-09-30 09:51:44,50500.0,500.0,86800.0
604,2021-09-30 09:51:23,50500.0,200.0,86300.0
605,2021-09-30 09:51:07,50500.0,100.0,86100.0
606,2021-09-30 09:49:51,50500.0,200.0,86000.0
607,2021-09-30 09:49:51,50500.0,200.0,85800.0
608,2021-09-30 09:49:44,50500.0,200.0,85600.0
609,2021-09-30 09:49:44,50500.0,100.0,85400.0
610,2021-09-30 09:49:41,50500.0,200.0,85300.0
611,2021-09-30 09:49:38,50600.0,200.0,85100.0
612,2021-09-30 09:49:38,50600.0,300.0,84900.0
613,2021-09-30 09:49:32,50500.0,200.0,84600.0
614,2021-09-30 09:49:32,50500.0,100.0,84400.0
615,2021-09-30 09:49:31,50500.0,100.0,84300.0
616,2021-09-30 09:49:19,50500.0,100.0,84200.0
617,2021-09-30 09:48:01,50500.0,400.0,84100.0
618,2021-09-30 09:48:01,50500.0,600.0,83700.0
619,2021-09-30 09:48:01,50600.0,200.0,83100.0
620,2021-09-30 09:48:01,50600.0,500.0,82900.0
621,2021-09-30 09:48:01,50600.0,100.0,82400.0
622,2021-09-30 09:48:01,50600.0,500.0,82300.0
623,2021-09-30 09:48:01,50600.0,200.0,81800.0
624,2021-09-30 09:48:01,50600.0,500.0,81600.0
625,2021-09-30 09:47:59,50500.0,200.0,81100.0
626,2021-09-30 09:47:55,50500.0,100.0,80900.0
627,2021-09-30 09:47:10,50500.0,100.0,80800.0
628,2021-09-30 09:46:58,50500.0,100.0,80700.0
629,2021-09-30 09:46:19,50400.0,100.0,80600.0
630,2021-09-30 09:46:10,50600.0,300.0,80500.0
631,2021-09-30 09:46:10,50600.0,200.0,80200.0
632,2021-09-30 09:46:10,50600.0,200.0,80000.0
633,2021-09-30 09:46:10,50500.0,100.0,79800.0
634,2021-09-30 09:46:10,50500.0,100.0,79700.0
635,2021-09-30 09:45:50,50500.0,100.0,79600.0
636,2021-09-30 09:45:50,50500.0,100.0,79500.0
637,2021-09-30 09:45:50,50500.0,500.0,79400.0
638,2021-09-30 09:45:27,50500.0,100.0,78900.0
639,2021-09-30 09:45:27,50500.0,400.0,78800.0
640,2021-09-30 09:45:17,50500.0,100.0,78400.0
641,2021-09-30 09:44:43,50400.0,100.0,78300.0
642,2021-09-30 09:44:34,50500.0,200.0,78200.0
643,2021-09-30 09:44:07,50500.0,300.0,78000.0
644,2021-09-30 09:43:56,50500.0,200.0,77700.0
645,2021-09-30 09:43:51,50400.0,300.0,77500.0
646,2021-09-30 09:43:08,50400.0,100.0,77200.0
647,2021-09-30 09:42:55,50400.0,300.0,77100.0
648,2021-09-30 09:42:38,50400.0,200.0,76800.0
649,2021-09-30 09:42:25,50400.0,500.0,76600.0
650,2021-09-30 09:42:15,50500.0,300.0,76100.0
651,2021-09-30 09:41:32,50400.0,200.0,75800.0
652,2021-09-30 09:41:23,50400.0,100.0,75600.0
653,2021-09-30 09:41:23,50400.0,100.0,75500.0
654,2021-09-30 09:41:23,50400.0,100.0,75400.0
655,2021-09-30 09:41:23,50400.0,1000.0,75300.0
656,2021-09-30 09:41:23,50400.0,1000.0,74300.0
657,2021-09-30 09:41:23,50400.0,300.0,73300.0
658,2021-09-30 09:41:23,50400.0,100.0,73000.0
659,2021-09-30 09:41:23,50400.0,1800.0,72900.0
660,2021-09-30 09:41:23,50400.0,100.0,71100.0
661,2021-09-30 09:41:23,50400.0,200.0,71000.0
662,2021-09-30 09:41:23,50400.0,900.0,70800.0
663,2021-09-30 09:41:23,50400.0,1000.0,69900.0
664,2021-09-30 09:41:23,50400.0,3000.0,68900.0
665,2021-09-30 09:41:23,50400.0,800.0,65900.0
666,2021-09-30 09:41:23,50300.0,200.0,65100.0
667,2021-09-30 09:41:23,50300.0,200.0,64900.0
668,2021-09-30 09:41:23,50300.0,2000.0,64700.0
669,2021-09-30 09:41:23,50300.0,200.0,62700.0
670,2021-09-30 09:41:23,50200.0,200.0,62500.0
671,2021-09-30 09:41:23,50200.0,2200.0,62300.0
672,2021-09-30 09:41:23,50100.0,900.0,60100.0
673,2021-09-30 09:40:58,50100.0,200.0,59200.0
674,2021-09-30 09:40:05,50100.0,500.0,59000.0
675,2021-09-30 09:40:05,50100.0,300.0,58500.0
676,2021-09-30 09:40:05,50100.0,500.0,58200.0
677,2021-09-30 09:40:05,50100.0,300.0,57700.0
678,2021-09-30 09:40:05,50100.0,300.0,57400.0
679,2021-09-30 09:39:56,50100.0,100.0,57100.0
680,2021-09-30 09:38:41,50100.0,100.0,57000.0
681,2021-09-30 09:38:36,50100.0,400.0,56900.0
682,2021-09-30 09:38:20,50100.0,100.0,56500.0
683,2021-09-30 09:38:17,50100.0,200.0,56400.0
684,2021-09-30 09:38:12,50200.0,100.0,56200.0
685,2021-09-30 09:38:07,50100.0,200.0,56100.0
686,2021-09-30 09:38:07,50100.0,800.0,55900.0
687,2021-09-30 09:36:44,50100.0,100.0,55100.0
688,2021-09-30 09:36:22,50100.0,100.0,55000.0
689,2021-09-30 09:36:22,50100.0,100.0,54900.0
690,2021-09-30 09:35:39,50200.0,100.0,54800.0
691,2021-09-30 09:35:20,50200.0,600.0,54700.0
692,2021-09-30 09:35:20,50200.0,100.0,54100.0
693,2021-09-30 09:35:15,50100.0,200.0,54000.0
694,2021-09-30 09:35:15,50100.0,100.0,53800.0
695,2021-09-30 09:35:15,50100.0,700.0,53700.0
696,2021-09-30 09:35:10,50100.0,100.0,53000.0
697,2021-09-30 09:33:47,50100.0,1200.0,52900.0
698,2021-09-30 09:33:47,50100.0,800.0,51700.0
699,2021-09-30 09:33:33,50100.0,100.0,50900.0
700,2021-09-30 09:32:41,50200.0,1900.0,50800.0
701,2021-09-30 09:32:41,50200.0,100.0,48900.0
702,2021-09-30 09:31:57,50100.0,100.0,48800.0
703,2021-09-30 09:31:46,50100.0,500.0,48700.0
704,2021-09-30 09:31:46,50100.0,300.0,48200.0
705,2021-09-30 09:31:05,50100.0,500.0,47900.0
706,2021-09-30 09:30:58,50100.0,200.0,47400.0
707,2021-09-30 09:30:55,50100.0,1500.0,47200.0
708,2021-09-30 09:30:55,50100.0,600.0,45700.0
709,2021-09-30 09:30:28,50100.0,400.0,45100.0
710,2021-09-30 09:30:28,50100.0,100.0,44700.0
711,2021-09-30 09:30:28,50100.0,2100.0,44600.0
712,2021-09-30 09:30:21,50100.0,100.0,42500.0
713,2021-09-30 09:30:02,50100.0,300.0,42400.0
714,2021-09-30 09:29:26,50100.0,1000.0,42100.0
715,2021-09-30 09:29:10,50100.0,700.0,41100.0
716,2021-09-30 09:29:04,50100.0,900.0,40400.0
717,2021-09-30 09:29:04,50100.0,500.0,39500.0
718,2021-09-30 09:29:04,50100.0,100.0,39000.0
719,2021-09-30 09:28:45,50100.0,200.0,38900.0
720,2021-09-30 09:27:43,50300.0,400.0,38700.0
721,2021-09-30 09:27:43,50300.0,500.0,38300.0
722,2021-09-30 09:27:43,50300.0,500.0,37800.0
723,2021-09-30 09:27:42,50100.0,600.0,37300.0
724,2021-09-30 09:27:42,50100.0,1400.0,36700.0
725,2021-09-30 09:27:27,50100.0,100.0,35300.0
726,2021-09-30 09:27:11,50100.0,100.0,35200.0
727,2021-09-30 09:26:54,50300.0,500.0,35100.0
728,2021-09-30 09:26:37,50300.0,100.0,34600.0
729,2021-09-30 09:26:33,50300.0,400.0,34500.0
730,2021-09-30 09:26:21,50400.0,500.0,34100.0
731,2021-09-30 09:25:56,50400.0,1000.0,33600.0
732,2021-09-30 09:25:42,50400.0,200.0,32600.0
733,2021-09-30 09:25:36,50400.0,100.0,32400.0
734,2021-09-30 09:25:33,50400.0,100.0,32300.0
735,2021-09-30 09:25:32,50400.0,100.0,32200.0
736,2021-09-30 09:25:27,50400.0,400.0,32100.0
737,2021-09-30 09:25:27,50400.0,1000.0,31700.0
738,2021-09-30 09:25:27,50400.0,1700.0,30700.0
739,2021-09-30 09:25:27,50300.0,400.0,29000.0
740,2021-09-30 09:25:27,50300.0,1000.0,28600.0
741,2021-09-30 09:25:11,50400.0,3300.0,27600.0
742,2021-09-30 09:25:11,50400.0,200.0,24300.0
743,2021-09-30 09:24:48,50300.0,1100.0,24100.0
744,2021-09-30 09:24:48,50300.0,400.0,23000.0
745,2021-09-30 09:24:11,50400.0,1800.0,22600.0
746,2021-09-30 09:24:11,50400.0,200.0,20800.0
747,2021-09-30 09:24:07,50000.0,400.0,20600.0
748,2021-09-30 09:24:07,50200.0,300.0,20200.0
749,2021-09-30 09:24:07,50200.0,200.0,19900.0
750,2021-09-30 09:24:07,50200.0,1100.0,19700.0
751,2021-09-30 09:23:58,50200.0,100.0,18600.0
752,2021-09-30 09:23:22,50400.0,2400.0,18500.0
753,2021-09-30 09:23:22,50400.0,200.0,16100.0
754,2021-09-30 09:23:22,50400.0,400.0,15900.0
755,2021-09-30 09:23:11,50400.0,200.0,15500.0
756,2021-09-30 09:23:03,50400.0,1400.0,15300.0
757,2021-09-30 09:23:03,50400.0,100.0,13900.0
758,2021-09-30 09:23:03,50400.0,100.0,13800.0
759,2021-09-30 09:23:03,50400.0,200.0,13700.0
760,2021-09-30 09:23:03,50400.0,200.0,13500.0
761,2021-09-30 09:22:45,50200.0,100.0,13300.0
762,2021-09-30 09:22:45,50200.0,500.0,13200.0
763,2021-09-30 09:22:45,50200.0,200.0,12700.0
764,2021-09-30 09:22:22,50000.0,100.0,12500.0
765,2021-09-30 09:21:13,49950.0,200.0,12400.0
766,2021-09-30 09:20:46,49900.0,100.0,12200.0
767,2021-09-30 09:19:57,49850.0,100.0,12100.0
768,2021-09-30 09:19:10,49800.0,100.0,12000.0
769,2021-09-30 09:17:34,49800.0,200.0,11900.0
770,2021-09-30 09:17:19,49800.0,700.0,11700.0
771,2021-09-30 09:17:19,49800.0,100.0,11000.0
772,2021-09-30 09:17:19,49800.0,1000.0,10900.0
773,2021-09-30 09:17:19,49800.0,100.0,9900.0
774,2021-09-30 09:17:19,50300.0,100.0,9800.0
775,2021-09-30 09:17:12,50400.0,200.0,9700.0
776,2021-09-30 09:17:12,50400.0,600.0,9500.0
777,2021-09-30 09:17:01,50400.0,200.0,8900.0
778,2021-09-30 09:16:48,50400.0,200.0,8700.0
779,2021-09-30 09:16:48,50400.0,800.0,8500.0
780,2021-09-30 09:16:36,50400.0,200.0,7700.0
781,2021-09-30 09:16:08,50400.0,100.0,7500.0
782,2021-09-30 09:16:08,50400.0,500.0,7400.0
783,2021-09-30 09:16:08,50400.0,1400.0,6900.0
784,2021-09-30 09:15:58,50200.0,200.0,5500.0
785,2021-09-30 09:15:39,50200.0,200.0,5300.0
786,2021-09-30 09:15:34,50200.0,400.0,5100.0
787,2021-09-30 09:15:34,50100.0,200.0,4700.0
788,2021-09-30 09:15:00,50200.0,1600.0,4500.0
789,2021-09-30 09:15:00,50200.0,100.0,2900.0
790,2021-09-30 09:15:00,50200.0,300.0,2800.0
791,2021-09-30 09:15:00,50200.0,200.0,2500.0
792,2021-09-30 09:15:00,50200.0,800.0,2300.0
793,2021-09-30 09:15:00,50200.0,400.0,1500.0
794,2021-09-30 09:15:00,50200.0,100.0,1100.0
795,2021-09-30 09:15:00,50200.0,500.0,1000.0
796,2021-09-30 09:15:00,50200.0,400.0,500.0
797,2021-09-30 09:15:00,50200.0,100.0,100.0
