,Time,Price,Volume_per_trade,Volume
0,2021-10-19 07:45:01,55000.0,100.0,648500.0
1,2021-10-19 07:45:01,55000.0,100.0,648400.0
2,2021-10-19 07:45:01,55000.0,100.0,648300.0
3,2021-10-19 07:45:01,55000.0,600.0,648200.0
4,2021-10-19 07:45:01,55000.0,400.0,647600.0
5,2021-10-19 07:28:11,54900.0,100.0,647200.0
6,2021-10-19 07:27:11,54900.0,2000.0,647100.0
7,2021-10-19 07:25:27,55100.0,800.0,645100.0
8,2021-10-19 07:24:33,55100.0,100.0,644300.0
9,2021-10-19 07:24:33,55100.0,100.0,644200.0
10,2021-10-19 07:24:33,55100.0,300.0,644100.0
11,2021-10-19 07:24:27,55100.0,200.0,643800.0
12,2021-10-19 07:24:19,55100.0,200.0,643600.0
13,2021-10-19 07:24:10,55100.0,200.0,643400.0
14,2021-10-19 07:24:08,55100.0,300.0,643200.0
15,2021-10-19 07:23:59,55100.0,300.0,642900.0
16,2021-10-19 07:23:56,55100.0,300.0,642600.0
17,2021-10-19 07:23:55,55100.0,200.0,642300.0
18,2021-10-19 07:23:29,55200.0,400.0,642100.0
19,2021-10-19 07:23:29,55200.0,500.0,641700.0
20,2021-10-19 07:23:29,55200.0,200.0,641200.0
21,2021-10-19 07:23:24,55200.0,500.0,641000.0
22,2021-10-19 07:23:14,55200.0,300.0,640500.0
23,2021-10-19 07:23:08,55200.0,100.0,640200.0
24,2021-10-19 07:23:08,55200.0,100.0,640100.0
25,2021-10-19 07:23:04,55200.0,300.0,640000.0
26,2021-10-19 07:22:58,55200.0,300.0,639700.0
27,2021-10-19 07:22:54,55200.0,200.0,639400.0
28,2021-10-19 07:22:47,55200.0,100.0,639200.0
29,2021-10-19 07:22:47,55200.0,100.0,639100.0
30,2021-10-19 07:22:24,55200.0,100.0,639000.0
31,2021-10-19 07:22:24,55100.0,200.0,638900.0
32,2021-10-19 07:22:19,55100.0,200.0,638700.0
33,2021-10-19 07:22:15,55100.0,1100.0,638500.0
34,2021-10-19 07:22:15,55100.0,300.0,637400.0
35,2021-10-19 07:22:11,55100.0,200.0,637100.0
36,2021-10-19 07:22:06,55100.0,100.0,636900.0
37,2021-10-19 07:22:06,55000.0,400.0,636800.0
38,2021-10-19 07:22:04,55000.0,300.0,636400.0
39,2021-10-19 07:22:03,55000.0,300.0,636100.0
40,2021-10-19 07:21:59,54900.0,200.0,635800.0
41,2021-10-19 07:21:59,54900.0,200.0,635600.0
42,2021-10-19 07:21:55,54900.0,200.0,635400.0
43,2021-10-19 07:21:52,54900.0,200.0,635200.0
44,2021-10-19 07:21:52,54900.0,1100.0,635000.0
45,2021-10-19 07:21:45,54900.0,200.0,633900.0
46,2021-10-19 07:21:42,54900.0,1100.0,633700.0
47,2021-10-19 07:21:40,54900.0,100.0,632600.0
48,2021-10-19 07:21:37,54800.0,200.0,632500.0
49,2021-10-19 07:21:36,54900.0,100.0,632300.0
50,2021-10-19 07:21:36,54900.0,1000.0,632200.0
51,2021-10-19 07:21:36,54900.0,200.0,631200.0
52,2021-10-19 07:21:36,54900.0,1000.0,631000.0
53,2021-10-19 07:21:36,54900.0,100.0,630000.0
54,2021-10-19 07:21:36,54900.0,300.0,629900.0
55,2021-10-19 07:21:22,55000.0,1000.0,629600.0
56,2021-10-19 07:21:02,55000.0,1000.0,628600.0
57,2021-10-19 07:21:02,55000.0,1000.0,627600.0
58,2021-10-19 07:21:01,55000.0,1000.0,626600.0
59,2021-10-19 07:20:25,55100.0,200.0,625600.0
60,2021-10-19 07:20:25,55100.0,4000.0,625400.0
61,2021-10-19 07:20:25,55100.0,4100.0,621400.0
62,2021-10-19 07:20:03,55100.0,900.0,617300.0
63,2021-10-19 07:20:03,55100.0,100.0,616400.0
64,2021-10-19 07:19:26,55200.0,700.0,616300.0
65,2021-10-19 07:19:26,55200.0,300.0,615600.0
66,2021-10-19 07:19:26,55200.0,200.0,615300.0
67,2021-10-19 07:19:26,55200.0,100.0,615100.0
68,2021-10-19 07:19:26,55200.0,100.0,615000.0
69,2021-10-19 07:19:26,55200.0,1000.0,614900.0
70,2021-10-19 07:19:26,55200.0,1000.0,613900.0
71,2021-10-19 07:19:26,55200.0,1600.0,612900.0
72,2021-10-19 07:19:19,55100.0,100.0,611300.0
73,2021-10-19 07:19:16,55100.0,300.0,611200.0
74,2021-10-19 07:19:16,55100.0,200.0,610900.0
75,2021-10-19 07:17:01,55200.0,200.0,610700.0
76,2021-10-19 07:16:10,55100.0,200.0,610500.0
77,2021-10-19 07:15:59,55200.0,200.0,610300.0
78,2021-10-19 07:15:56,55200.0,900.0,610100.0
79,2021-10-19 07:15:56,55200.0,200.0,609200.0
80,2021-10-19 07:15:52,55200.0,4000.0,609000.0
81,2021-10-19 07:15:42,55200.0,1200.0,605000.0
82,2021-10-19 07:15:11,55200.0,200.0,603800.0
83,2021-10-19 07:14:12,55100.0,1600.0,603600.0
84,2021-10-19 07:14:12,55100.0,400.0,602000.0
85,2021-10-19 07:13:46,55100.0,100.0,601600.0
86,2021-10-19 07:13:46,55100.0,200.0,601500.0
87,2021-10-19 07:13:39,55100.0,1000.0,601300.0
88,2021-10-19 07:12:58,55100.0,1000.0,600300.0
89,2021-10-19 07:12:37,55100.0,1000.0,599300.0
90,2021-10-19 07:11:23,55100.0,3700.0,598300.0
91,2021-10-19 07:11:11,55100.0,2000.0,594600.0
92,2021-10-19 07:11:11,55100.0,1000.0,592600.0
93,2021-10-19 07:10:54,55000.0,1900.0,591600.0
94,2021-10-19 07:10:46,55000.0,1000.0,589700.0
95,2021-10-19 07:08:46,55000.0,1000.0,588700.0
96,2021-10-19 07:08:44,55000.0,800.0,587700.0
97,2021-10-19 07:07:50,55000.0,100.0,586900.0
98,2021-10-19 07:07:27,55000.0,3600.0,586800.0
99,2021-10-19 07:07:27,55000.0,1000.0,583200.0
100,2021-10-19 07:07:27,55000.0,200.0,582200.0
101,2021-10-19 07:07:27,55000.0,200.0,582000.0
102,2021-10-19 07:05:01,54900.0,2800.0,581800.0
103,2021-10-19 07:05:01,54900.0,300.0,579000.0
104,2021-10-19 07:02:50,54800.0,100.0,578700.0
105,2021-10-19 07:02:41,54900.0,100.0,578600.0
106,2021-10-19 07:01:29,54900.0,100.0,578500.0
107,2021-10-19 07:01:03,54900.0,600.0,578400.0
108,2021-10-19 07:01:03,54900.0,3500.0,577800.0
109,2021-10-19 07:00:40,54900.0,100.0,574300.0
110,2021-10-19 07:00:40,54900.0,400.0,574200.0
111,2021-10-19 06:59:28,54900.0,200.0,573800.0
112,2021-10-19 06:59:22,54900.0,100.0,573600.0
113,2021-10-19 06:58:17,54900.0,100.0,573500.0
114,2021-10-19 06:54:14,54800.0,1000.0,573400.0
115,2021-10-19 06:54:14,54800.0,500.0,572400.0
116,2021-10-19 06:54:04,54800.0,100.0,571900.0
117,2021-10-19 06:53:59,54800.0,100.0,571800.0
118,2021-10-19 06:53:51,54800.0,500.0,571700.0
119,2021-10-19 06:53:46,54800.0,200.0,571200.0
120,2021-10-19 06:53:36,54800.0,100.0,571000.0
121,2021-10-19 06:53:30,54800.0,300.0,570900.0
122,2021-10-19 06:52:01,54700.0,1500.0,570600.0
123,2021-10-19 06:51:58,54700.0,200.0,569100.0
124,2021-10-19 06:51:29,54700.0,100.0,568900.0
125,2021-10-19 06:51:29,54700.0,1700.0,568800.0
126,2021-10-19 06:51:24,54700.0,2000.0,567100.0
127,2021-10-19 06:50:53,54700.0,200.0,565100.0
128,2021-10-19 06:50:11,54700.0,200.0,564900.0
129,2021-10-19 06:50:11,54700.0,1500.0,564700.0
130,2021-10-19 06:50:11,54700.0,500.0,563200.0
131,2021-10-19 06:50:11,54700.0,500.0,562700.0
132,2021-10-19 06:50:11,54700.0,200.0,562200.0
133,2021-10-19 06:50:11,54700.0,100.0,562000.0
134,2021-10-19 06:50:11,54700.0,100.0,561900.0
135,2021-10-19 06:50:11,54700.0,2000.0,561800.0
136,2021-10-19 06:50:11,54700.0,1000.0,559800.0
137,2021-10-19 06:49:49,54800.0,100.0,558800.0
138,2021-10-19 06:49:49,54800.0,200.0,558700.0
139,2021-10-19 06:49:49,54800.0,300.0,558500.0
140,2021-10-19 06:49:49,54800.0,1000.0,558200.0
141,2021-10-19 06:49:49,54800.0,200.0,557200.0
142,2021-10-19 06:49:49,54800.0,3000.0,557000.0
143,2021-10-19 06:49:49,54800.0,100.0,554000.0
144,2021-10-19 06:49:49,54800.0,2300.0,553900.0
145,2021-10-19 06:49:22,54900.0,200.0,551600.0
146,2021-10-19 06:49:22,54900.0,1000.0,551400.0
147,2021-10-19 06:49:22,54900.0,1000.0,550400.0
148,2021-10-19 06:48:02,55000.0,100.0,549400.0
149,2021-10-19 06:47:51,55000.0,500.0,549300.0
150,2021-10-19 06:47:42,55000.0,100.0,548800.0
151,2021-10-19 06:47:42,55000.0,100.0,548700.0
152,2021-10-19 06:47:42,55000.0,500.0,548600.0
153,2021-10-19 06:46:52,55000.0,500.0,548100.0
154,2021-10-19 06:46:38,55000.0,300.0,547600.0
155,2021-10-19 06:46:38,55000.0,500.0,547300.0
156,2021-10-19 06:46:38,55000.0,200.0,546800.0
157,2021-10-19 06:46:34,55000.0,300.0,546600.0
158,2021-10-19 06:46:34,55000.0,400.0,546300.0
159,2021-10-19 06:46:32,55000.0,100.0,545900.0
160,2021-10-19 06:46:31,55000.0,200.0,545800.0
161,2021-10-19 06:46:31,55000.0,200.0,545600.0
162,2021-10-19 06:46:31,55000.0,200.0,545400.0
163,2021-10-19 06:46:31,55000.0,400.0,545200.0
164,2021-10-19 06:46:22,55000.0,1000.0,544800.0
165,2021-10-19 06:45:57,55000.0,800.0,543800.0
166,2021-10-19 06:45:53,55000.0,3700.0,543000.0
167,2021-10-19 06:45:33,55000.0,100.0,539300.0
168,2021-10-19 06:45:33,55000.0,2900.0,539200.0
169,2021-10-19 06:44:41,55000.0,2100.0,536300.0
170,2021-10-19 06:44:41,55000.0,100.0,534200.0
171,2021-10-19 06:44:41,55000.0,1000.0,534100.0
172,2021-10-19 06:44:41,55000.0,4800.0,533100.0
173,2021-10-19 06:44:20,55100.0,1400.0,528300.0
174,2021-10-19 06:44:16,55100.0,1000.0,526900.0
175,2021-10-19 06:44:13,55100.0,100.0,525900.0
176,2021-10-19 06:44:13,55100.0,100.0,525800.0
177,2021-10-19 06:44:04,55100.0,400.0,525700.0
178,2021-10-19 06:44:04,55100.0,500.0,525300.0
179,2021-10-19 06:44:04,55100.0,100.0,524800.0
180,2021-10-19 06:43:47,55100.0,1200.0,524700.0
181,2021-10-19 06:43:47,55100.0,1000.0,523500.0
182,2021-10-19 06:43:47,55100.0,200.0,522500.0
183,2021-10-19 06:43:47,55100.0,100.0,522300.0
184,2021-10-19 06:42:25,55200.0,200.0,522200.0
185,2021-10-19 06:42:25,55200.0,300.0,522000.0
186,2021-10-19 06:41:37,55200.0,1000.0,521700.0
187,2021-10-19 06:41:37,55200.0,1000.0,520700.0
188,2021-10-19 06:41:37,55200.0,600.0,519700.0
189,2021-10-19 06:41:37,55200.0,300.0,519100.0
190,2021-10-19 06:41:37,55200.0,200.0,518800.0
191,2021-10-19 06:41:37,55200.0,600.0,518600.0
192,2021-10-19 06:41:37,55200.0,1000.0,518000.0
193,2021-10-19 06:41:37,55200.0,100.0,517000.0
194,2021-10-19 06:41:37,55200.0,100.0,516900.0
195,2021-10-19 06:41:37,55200.0,100.0,516800.0
196,2021-10-19 06:40:51,55200.0,1000.0,516700.0
197,2021-10-19 06:39:13,55200.0,100.0,515700.0
198,2021-10-19 06:38:28,55200.0,100.0,515600.0
199,2021-10-19 06:36:47,55200.0,100.0,515500.0
200,2021-10-19 06:35:29,55200.0,1000.0,515400.0
201,2021-10-19 06:34:54,55200.0,1000.0,514400.0
202,2021-10-19 06:34:50,55200.0,5000.0,513400.0
203,2021-10-19 06:34:47,55200.0,1700.0,508400.0
204,2021-10-19 06:34:47,55200.0,600.0,506700.0
205,2021-10-19 06:34:47,55200.0,400.0,506100.0
206,2021-10-19 06:32:36,55300.0,100.0,505700.0
207,2021-10-19 06:32:31,55200.0,100.0,505600.0
208,2021-10-19 06:32:01,55300.0,100.0,505500.0
209,2021-10-19 06:32:01,55300.0,100.0,505400.0
210,2021-10-19 06:29:33,55300.0,500.0,505300.0
211,2021-10-19 06:29:25,55300.0,300.0,504800.0
212,2021-10-19 06:28:04,55300.0,1800.0,504500.0
213,2021-10-19 06:27:55,55300.0,200.0,502700.0
214,2021-10-19 06:26:23,55400.0,200.0,502500.0
215,2021-10-19 06:25:27,55400.0,1300.0,502300.0
216,2021-10-19 06:25:09,55400.0,1200.0,501000.0
217,2021-10-19 06:24:39,55400.0,100.0,499800.0
218,2021-10-19 06:24:24,55400.0,2000.0,499700.0
219,2021-10-19 06:24:24,55400.0,400.0,497700.0
220,2021-10-19 06:23:39,55400.0,600.0,497300.0
221,2021-10-19 06:23:39,55400.0,5000.0,496700.0
222,2021-10-19 06:23:39,55400.0,100.0,491700.0
223,2021-10-19 06:23:39,55400.0,500.0,491600.0
224,2021-10-19 06:23:33,55300.0,800.0,491100.0
225,2021-10-19 06:23:03,55300.0,200.0,490300.0
226,2021-10-19 06:22:12,55300.0,100.0,490100.0
227,2021-10-19 06:19:40,55300.0,1000.0,490000.0
228,2021-10-19 06:19:39,55300.0,100.0,489000.0
229,2021-10-19 06:17:34,55200.0,400.0,488900.0
230,2021-10-19 06:17:22,55200.0,1000.0,488500.0
231,2021-10-19 06:17:01,55200.0,200.0,487500.0
232,2021-10-19 06:15:52,55200.0,1100.0,487300.0
233,2021-10-19 06:15:12,55200.0,1000.0,486200.0
234,2021-10-19 06:14:22,55200.0,1000.0,485200.0
235,2021-10-19 06:14:05,55200.0,100.0,484200.0
236,2021-10-19 06:13:39,55200.0,300.0,484100.0
237,2021-10-19 06:13:39,55300.0,100.0,483800.0
238,2021-10-19 06:13:39,55300.0,600.0,483700.0
239,2021-10-19 06:13:20,55300.0,300.0,483100.0
240,2021-10-19 06:12:44,55300.0,100.0,482800.0
241,2021-10-19 06:12:44,55300.0,300.0,482700.0
242,2021-10-19 06:12:44,55300.0,100.0,482400.0
243,2021-10-19 06:12:24,55300.0,100.0,482300.0
244,2021-10-19 06:12:24,55300.0,500.0,482200.0
245,2021-10-19 06:12:24,55300.0,1000.0,481700.0
246,2021-10-19 06:12:24,55300.0,100.0,480700.0
247,2021-10-19 06:12:24,55300.0,200.0,480600.0
248,2021-10-19 06:12:24,55300.0,100.0,480400.0
249,2021-10-19 06:11:57,55400.0,200.0,480300.0
250,2021-10-19 06:11:37,55400.0,100.0,480100.0
251,2021-10-19 06:11:37,55400.0,100.0,480000.0
252,2021-10-19 06:11:37,55400.0,500.0,479900.0
253,2021-10-19 06:11:37,55400.0,100.0,479400.0
254,2021-10-19 06:11:37,55400.0,1000.0,479300.0
255,2021-10-19 06:11:37,55400.0,100.0,478300.0
256,2021-10-19 06:11:37,55400.0,100.0,478200.0
257,2021-10-19 06:11:36,55400.0,200.0,478100.0
258,2021-10-19 06:11:36,55400.0,4800.0,477900.0
259,2021-10-19 06:11:36,55400.0,300.0,473100.0
260,2021-10-19 06:11:01,55400.0,500.0,472800.0
261,2021-10-19 06:10:49,55400.0,1000.0,472300.0
262,2021-10-19 06:10:41,55400.0,3500.0,471300.0
263,2021-10-19 06:10:34,55400.0,10000.0,467800.0
264,2021-10-19 06:10:06,55400.0,300.0,457800.0
265,2021-10-19 06:09:18,55400.0,200.0,457500.0
266,2021-10-19 06:07:29,55500.0,1000.0,457300.0
267,2021-10-19 06:07:11,55500.0,3000.0,456300.0
268,2021-10-19 06:07:11,55500.0,5000.0,453300.0
269,2021-10-19 06:07:11,55500.0,300.0,448300.0
270,2021-10-19 06:07:11,55500.0,100.0,448000.0
271,2021-10-19 06:07:11,55500.0,300.0,447900.0
272,2021-10-19 06:06:22,55500.0,100.0,447600.0
273,2021-10-19 06:05:07,55500.0,500.0,447500.0
274,2021-10-19 06:04:18,55500.0,100.0,447000.0
275,2021-10-19 06:03:07,55500.0,3100.0,446900.0
276,2021-10-19 06:02:55,55600.0,100.0,443800.0
277,2021-10-19 06:01:48,55500.0,500.0,443700.0
278,2021-10-19 06:00:19,55500.0,100.0,443200.0
279,2021-10-19 06:00:19,55500.0,300.0,443100.0
280,2021-10-19 06:00:13,55500.0,1300.0,442800.0
281,2021-10-19 06:00:13,55500.0,1000.0,441500.0
282,2021-10-19 06:00:13,55500.0,400.0,440500.0
283,2021-10-19 06:00:09,55400.0,2600.0,440100.0
284,2021-10-19 06:00:04,55400.0,300.0,437500.0
285,2021-10-19 06:00:00,55500.0,200.0,437200.0
286,2021-10-19 06:00:00,55500.0,200.0,437000.0
287,2021-10-19 06:00:00,55500.0,100.0,436800.0
288,2021-10-19 04:29:58,55400.0,100.0,436700.0
289,2021-10-19 04:29:28,55400.0,1000.0,436600.0
290,2021-10-19 04:29:05,55400.0,1400.0,435600.0
291,2021-10-19 04:28:34,55400.0,300.0,434200.0
292,2021-10-19 04:26:14,55500.0,300.0,433900.0
293,2021-10-19 04:25:47,55500.0,100.0,433600.0
294,2021-10-19 04:25:18,55400.0,100.0,433500.0
295,2021-10-19 04:25:07,55400.0,1000.0,433400.0
296,2021-10-19 04:24:02,55400.0,200.0,432400.0
297,2021-10-19 04:23:24,55400.0,10000.0,432200.0
298,2021-10-19 04:23:13,55400.0,100.0,422200.0
299,2021-10-19 04:23:08,55500.0,500.0,422100.0
300,2021-10-19 04:22:52,55500.0,200.0,421600.0
301,2021-10-19 04:22:27,55500.0,500.0,421400.0
302,2021-10-19 04:22:27,55500.0,200.0,420900.0
303,2021-10-19 04:22:00,55400.0,600.0,420700.0
304,2021-10-19 04:21:28,55400.0,1000.0,420100.0
305,2021-10-19 04:21:01,55500.0,300.0,419100.0
306,2021-10-19 04:21:01,55600.0,1500.0,418800.0
307,2021-10-19 04:20:55,55600.0,1000.0,417300.0
308,2021-10-19 04:20:33,55500.0,100.0,416300.0
309,2021-10-19 04:20:33,55500.0,400.0,416200.0
310,2021-10-19 04:19:11,55500.0,600.0,415800.0
311,2021-10-19 04:18:59,55700.0,100.0,415200.0
312,2021-10-19 04:18:43,55700.0,1200.0,415100.0
313,2021-10-19 04:18:22,55800.0,400.0,413900.0
314,2021-10-19 04:18:22,55800.0,400.0,413500.0
315,2021-10-19 04:18:22,55800.0,700.0,413100.0
316,2021-10-19 04:18:22,55800.0,200.0,412400.0
317,2021-10-19 04:18:12,55700.0,800.0,412200.0
318,2021-10-19 04:17:56,55700.0,100.0,411400.0
319,2021-10-19 04:16:40,55600.0,200.0,411300.0
320,2021-10-19 04:16:40,55600.0,100.0,411100.0
321,2021-10-19 04:16:39,55600.0,200.0,411000.0
322,2021-10-19 04:16:39,55600.0,100.0,410800.0
323,2021-10-19 04:16:38,55500.0,200.0,410700.0
324,2021-10-19 04:16:31,55500.0,200.0,410500.0
325,2021-10-19 04:16:26,55500.0,1000.0,410300.0
326,2021-10-19 04:16:22,55500.0,100.0,409300.0
327,2021-10-19 04:16:20,55500.0,100.0,409200.0
328,2021-10-19 04:16:18,55500.0,200.0,409100.0
329,2021-10-19 04:16:18,55500.0,1000.0,408900.0
330,2021-10-19 04:16:18,55500.0,100.0,407900.0
331,2021-10-19 04:16:18,55500.0,200.0,407800.0
332,2021-10-19 04:16:15,55500.0,500.0,407600.0
333,2021-10-19 04:16:11,55500.0,600.0,407100.0
334,2021-10-19 04:16:11,55500.0,100.0,406500.0
335,2021-10-19 04:15:55,55500.0,400.0,406400.0
336,2021-10-19 04:15:48,55400.0,1000.0,406000.0
337,2021-10-19 04:15:48,55400.0,100.0,405000.0
338,2021-10-19 04:15:48,55400.0,1000.0,404900.0
339,2021-10-19 04:15:48,55400.0,300.0,403900.0
340,2021-10-19 04:15:48,55400.0,100.0,403600.0
341,2021-10-19 04:15:48,55400.0,7100.0,403500.0
342,2021-10-19 04:15:33,55400.0,900.0,396400.0
343,2021-10-19 04:15:33,55400.0,100.0,395500.0
344,2021-10-19 04:15:33,55400.0,400.0,395400.0
345,2021-10-19 04:15:33,55400.0,600.0,395000.0
346,2021-10-19 04:15:00,55300.0,100.0,394400.0
347,2021-10-19 04:14:55,55300.0,1800.0,394300.0
348,2021-10-19 04:14:01,55300.0,600.0,392500.0
349,2021-10-19 04:14:01,55300.0,400.0,391900.0
350,2021-10-19 04:12:58,55300.0,400.0,391500.0
351,2021-10-19 04:12:58,55300.0,200.0,391100.0
352,2021-10-19 04:12:49,55300.0,200.0,390900.0
353,2021-10-19 04:12:45,55300.0,600.0,390700.0
354,2021-10-19 04:12:45,55300.0,400.0,390100.0
355,2021-10-19 04:11:21,55200.0,200.0,389700.0
356,2021-10-19 04:11:13,55200.0,100.0,389500.0
357,2021-10-19 04:10:53,55200.0,200.0,389400.0
358,2021-10-19 04:10:53,55200.0,100.0,389200.0
359,2021-10-19 04:10:53,55200.0,100.0,389100.0
360,2021-10-19 04:10:53,55200.0,200.0,389000.0
361,2021-10-19 04:10:53,55100.0,300.0,388800.0
362,2021-10-19 04:10:53,55100.0,100.0,388500.0
363,2021-10-19 04:10:44,55000.0,200.0,388400.0
364,2021-10-19 04:10:30,55000.0,100.0,388200.0
365,2021-10-19 04:10:28,55000.0,1000.0,388100.0
366,2021-10-19 04:10:15,55000.0,400.0,387100.0
367,2021-10-19 04:10:09,55000.0,2600.0,386700.0
368,2021-10-19 04:10:09,55000.0,200.0,384100.0
369,2021-10-19 04:10:09,55000.0,100.0,383900.0
370,2021-10-19 04:10:09,55000.0,1000.0,383800.0
371,2021-10-19 04:10:09,55000.0,200.0,382800.0
372,2021-10-19 04:09:59,55000.0,300.0,382600.0
373,2021-10-19 04:09:41,55000.0,1000.0,382300.0
374,2021-10-19 04:09:35,55000.0,100.0,381300.0
375,2021-10-19 04:09:22,55000.0,900.0,381200.0
376,2021-10-19 04:09:22,55000.0,200.0,380300.0
377,2021-10-19 04:09:22,55000.0,200.0,380100.0
378,2021-10-19 04:09:22,55000.0,200.0,379900.0
379,2021-10-19 04:09:22,55000.0,100.0,379700.0
380,2021-10-19 04:09:22,55000.0,300.0,379600.0
381,2021-10-19 04:09:22,55000.0,200.0,379300.0
382,2021-10-19 04:09:22,55000.0,400.0,379100.0
383,2021-10-19 04:09:22,55000.0,2000.0,378700.0
384,2021-10-19 04:09:22,55000.0,1300.0,376700.0
385,2021-10-19 04:09:22,55000.0,200.0,375400.0
386,2021-10-19 04:09:22,55000.0,500.0,375200.0
387,2021-10-19 04:09:22,55000.0,300.0,374700.0
388,2021-10-19 04:09:22,55000.0,200.0,374400.0
389,2021-10-19 04:07:19,54900.0,2500.0,374200.0
390,2021-10-19 04:07:19,54900.0,100.0,371700.0
391,2021-10-19 04:07:19,54900.0,100.0,371600.0
392,2021-10-19 04:07:19,54900.0,1300.0,371500.0
393,2021-10-19 04:07:19,54900.0,200.0,370200.0
394,2021-10-19 04:07:19,54900.0,2000.0,370000.0
395,2021-10-19 04:07:19,54900.0,2500.0,368000.0
396,2021-10-19 04:07:19,54900.0,1800.0,365500.0
397,2021-10-19 04:05:09,54900.0,100.0,363700.0
398,2021-10-19 04:05:09,54900.0,300.0,363600.0
399,2021-10-19 04:05:09,54900.0,2800.0,363300.0
400,2021-10-19 04:05:05,54900.0,1000.0,360500.0
401,2021-10-19 04:04:50,54900.0,5000.0,359500.0
402,2021-10-19 04:04:49,54900.0,200.0,354500.0
403,2021-10-19 04:04:40,54900.0,1000.0,354300.0
404,2021-10-19 04:04:40,54900.0,3000.0,353300.0
405,2021-10-19 04:04:40,54900.0,1000.0,350300.0
406,2021-10-19 04:04:23,54900.0,400.0,349300.0
407,2021-10-19 04:03:53,54900.0,800.0,348900.0
408,2021-10-19 04:02:56,54900.0,200.0,348100.0
409,2021-10-19 04:01:46,54900.0,600.0,347900.0
410,2021-10-19 04:01:46,54900.0,300.0,347300.0
411,2021-10-19 04:01:46,54900.0,1000.0,347000.0
412,2021-10-19 04:01:46,54900.0,100.0,346000.0
413,2021-10-19 04:00:58,54900.0,200.0,345900.0
414,2021-10-19 04:00:23,54800.0,700.0,345700.0
415,2021-10-19 04:00:23,54800.0,300.0,345000.0
416,2021-10-19 03:59:27,54800.0,200.0,344700.0
417,2021-10-19 03:59:01,54800.0,800.0,344500.0
418,2021-10-19 03:59:01,54800.0,100.0,343700.0
419,2021-10-19 03:59:01,54800.0,100.0,343600.0
420,2021-10-19 03:58:25,54800.0,200.0,343500.0
421,2021-10-19 03:58:20,54800.0,100.0,343300.0
422,2021-10-19 03:58:16,54800.0,400.0,343200.0
423,2021-10-19 03:58:16,54800.0,100.0,342800.0
424,2021-10-19 03:58:16,54800.0,300.0,342700.0
425,2021-10-19 03:58:04,54800.0,500.0,342400.0
426,2021-10-19 03:57:45,54800.0,200.0,341900.0
427,2021-10-19 03:57:44,54800.0,2000.0,341700.0
428,2021-10-19 03:56:02,54700.0,300.0,339700.0
429,2021-10-19 03:55:53,54700.0,700.0,339400.0
430,2021-10-19 03:55:53,54700.0,1300.0,338700.0
431,2021-10-19 03:55:49,54700.0,100.0,337400.0
432,2021-10-19 03:55:02,54700.0,300.0,337300.0
433,2021-10-19 03:54:30,54700.0,1000.0,337000.0
434,2021-10-19 03:54:13,54700.0,300.0,336000.0
435,2021-10-19 03:54:13,54700.0,200.0,335700.0
436,2021-10-19 03:53:58,54700.0,200.0,335500.0
437,2021-10-19 03:53:58,54700.0,200.0,335300.0
438,2021-10-19 03:53:58,54700.0,600.0,335100.0
439,2021-10-19 03:53:24,54700.0,400.0,334500.0
440,2021-10-19 03:53:24,54700.0,500.0,334100.0
441,2021-10-19 03:53:24,54700.0,100.0,333600.0
442,2021-10-19 03:53:15,54700.0,800.0,333500.0
443,2021-10-19 03:52:38,54600.0,1500.0,332700.0
444,2021-10-19 03:52:38,54600.0,1000.0,331200.0
445,2021-10-19 03:52:36,54700.0,1000.0,330200.0
446,2021-10-19 03:52:24,54700.0,100.0,329200.0
447,2021-10-19 03:52:12,54700.0,1000.0,329100.0
448,2021-10-19 03:52:05,54700.0,1600.0,328100.0
449,2021-10-19 03:51:56,54700.0,100.0,326500.0
450,2021-10-19 03:49:59,54600.0,100.0,326400.0
451,2021-10-19 03:49:59,54600.0,100.0,326300.0
452,2021-10-19 03:49:59,54600.0,100.0,326200.0
453,2021-10-19 03:49:50,54600.0,1900.0,326100.0
454,2021-10-19 03:49:50,54600.0,1000.0,324200.0
455,2021-10-19 03:49:50,54600.0,1000.0,323200.0
456,2021-10-19 03:49:50,54600.0,100.0,322200.0
457,2021-10-19 03:49:50,54600.0,100.0,322100.0
458,2021-10-19 03:49:50,54600.0,200.0,322000.0
459,2021-10-19 03:49:50,54600.0,100.0,321800.0
460,2021-10-19 03:49:50,54600.0,100.0,321700.0
461,2021-10-19 03:49:50,54600.0,500.0,321600.0
462,2021-10-19 03:49:50,54600.0,100.0,321100.0
463,2021-10-19 03:49:50,54600.0,100.0,321000.0
464,2021-10-19 03:49:50,54600.0,2000.0,320900.0
465,2021-10-19 03:49:50,54600.0,600.0,318900.0
466,2021-10-19 03:48:53,54600.0,300.0,318300.0
467,2021-10-19 03:48:53,54600.0,300.0,318000.0
468,2021-10-19 03:48:53,54600.0,2000.0,317700.0
469,2021-10-19 03:48:53,54600.0,300.0,315700.0
470,2021-10-19 03:48:53,54600.0,200.0,315400.0
471,2021-10-19 03:48:53,54600.0,100.0,315200.0
472,2021-10-19 03:46:22,54600.0,100.0,315100.0
473,2021-10-19 03:45:58,54700.0,1000.0,315000.0
474,2021-10-19 03:43:58,54700.0,100.0,314000.0
475,2021-10-19 03:43:50,54700.0,1000.0,313900.0
476,2021-10-19 03:42:52,54700.0,300.0,312900.0
477,2021-10-19 03:42:13,54700.0,100.0,312600.0
478,2021-10-19 03:41:24,54700.0,100.0,312500.0
479,2021-10-19 03:38:46,54600.0,1000.0,312400.0
480,2021-10-19 03:38:43,54600.0,100.0,311400.0
481,2021-10-19 03:37:56,54600.0,500.0,311300.0
482,2021-10-19 03:37:56,54600.0,100.0,310800.0
483,2021-10-19 03:37:56,54600.0,500.0,310700.0
484,2021-10-19 03:37:56,54600.0,200.0,310200.0
485,2021-10-19 03:37:56,54600.0,800.0,310000.0
486,2021-10-19 03:37:29,54500.0,1600.0,309200.0
487,2021-10-19 03:37:29,54500.0,1000.0,307600.0
488,2021-10-19 03:37:29,54500.0,100.0,306600.0
489,2021-10-19 03:37:29,54500.0,200.0,306500.0
490,2021-10-19 03:37:29,54500.0,500.0,306300.0
491,2021-10-19 03:37:29,54500.0,300.0,305800.0
492,2021-10-19 03:37:29,54500.0,500.0,305500.0
493,2021-10-19 03:37:29,54500.0,200.0,305000.0
494,2021-10-19 03:37:29,54500.0,1000.0,304800.0
495,2021-10-19 03:37:29,54500.0,500.0,303800.0
496,2021-10-19 03:37:29,54500.0,200.0,303300.0
497,2021-10-19 03:37:29,54500.0,1500.0,303100.0
498,2021-10-19 03:37:29,54500.0,500.0,301600.0
499,2021-10-19 03:37:29,54500.0,200.0,301100.0
500,2021-10-19 03:37:29,54500.0,100.0,300900.0
501,2021-10-19 03:37:29,54500.0,500.0,300800.0
502,2021-10-19 03:37:29,54500.0,1000.0,300300.0
503,2021-10-19 03:37:29,54500.0,100.0,299300.0
504,2021-10-19 03:37:28,54600.0,300.0,299200.0
505,2021-10-19 03:37:03,54600.0,900.0,298900.0
506,2021-10-19 03:37:03,54600.0,100.0,298000.0
507,2021-10-19 03:36:44,54600.0,500.0,297900.0
508,2021-10-19 03:35:58,54600.0,100.0,297400.0
509,2021-10-19 03:35:57,54600.0,100.0,297300.0
510,2021-10-19 03:35:39,54600.0,100.0,297200.0
511,2021-10-19 03:35:31,54600.0,800.0,297100.0
512,2021-10-19 03:35:03,54600.0,2000.0,296300.0
513,2021-10-19 03:34:23,54600.0,100.0,294300.0
514,2021-10-19 03:34:23,54600.0,300.0,294200.0
515,2021-10-19 03:34:23,54600.0,400.0,293900.0
516,2021-10-19 03:34:23,54600.0,500.0,293500.0
517,2021-10-19 03:33:53,54600.0,500.0,293000.0
518,2021-10-19 03:33:53,54600.0,500.0,292500.0
519,2021-10-19 03:33:40,54600.0,100.0,292000.0
520,2021-10-19 03:33:40,54600.0,300.0,291900.0
521,2021-10-19 03:33:40,54600.0,500.0,291600.0
522,2021-10-19 03:33:40,54600.0,100.0,291100.0
523,2021-10-19 03:32:52,54600.0,1100.0,291000.0
524,2021-10-19 03:32:52,54600.0,500.0,289900.0
525,2021-10-19 03:32:52,54600.0,500.0,289400.0
526,2021-10-19 03:32:52,54600.0,100.0,288900.0
527,2021-10-19 03:32:52,54600.0,100.0,288800.0
528,2021-10-19 03:32:52,54600.0,1000.0,288700.0
529,2021-10-19 03:32:52,54600.0,100.0,287700.0
530,2021-10-19 03:32:52,54600.0,200.0,287600.0
531,2021-10-19 03:32:52,54600.0,500.0,287400.0
532,2021-10-19 03:32:52,54600.0,100.0,286900.0
533,2021-10-19 03:32:52,54600.0,100.0,286800.0
534,2021-10-19 03:32:52,54600.0,1000.0,286700.0
535,2021-10-19 03:32:52,54600.0,100.0,285700.0
536,2021-10-19 03:32:52,54600.0,600.0,285600.0
537,2021-10-19 03:32:52,54600.0,100.0,285000.0
538,2021-10-19 03:32:52,54600.0,1000.0,284900.0
539,2021-10-19 03:32:52,54600.0,2900.0,283900.0
540,2021-10-19 03:32:36,54700.0,2000.0,281000.0
541,2021-10-19 03:32:36,54700.0,100.0,279000.0
542,2021-10-19 03:29:46,54700.0,100.0,278900.0
543,2021-10-19 03:29:38,54600.0,4000.0,278800.0
544,2021-10-19 03:28:05,54700.0,1000.0,274800.0
545,2021-10-19 03:27:20,54600.0,1000.0,273800.0
546,2021-10-19 03:27:17,54600.0,1000.0,272800.0
547,2021-10-19 03:26:26,54700.0,1000.0,271800.0
548,2021-10-19 03:23:52,54700.0,500.0,270800.0
549,2021-10-19 03:23:34,54700.0,100.0,270300.0
550,2021-10-19 03:23:34,54700.0,100.0,270200.0
551,2021-10-19 03:23:34,54700.0,100.0,270100.0
552,2021-10-19 03:23:09,54700.0,400.0,270000.0
553,2021-10-19 03:23:09,54700.0,100.0,269600.0
554,2021-10-19 03:23:09,54700.0,500.0,269500.0
555,2021-10-19 03:22:30,54700.0,100.0,269000.0
556,2021-10-19 03:22:25,54700.0,400.0,268900.0
557,2021-10-19 03:22:25,54700.0,900.0,268500.0
558,2021-10-19 03:19:51,54700.0,1000.0,267600.0
559,2021-10-19 03:18:22,54700.0,200.0,266600.0
560,2021-10-19 03:18:11,54700.0,700.0,266400.0
561,2021-10-19 03:18:11,54700.0,1800.0,265700.0
562,2021-10-19 03:17:39,54600.0,1100.0,263900.0
563,2021-10-19 03:17:39,54600.0,100.0,262800.0
564,2021-10-19 03:17:39,54600.0,100.0,262700.0
565,2021-10-19 03:17:39,54600.0,700.0,262600.0
566,2021-10-19 03:17:38,54600.0,100.0,261900.0
567,2021-10-19 03:17:07,54600.0,200.0,261800.0
568,2021-10-19 03:17:07,54600.0,800.0,261600.0
569,2021-10-19 03:15:57,54700.0,100.0,260800.0
570,2021-10-19 03:15:39,54700.0,500.0,260700.0
571,2021-10-19 03:15:24,54700.0,100.0,260200.0
572,2021-10-19 03:14:32,54700.0,100.0,260100.0
573,2021-10-19 03:14:32,54700.0,300.0,260000.0
574,2021-10-19 03:14:14,54700.0,100.0,259700.0
575,2021-10-19 03:13:53,54600.0,200.0,259600.0
576,2021-10-19 03:13:53,54600.0,100.0,259400.0
577,2021-10-19 03:13:53,54700.0,500.0,259300.0
578,2021-10-19 03:13:53,54700.0,1500.0,258800.0
579,2021-10-19 03:12:58,54700.0,5500.0,257300.0
580,2021-10-19 03:12:58,54700.0,3000.0,251800.0
581,2021-10-19 03:12:58,54700.0,100.0,248800.0
582,2021-10-19 03:12:58,54700.0,100.0,248700.0
583,2021-10-19 03:12:58,54700.0,3000.0,248600.0
584,2021-10-19 03:12:58,54700.0,300.0,245600.0
585,2021-10-19 03:12:58,54700.0,2900.0,245300.0
586,2021-10-19 03:12:58,54700.0,100.0,242400.0
587,2021-10-19 03:11:56,54700.0,100.0,242300.0
588,2021-10-19 03:11:56,54700.0,100.0,242200.0
589,2021-10-19 03:11:56,54700.0,500.0,242100.0
590,2021-10-19 03:11:56,54700.0,200.0,241600.0
591,2021-10-19 03:11:56,54700.0,500.0,241400.0
592,2021-10-19 03:11:37,54800.0,100.0,240900.0
593,2021-10-19 03:11:34,54700.0,500.0,240800.0
594,2021-10-19 03:11:34,54700.0,1000.0,240300.0
595,2021-10-19 03:11:34,54700.0,100.0,239300.0
596,2021-10-19 03:11:34,54700.0,100.0,239200.0
597,2021-10-19 03:10:40,54700.0,400.0,239100.0
598,2021-10-19 03:10:40,54700.0,100.0,238700.0
599,2021-10-19 03:10:40,54700.0,400.0,238600.0
600,2021-10-19 03:10:40,54700.0,100.0,238200.0
601,2021-10-19 03:10:40,54700.0,400.0,238100.0
602,2021-10-19 03:10:16,54800.0,100.0,237700.0
603,2021-10-19 03:10:05,54800.0,800.0,237600.0
604,2021-10-19 03:10:03,54800.0,200.0,236800.0
605,2021-10-19 03:10:00,54900.0,700.0,236600.0
606,2021-10-19 03:10:00,54900.0,100.0,235900.0
607,2021-10-19 03:10:00,54900.0,100.0,235800.0
608,2021-10-19 03:09:10,54700.0,700.0,235700.0
609,2021-10-19 03:09:10,54700.0,100.0,235000.0
610,2021-10-19 03:09:10,54700.0,1300.0,234900.0
611,2021-10-19 03:09:10,54800.0,1500.0,233600.0
612,2021-10-19 03:09:10,54800.0,200.0,232100.0
613,2021-10-19 03:06:38,54700.0,200.0,231900.0
614,2021-10-19 03:03:14,54700.0,1100.0,231700.0
615,2021-10-19 03:03:14,54800.0,100.0,230600.0
616,2021-10-19 03:03:09,54800.0,1000.0,230500.0
617,2021-10-19 03:03:09,54800.0,500.0,229500.0
618,2021-10-19 03:03:04,54800.0,200.0,229000.0
619,2021-10-19 03:02:08,54800.0,500.0,228800.0
620,2021-10-19 03:02:07,54800.0,1800.0,228300.0
621,2021-10-19 03:02:07,54800.0,1700.0,226500.0
622,2021-10-19 03:01:58,54800.0,500.0,224800.0
623,2021-10-19 03:00:35,54700.0,1700.0,224300.0
624,2021-10-19 03:00:33,54800.0,100.0,222600.0
625,2021-10-19 03:00:14,54800.0,100.0,222500.0
626,2021-10-19 02:59:19,54800.0,700.0,222400.0
627,2021-10-19 02:58:36,54700.0,500.0,221700.0
628,2021-10-19 02:58:03,54800.0,100.0,221200.0
629,2021-10-19 02:58:03,54800.0,1000.0,221100.0
630,2021-10-19 02:58:03,54800.0,300.0,220100.0
631,2021-10-19 02:58:03,54800.0,500.0,219800.0
632,2021-10-19 02:58:02,54800.0,400.0,219300.0
633,2021-10-19 02:56:54,54800.0,100.0,218900.0
634,2021-10-19 02:56:53,54800.0,500.0,218800.0
635,2021-10-19 02:56:52,54800.0,1000.0,218300.0
636,2021-10-19 02:56:38,54800.0,500.0,217300.0
637,2021-10-19 02:56:23,54700.0,100.0,216800.0
638,2021-10-19 02:55:59,54700.0,1000.0,216700.0
639,2021-10-19 02:55:59,54700.0,4100.0,215700.0
640,2021-10-19 02:55:54,54700.0,1000.0,211600.0
641,2021-10-19 02:55:52,54600.0,300.0,210600.0
642,2021-10-19 02:55:52,54600.0,100.0,210300.0
643,2021-10-19 02:55:52,54600.0,100.0,210200.0
644,2021-10-19 02:53:50,54600.0,400.0,210100.0
645,2021-10-19 02:53:50,54600.0,400.0,209700.0
646,2021-10-19 02:53:50,54600.0,1000.0,209300.0
647,2021-10-19 02:53:50,54600.0,300.0,208300.0
648,2021-10-19 02:53:50,54600.0,200.0,208000.0
649,2021-10-19 02:53:50,54600.0,200.0,207800.0
650,2021-10-19 02:53:50,54600.0,2000.0,207600.0
651,2021-10-19 02:53:50,54600.0,500.0,205600.0
652,2021-10-19 02:52:46,54600.0,500.0,205100.0
653,2021-10-19 02:52:46,54600.0,200.0,204600.0
654,2021-10-19 02:52:46,54600.0,2000.0,204400.0
655,2021-10-19 02:52:46,54600.0,1000.0,202400.0
656,2021-10-19 02:52:46,54600.0,1000.0,201400.0
657,2021-10-19 02:52:46,54600.0,1000.0,200400.0
658,2021-10-19 02:52:46,54600.0,1000.0,199400.0
659,2021-10-19 02:52:46,54600.0,500.0,198400.0
660,2021-10-19 02:52:46,54600.0,200.0,197900.0
661,2021-10-19 02:52:46,54600.0,100.0,197700.0
662,2021-10-19 02:52:46,54600.0,2500.0,197600.0
663,2021-10-19 02:50:26,54600.0,500.0,195100.0
664,2021-10-19 02:50:26,54600.0,200.0,194600.0
665,2021-10-19 02:50:26,54600.0,300.0,194400.0
666,2021-10-19 02:48:51,54600.0,4700.0,194100.0
667,2021-10-19 02:48:51,54600.0,200.0,189400.0
668,2021-10-19 02:48:51,54600.0,200.0,189200.0
669,2021-10-19 02:48:51,54600.0,100.0,189000.0
670,2021-10-19 02:48:51,54600.0,1000.0,188900.0
671,2021-10-19 02:48:51,54600.0,400.0,187900.0
672,2021-10-19 02:48:51,54600.0,100.0,187500.0
673,2021-10-19 02:48:51,54600.0,3000.0,187400.0
674,2021-10-19 02:48:51,54600.0,500.0,184400.0
675,2021-10-19 02:48:51,54600.0,800.0,183900.0
676,2021-10-19 02:47:44,54600.0,100.0,183100.0
677,2021-10-19 02:47:43,54600.0,100.0,183000.0
678,2021-10-19 02:47:43,54600.0,100.0,182900.0
679,2021-10-19 02:46:30,54600.0,200.0,182800.0
680,2021-10-19 02:46:30,54600.0,1000.0,182600.0
681,2021-10-19 02:46:18,54600.0,100.0,181600.0
682,2021-10-19 02:45:48,54600.0,400.0,181500.0
683,2021-10-19 02:45:11,54600.0,200.0,181100.0
684,2021-10-19 02:45:03,54600.0,100.0,180900.0
685,2021-10-19 02:45:03,54600.0,200.0,180800.0
686,2021-10-19 02:45:03,54600.0,500.0,180600.0
687,2021-10-19 02:44:21,54600.0,100.0,180100.0
688,2021-10-19 02:44:21,54600.0,9900.0,180000.0
689,2021-10-19 02:44:07,54600.0,100.0,170100.0
690,2021-10-19 02:43:24,54700.0,100.0,170000.0
691,2021-10-19 02:43:12,54700.0,600.0,169900.0
692,2021-10-19 02:43:12,54600.0,400.0,169300.0
693,2021-10-19 02:42:47,54600.0,100.0,168900.0
694,2021-10-19 02:42:46,54600.0,500.0,168800.0
695,2021-10-19 02:42:46,54600.0,500.0,168300.0
696,2021-10-19 02:42:46,54600.0,100.0,167800.0
697,2021-10-19 02:42:46,54600.0,1400.0,167700.0
698,2021-10-19 02:41:50,54600.0,500.0,166300.0
699,2021-10-19 02:41:30,54600.0,100.0,165800.0
700,2021-10-19 02:41:30,54600.0,600.0,165700.0
701,2021-10-19 02:41:30,54600.0,1300.0,165100.0
702,2021-10-19 02:41:26,54600.0,200.0,163800.0
703,2021-10-19 02:41:25,54600.0,800.0,163600.0
704,2021-10-19 02:41:13,54600.0,1400.0,162800.0
705,2021-10-19 02:41:13,54600.0,1000.0,161400.0
706,2021-10-19 02:41:13,54600.0,500.0,160400.0
707,2021-10-19 02:41:13,54600.0,500.0,159900.0
708,2021-10-19 02:41:13,54600.0,100.0,159400.0
709,2021-10-19 02:41:13,54600.0,100.0,159300.0
710,2021-10-19 02:41:13,54600.0,100.0,159200.0
711,2021-10-19 02:41:13,54600.0,400.0,159100.0
712,2021-10-19 02:41:13,54600.0,500.0,158700.0
713,2021-10-19 02:41:13,54600.0,1000.0,158200.0
714,2021-10-19 02:41:13,54600.0,100.0,157200.0
715,2021-10-19 02:41:13,54600.0,100.0,157100.0
716,2021-10-19 02:41:13,54600.0,200.0,157000.0
717,2021-10-19 02:41:13,54600.0,300.0,156800.0
718,2021-10-19 02:41:13,54600.0,1000.0,156500.0
719,2021-10-19 02:41:08,54700.0,100.0,155500.0
720,2021-10-19 02:40:13,54700.0,500.0,155400.0
721,2021-10-19 02:39:43,54700.0,100.0,154900.0
722,2021-10-19 02:39:43,54700.0,1000.0,154800.0
723,2021-10-19 02:39:43,54700.0,500.0,153800.0
724,2021-10-19 02:39:43,54700.0,200.0,153300.0
725,2021-10-19 02:39:43,54700.0,100.0,153100.0
726,2021-10-19 02:39:43,54700.0,1700.0,153000.0
727,2021-10-19 02:38:58,54700.0,100.0,151300.0
728,2021-10-19 02:38:58,54700.0,200.0,151200.0
729,2021-10-19 02:38:58,54700.0,500.0,151000.0
730,2021-10-19 02:38:58,54700.0,100.0,150500.0
731,2021-10-19 02:38:58,54700.0,300.0,150400.0
732,2021-10-19 02:38:58,54700.0,100.0,150100.0
733,2021-10-19 02:38:58,54700.0,100.0,150000.0
734,2021-10-19 02:38:58,54700.0,3700.0,149900.0
735,2021-10-19 02:38:45,54700.0,300.0,146200.0
736,2021-10-19 02:38:22,54800.0,400.0,145900.0
737,2021-10-19 02:38:22,54800.0,500.0,145500.0
738,2021-10-19 02:38:22,54800.0,100.0,145000.0
739,2021-10-19 02:38:04,54700.0,300.0,144900.0
740,2021-10-19 02:37:11,54700.0,500.0,144600.0
741,2021-10-19 02:37:11,54700.0,100.0,144100.0
742,2021-10-19 02:37:11,54700.0,1000.0,144000.0
743,2021-10-19 02:35:42,54800.0,4500.0,143000.0
744,2021-10-19 02:35:42,54800.0,300.0,138500.0
745,2021-10-19 02:35:42,54800.0,200.0,138200.0
746,2021-10-19 02:35:22,54600.0,100.0,138000.0
747,2021-10-19 02:35:22,54700.0,100.0,137900.0
748,2021-10-19 02:35:22,54700.0,2000.0,137800.0
749,2021-10-19 02:34:25,54700.0,200.0,135800.0
750,2021-10-19 02:34:25,54700.0,300.0,135600.0
751,2021-10-19 02:34:25,54700.0,100.0,135300.0
752,2021-10-19 02:34:25,54700.0,100.0,135200.0
753,2021-10-19 02:34:25,54700.0,500.0,135100.0
754,2021-10-19 02:34:25,54700.0,3800.0,134600.0
755,2021-10-19 02:34:19,54800.0,500.0,130800.0
756,2021-10-19 02:34:19,54800.0,200.0,130300.0
757,2021-10-19 02:34:19,54800.0,100.0,130100.0
758,2021-10-19 02:34:19,54800.0,200.0,130000.0
759,2021-10-19 02:34:19,54800.0,400.0,129800.0
760,2021-10-19 02:33:53,54800.0,500.0,129400.0
761,2021-10-19 02:33:26,54800.0,100.0,128900.0
762,2021-10-19 02:33:26,54800.0,300.0,128800.0
763,2021-10-19 02:33:15,54900.0,300.0,128500.0
764,2021-10-19 02:33:09,54800.0,100.0,128200.0
765,2021-10-19 02:33:09,54800.0,100.0,128100.0
766,2021-10-19 02:33:08,54800.0,100.0,128000.0
767,2021-10-19 02:32:53,54800.0,100.0,127900.0
768,2021-10-19 02:32:53,54800.0,400.0,127800.0
769,2021-10-19 02:32:29,54800.0,500.0,127400.0
770,2021-10-19 02:32:05,54800.0,3000.0,126900.0
771,2021-10-19 02:31:56,54800.0,100.0,123900.0
772,2021-10-19 02:31:43,54800.0,200.0,123800.0
773,2021-10-19 02:31:32,54800.0,500.0,123600.0
774,2021-10-19 02:30:58,54800.0,300.0,123100.0
775,2021-10-19 02:30:55,54700.0,700.0,122800.0
776,2021-10-19 02:30:55,54700.0,500.0,122100.0
777,2021-10-19 02:30:55,54700.0,200.0,121600.0
778,2021-10-19 02:30:55,54700.0,100.0,121400.0
779,2021-10-19 02:30:55,54700.0,100.0,121300.0
780,2021-10-19 02:30:55,54700.0,1000.0,121200.0
781,2021-10-19 02:30:55,54700.0,100.0,120200.0
782,2021-10-19 02:30:53,54700.0,300.0,120100.0
783,2021-10-19 02:29:42,54700.0,200.0,119800.0
784,2021-10-19 02:29:15,54800.0,1000.0,119600.0
785,2021-10-19 02:29:09,54800.0,500.0,118600.0
786,2021-10-19 02:29:09,54800.0,100.0,118100.0
787,2021-10-19 02:29:09,54800.0,1500.0,118000.0
788,2021-10-19 02:29:09,54800.0,400.0,116500.0
789,2021-10-19 02:29:09,54800.0,200.0,116100.0
790,2021-10-19 02:29:09,54800.0,100.0,115900.0
791,2021-10-19 02:29:09,54800.0,2000.0,115800.0
792,2021-10-19 02:29:09,54900.0,100.0,113800.0
793,2021-10-19 02:28:37,54900.0,400.0,113700.0
794,2021-10-19 02:28:37,54900.0,100.0,113300.0
795,2021-10-19 02:28:37,54900.0,200.0,113200.0
796,2021-10-19 02:28:31,55000.0,100.0,113000.0
797,2021-10-19 02:28:31,55000.0,900.0,112900.0
798,2021-10-19 02:28:26,54900.0,100.0,112000.0
799,2021-10-19 02:28:04,54900.0,200.0,111900.0
800,2021-10-19 02:28:03,55000.0,100.0,111700.0
801,2021-10-19 02:27:45,55000.0,200.0,111600.0
802,2021-10-19 02:27:38,55000.0,700.0,111400.0
803,2021-10-19 02:27:32,55000.0,500.0,110700.0
804,2021-10-19 02:27:06,55000.0,1600.0,110200.0
805,2021-10-19 02:27:06,55000.0,100.0,108600.0
806,2021-10-19 02:27:06,55000.0,300.0,108500.0
807,2021-10-19 02:27:06,54900.0,300.0,108200.0
808,2021-10-19 02:27:03,54900.0,200.0,107900.0
809,2021-10-19 02:26:47,54900.0,100.0,107700.0
810,2021-10-19 02:26:12,54800.0,300.0,107600.0
811,2021-10-19 02:26:07,54800.0,4400.0,107300.0
812,2021-10-19 02:26:04,54700.0,600.0,102900.0
813,2021-10-19 02:25:52,54800.0,600.0,102300.0
814,2021-10-19 02:25:32,54800.0,100.0,101700.0
815,2021-10-19 02:25:32,54800.0,100.0,101600.0
816,2021-10-19 02:25:32,54800.0,800.0,101500.0
817,2021-10-19 02:25:10,54700.0,1800.0,100700.0
818,2021-10-19 02:25:10,54700.0,100.0,98900.0
819,2021-10-19 02:25:10,54700.0,200.0,98800.0
820,2021-10-19 02:25:02,54600.0,900.0,98600.0
821,2021-10-19 02:25:02,54600.0,1400.0,97700.0
822,2021-10-19 02:24:45,54600.0,400.0,96300.0
823,2021-10-19 02:24:45,54600.0,100.0,95900.0
824,2021-10-19 02:24:45,54600.0,100.0,95800.0
825,2021-10-19 02:24:35,54600.0,200.0,95700.0
826,2021-10-19 02:24:27,54600.0,100.0,95500.0
827,2021-10-19 02:24:26,54500.0,100.0,95400.0
828,2021-10-19 02:24:25,54600.0,800.0,95300.0
829,2021-10-19 02:24:25,54600.0,200.0,94500.0
830,2021-10-19 02:24:06,54500.0,2000.0,94300.0
831,2021-10-19 02:24:06,54500.0,300.0,92300.0
832,2021-10-19 02:24:06,54500.0,5000.0,92000.0
833,2021-10-19 02:24:06,54500.0,500.0,87000.0
834,2021-10-19 02:24:06,54500.0,1000.0,86500.0
835,2021-10-19 02:24:06,54500.0,800.0,85500.0
836,2021-10-19 02:24:06,54500.0,400.0,84700.0
837,2021-10-19 02:23:56,54400.0,300.0,84300.0
838,2021-10-19 02:23:53,54400.0,300.0,84000.0
839,2021-10-19 02:23:53,54400.0,200.0,83700.0
840,2021-10-19 02:23:34,54300.0,100.0,83500.0
841,2021-10-19 02:23:00,54300.0,200.0,83400.0
842,2021-10-19 02:22:44,54300.0,100.0,83200.0
843,2021-10-19 02:22:29,54300.0,400.0,83100.0
844,2021-10-19 02:21:49,54200.0,300.0,82700.0
845,2021-10-19 02:21:49,54300.0,1000.0,82400.0
846,2021-10-19 02:21:49,54300.0,1000.0,81400.0
847,2021-10-19 02:21:49,54300.0,500.0,80400.0
848,2021-10-19 02:21:49,54300.0,1000.0,79900.0
849,2021-10-19 02:21:49,54300.0,300.0,78900.0
850,2021-10-19 02:21:49,54300.0,100.0,78600.0
851,2021-10-19 02:21:49,54300.0,200.0,78500.0
852,2021-10-19 02:21:49,54300.0,200.0,78300.0
853,2021-10-19 02:21:49,54300.0,800.0,78100.0
854,2021-10-19 02:21:49,54400.0,100.0,77300.0
855,2021-10-19 02:21:49,54400.0,200.0,77200.0
856,2021-10-19 02:21:49,54400.0,300.0,77000.0
857,2021-10-19 02:21:49,54400.0,500.0,76700.0
858,2021-10-19 02:21:49,54400.0,100.0,76200.0
859,2021-10-19 02:21:49,54400.0,200.0,76100.0
860,2021-10-19 02:21:49,54400.0,100.0,75900.0
861,2021-10-19 02:21:49,54400.0,100.0,75800.0
862,2021-10-19 02:21:49,54400.0,800.0,75700.0
863,2021-10-19 02:21:49,54400.0,200.0,74900.0
864,2021-10-19 02:21:46,54500.0,300.0,74700.0
865,2021-10-19 02:21:46,54500.0,700.0,74400.0
866,2021-10-19 02:21:41,54500.0,300.0,73700.0
867,2021-10-19 02:21:41,54500.0,700.0,73400.0
868,2021-10-19 02:21:26,54500.0,200.0,72700.0
869,2021-10-19 02:21:26,54500.0,1200.0,72500.0
870,2021-10-19 02:21:26,54500.0,6000.0,71300.0
871,2021-10-19 02:21:13,54500.0,300.0,65300.0
872,2021-10-19 02:21:11,54500.0,2000.0,65000.0
873,2021-10-19 02:21:05,54500.0,500.0,63000.0
874,2021-10-19 02:20:56,54500.0,200.0,62500.0
875,2021-10-19 02:20:56,54500.0,500.0,62300.0
876,2021-10-19 02:20:56,54500.0,200.0,61800.0
877,2021-10-19 02:20:56,54500.0,2000.0,61600.0
878,2021-10-19 02:20:56,54500.0,200.0,59600.0
879,2021-10-19 02:20:56,54500.0,200.0,59400.0
880,2021-10-19 02:20:56,54500.0,1300.0,59200.0
881,2021-10-19 02:20:23,54500.0,200.0,57900.0
882,2021-10-19 02:20:10,54500.0,500.0,57700.0
883,2021-10-19 02:20:09,54500.0,200.0,57200.0
884,2021-10-19 02:20:00,54500.0,200.0,57000.0
885,2021-10-19 02:20:00,54500.0,100.0,56800.0
886,2021-10-19 02:19:57,54500.0,100.0,56700.0
887,2021-10-19 02:19:57,54500.0,100.0,56600.0
888,2021-10-19 02:19:57,54500.0,300.0,56500.0
889,2021-10-19 02:19:55,54500.0,200.0,56200.0
890,2021-10-19 02:19:55,54500.0,200.0,56000.0
891,2021-10-19 02:19:55,54500.0,100.0,55800.0
892,2021-10-19 02:19:55,54500.0,1100.0,55700.0
893,2021-10-19 02:19:55,54500.0,100.0,54600.0
894,2021-10-19 02:19:55,54500.0,300.0,54500.0
895,2021-10-19 02:19:46,54600.0,100.0,54200.0
896,2021-10-19 02:19:32,54600.0,2000.0,54100.0
897,2021-10-19 02:19:11,54500.0,700.0,52100.0
898,2021-10-19 02:19:11,54500.0,200.0,51400.0
899,2021-10-19 02:19:11,54500.0,100.0,51200.0
900,2021-10-19 02:18:58,54500.0,200.0,51100.0
901,2021-10-19 02:18:58,54500.0,200.0,50900.0
902,2021-10-19 02:18:57,54600.0,300.0,50700.0
903,2021-10-19 02:18:34,54500.0,100.0,50400.0
904,2021-10-19 02:18:29,54500.0,1000.0,50300.0
905,2021-10-19 02:18:23,54500.0,300.0,49300.0
906,2021-10-19 02:18:06,54500.0,3400.0,49000.0
907,2021-10-19 02:18:06,54500.0,1100.0,45600.0
908,2021-10-19 02:18:06,54500.0,400.0,44500.0
909,2021-10-19 02:18:06,54500.0,100.0,44100.0
910,2021-10-19 02:18:02,54500.0,200.0,44000.0
911,2021-10-19 02:18:02,54500.0,800.0,43800.0
912,2021-10-19 02:18:00,54500.0,200.0,43000.0
913,2021-10-19 02:17:48,54500.0,100.0,42800.0
914,2021-10-19 02:17:48,54500.0,800.0,42700.0
915,2021-10-19 02:17:48,54500.0,100.0,41900.0
916,2021-10-19 02:17:35,54600.0,600.0,41800.0
917,2021-10-19 02:17:29,54600.0,300.0,41200.0
918,2021-10-19 02:17:29,54600.0,100.0,40900.0
919,2021-10-19 02:17:29,54600.0,100.0,40800.0
920,2021-10-19 02:17:29,54600.0,1400.0,40700.0
921,2021-10-19 02:17:29,54600.0,200.0,39300.0
922,2021-10-19 02:17:28,54600.0,1000.0,39100.0
923,2021-10-19 02:17:26,54600.0,8800.0,38100.0
924,2021-10-19 02:17:26,54600.0,200.0,29300.0
925,2021-10-19 02:17:26,54600.0,1000.0,29100.0
926,2021-10-19 02:17:20,54600.0,1000.0,28100.0
927,2021-10-19 02:17:06,54700.0,500.0,27100.0
928,2021-10-19 02:17:06,54700.0,2000.0,26600.0
929,2021-10-19 02:17:06,54700.0,200.0,24600.0
930,2021-10-19 02:17:06,54700.0,500.0,24400.0
931,2021-10-19 02:16:39,54800.0,200.0,23900.0
932,2021-10-19 02:16:39,54800.0,200.0,23700.0
933,2021-10-19 02:16:39,54800.0,800.0,23500.0
934,2021-10-19 02:16:31,54800.0,700.0,22700.0
935,2021-10-19 02:16:31,54800.0,500.0,22000.0
936,2021-10-19 02:16:28,54800.0,100.0,21500.0
937,2021-10-19 02:15:49,54800.0,900.0,21400.0
938,2021-10-19 02:15:49,54800.0,100.0,20500.0
939,2021-10-19 02:15:42,54900.0,2000.0,20400.0
940,2021-10-19 02:15:42,54900.0,700.0,18400.0
941,2021-10-19 02:15:40,54900.0,300.0,17700.0
942,2021-10-19 02:15:40,54900.0,1000.0,17400.0
943,2021-10-19 02:15:40,54900.0,300.0,16400.0
944,2021-10-19 02:15:40,54900.0,500.0,16100.0
945,2021-10-19 02:15:40,54900.0,100.0,15600.0
946,2021-10-19 02:15:40,54900.0,100.0,15500.0
947,2021-10-19 02:15:40,54900.0,700.0,15400.0
948,2021-10-19 02:15:28,54900.0,1100.0,14700.0
949,2021-10-19 02:15:23,54900.0,1000.0,13600.0
950,2021-10-19 02:15:00,54900.0,1200.0,12600.0
951,2021-10-19 02:15:00,54900.0,600.0,11400.0
952,2021-10-19 02:15:00,54900.0,100.0,10800.0
953,2021-10-19 02:15:00,54900.0,100.0,10700.0
954,2021-10-19 02:15:00,54900.0,200.0,10600.0
955,2021-10-19 02:15:00,54900.0,400.0,10400.0
956,2021-10-19 02:15:00,54900.0,1000.0,10000.0
957,2021-10-19 02:15:00,54900.0,1000.0,9000.0
958,2021-10-19 02:15:00,54900.0,2000.0,8000.0
959,2021-10-19 02:15:00,54900.0,300.0,6000.0
960,2021-10-19 02:15:00,54900.0,1000.0,5700.0
961,2021-10-19 02:15:00,54900.0,1500.0,4700.0
962,2021-10-19 02:15:00,54900.0,1000.0,3200.0
963,2021-10-19 02:15:00,54900.0,300.0,2200.0
964,2021-10-19 02:15:00,54900.0,700.0,1900.0
965,2021-10-19 02:15:00,54900.0,300.0,1200.0
966,2021-10-19 02:15:00,54900.0,500.0,900.0
967,2021-10-19 02:15:00,54900.0,200.0,400.0
968,2021-10-19 02:15:00,54900.0,200.0,200.0
