,Time,Price,Volume_per_trade,Volume
0,2021-10-06 07:45:00,53000.0,300.0,651600.0
1,2021-10-06 07:45:00,53000.0,2200.0,651300.0
2,2021-10-06 07:45:00,53000.0,500.0,649100.0
3,2021-10-06 07:45:00,53000.0,2400.0,648600.0
4,2021-10-06 07:45:00,53000.0,1000.0,646200.0
5,2021-10-06 07:45:00,53000.0,500.0,645200.0
6,2021-10-06 07:45:00,53000.0,100.0,644700.0
7,2021-10-06 07:45:00,53000.0,100.0,644600.0
8,2021-10-06 07:45:00,53000.0,3000.0,644500.0
9,2021-10-06 07:45:00,53000.0,500.0,641500.0
10,2021-10-06 07:45:00,53000.0,200.0,641000.0
11,2021-10-06 07:45:00,53000.0,9500.0,640800.0
12,2021-10-06 07:45:00,53000.0,6400.0,631300.0
13,2021-10-06 07:45:00,53000.0,3600.0,624900.0
14,2021-10-06 07:45:00,53000.0,3000.0,621300.0
15,2021-10-06 07:45:00,53000.0,2000.0,618300.0
16,2021-10-06 07:45:00,53000.0,1400.0,616300.0
17,2021-10-06 07:45:00,53000.0,500.0,614900.0
18,2021-10-06 07:45:00,53000.0,100.0,614400.0
19,2021-10-06 07:45:00,53000.0,800.0,614300.0
20,2021-10-06 07:45:00,53000.0,2500.0,613500.0
21,2021-10-06 07:45:00,53000.0,1000.0,611000.0
22,2021-10-06 07:45:00,53000.0,100.0,610000.0
23,2021-10-06 07:45:00,53000.0,500.0,609900.0
24,2021-10-06 07:45:00,53000.0,1000.0,609400.0
25,2021-10-06 07:45:00,53000.0,300.0,608400.0
26,2021-10-06 07:45:00,53000.0,100.0,608100.0
27,2021-10-06 07:29:52,52900.0,400.0,608000.0
28,2021-10-06 07:29:37,53000.0,300.0,607600.0
29,2021-10-06 07:29:12,53000.0,100.0,607300.0
30,2021-10-06 07:29:05,53000.0,2000.0,607200.0
31,2021-10-06 07:28:03,53000.0,200.0,605200.0
32,2021-10-06 07:28:03,53000.0,1000.0,605000.0
33,2021-10-06 07:28:03,53000.0,100.0,604000.0
34,2021-10-06 07:28:03,53000.0,200.0,603900.0
35,2021-10-06 07:28:03,53000.0,500.0,603700.0
36,2021-10-06 07:28:03,53000.0,200.0,603200.0
37,2021-10-06 07:27:58,53000.0,300.0,603000.0
38,2021-10-06 07:27:58,53000.0,100.0,602700.0
39,2021-10-06 07:27:54,53000.0,200.0,602600.0
40,2021-10-06 07:27:54,53000.0,100.0,602400.0
41,2021-10-06 07:27:30,53000.0,100.0,602300.0
42,2021-10-06 07:27:30,53000.0,400.0,602200.0
43,2021-10-06 07:27:30,53000.0,300.0,601800.0
44,2021-10-06 07:27:30,53000.0,2700.0,601500.0
45,2021-10-06 07:27:30,53000.0,900.0,598800.0
46,2021-10-06 07:27:30,53000.0,100.0,597900.0
47,2021-10-06 07:27:30,53000.0,500.0,597800.0
48,2021-10-06 07:27:30,53000.0,100.0,597300.0
49,2021-10-06 07:27:30,53000.0,500.0,597200.0
50,2021-10-06 07:27:30,53000.0,400.0,596700.0
51,2021-10-06 07:27:30,53000.0,700.0,596300.0
52,2021-10-06 07:27:30,53000.0,300.0,595600.0
53,2021-10-06 07:27:30,53000.0,100.0,595300.0
54,2021-10-06 07:27:30,53000.0,2800.0,595200.0
55,2021-10-06 07:27:30,53000.0,100.0,592400.0
56,2021-10-06 07:27:30,53000.0,100.0,592300.0
57,2021-10-06 07:27:30,53000.0,200.0,592200.0
58,2021-10-06 07:27:30,53000.0,200.0,592000.0
59,2021-10-06 07:27:30,53000.0,100.0,591800.0
60,2021-10-06 07:27:30,53000.0,100.0,591700.0
61,2021-10-06 07:27:30,53000.0,300.0,591600.0
62,2021-10-06 07:27:30,53000.0,100.0,591300.0
63,2021-10-06 07:27:30,53000.0,100.0,591200.0
64,2021-10-06 07:27:30,53000.0,500.0,591100.0
65,2021-10-06 07:27:30,53000.0,300.0,590600.0
66,2021-10-06 07:27:30,53000.0,1600.0,590300.0
67,2021-10-06 07:27:30,53000.0,300.0,588700.0
68,2021-10-06 07:27:30,53000.0,100.0,588400.0
69,2021-10-06 07:27:30,53000.0,100.0,588300.0
70,2021-10-06 07:27:30,53000.0,300.0,588200.0
71,2021-10-06 07:27:30,53000.0,100.0,587900.0
72,2021-10-06 07:27:30,53000.0,200.0,587800.0
73,2021-10-06 07:27:30,53000.0,100.0,587600.0
74,2021-10-06 07:27:30,53000.0,5600.0,587500.0
75,2021-10-06 07:27:29,53000.0,2500.0,581900.0
76,2021-10-06 07:27:29,53000.0,700.0,579400.0
77,2021-10-06 07:27:29,53000.0,400.0,578700.0
78,2021-10-06 07:27:29,53000.0,200.0,578300.0
79,2021-10-06 07:27:29,53000.0,1000.0,578100.0
80,2021-10-06 07:27:29,53000.0,2000.0,577100.0
81,2021-10-06 07:27:29,53000.0,200.0,575100.0
82,2021-10-06 07:27:29,53000.0,1100.0,574900.0
83,2021-10-06 07:27:29,53000.0,800.0,573800.0
84,2021-10-06 07:27:29,53000.0,300.0,573000.0
85,2021-10-06 07:27:28,53000.0,100.0,572700.0
86,2021-10-06 07:26:37,53000.0,100.0,572600.0
87,2021-10-06 07:26:34,52900.0,300.0,572500.0
88,2021-10-06 07:25:41,52900.0,1000.0,572200.0
89,2021-10-06 07:25:40,52900.0,2000.0,571200.0
90,2021-10-06 07:25:36,52900.0,1000.0,569200.0
91,2021-10-06 07:25:36,52900.0,800.0,568200.0
92,2021-10-06 07:25:36,52900.0,500.0,567400.0
93,2021-10-06 07:25:36,52900.0,1000.0,566900.0
94,2021-10-06 07:25:36,52900.0,1000.0,565900.0
95,2021-10-06 07:25:36,52900.0,300.0,564900.0
96,2021-10-06 07:25:25,52900.0,500.0,564600.0
97,2021-10-06 07:25:06,53000.0,500.0,564100.0
98,2021-10-06 07:25:06,53000.0,1000.0,563600.0
99,2021-10-06 07:25:06,53000.0,200.0,562600.0
100,2021-10-06 07:25:06,53000.0,100.0,562400.0
101,2021-10-06 07:25:06,53000.0,400.0,562300.0
102,2021-10-06 07:25:06,53000.0,100.0,561900.0
103,2021-10-06 07:25:06,53000.0,500.0,561800.0
104,2021-10-06 07:25:06,53000.0,100.0,561300.0
105,2021-10-06 07:25:06,53000.0,100.0,561200.0
106,2021-10-06 07:25:06,53000.0,1000.0,561100.0
107,2021-10-06 07:25:06,53000.0,600.0,560100.0
108,2021-10-06 07:23:46,52900.0,100.0,559500.0
109,2021-10-06 07:23:21,52900.0,500.0,559400.0
110,2021-10-06 07:23:18,52900.0,500.0,558900.0
111,2021-10-06 07:23:18,52900.0,100.0,558400.0
112,2021-10-06 07:23:18,52900.0,100.0,558300.0
113,2021-10-06 07:23:18,52900.0,200.0,558200.0
114,2021-10-06 07:22:52,52900.0,100.0,558000.0
115,2021-10-06 07:22:37,52900.0,200.0,557900.0
116,2021-10-06 07:22:12,52900.0,800.0,557700.0
117,2021-10-06 07:21:49,52900.0,1000.0,556900.0
118,2021-10-06 07:20:29,52900.0,200.0,555900.0
119,2021-10-06 07:20:23,53000.0,400.0,555700.0
120,2021-10-06 07:20:23,53000.0,100.0,555300.0
121,2021-10-06 07:19:07,52900.0,900.0,555200.0
122,2021-10-06 07:18:51,52900.0,1300.0,554300.0
123,2021-10-06 07:18:51,52900.0,100.0,553000.0
124,2021-10-06 07:18:51,52900.0,1200.0,552900.0
125,2021-10-06 07:18:36,52900.0,2300.0,551700.0
126,2021-10-06 07:18:36,52900.0,100.0,549400.0
127,2021-10-06 07:18:36,52900.0,300.0,549300.0
128,2021-10-06 07:18:36,52900.0,500.0,549000.0
129,2021-10-06 07:18:36,52900.0,500.0,548500.0
130,2021-10-06 07:18:36,52900.0,100.0,548000.0
131,2021-10-06 07:18:36,52900.0,100.0,547900.0
132,2021-10-06 07:18:36,52900.0,100.0,547800.0
133,2021-10-06 07:18:36,52900.0,100.0,547700.0
134,2021-10-06 07:18:36,52900.0,100.0,547600.0
135,2021-10-06 07:18:36,52900.0,100.0,547500.0
136,2021-10-06 07:18:36,52900.0,1000.0,547400.0
137,2021-10-06 07:18:36,52900.0,700.0,546400.0
138,2021-10-06 07:18:16,52800.0,700.0,545700.0
139,2021-10-06 07:17:21,52800.0,700.0,545000.0
140,2021-10-06 07:17:21,52800.0,1800.0,544300.0
141,2021-10-06 07:17:18,52800.0,100.0,542500.0
142,2021-10-06 07:17:01,52800.0,300.0,542400.0
143,2021-10-06 07:16:26,52800.0,500.0,542100.0
144,2021-10-06 07:15:35,52800.0,100.0,541600.0
145,2021-10-06 07:15:35,52800.0,100.0,541500.0
146,2021-10-06 07:15:35,52800.0,2500.0,541400.0
147,2021-10-06 07:15:35,52800.0,1000.0,538900.0
148,2021-10-06 07:15:35,52800.0,300.0,537900.0
149,2021-10-06 07:14:56,52800.0,400.0,537600.0
150,2021-10-06 07:14:43,52800.0,200.0,537200.0
151,2021-10-06 07:14:43,52800.0,100.0,537000.0
152,2021-10-06 07:14:41,52800.0,200.0,536900.0
153,2021-10-06 07:14:41,52800.0,300.0,536700.0
154,2021-10-06 07:14:41,52800.0,100.0,536400.0
155,2021-10-06 07:14:38,52800.0,500.0,536300.0
156,2021-10-06 07:14:38,52800.0,500.0,535800.0
157,2021-10-06 07:14:36,52800.0,2500.0,535300.0
158,2021-10-06 07:14:36,52800.0,100.0,532800.0
159,2021-10-06 07:14:36,52800.0,400.0,532700.0
160,2021-10-06 07:14:31,52800.0,500.0,532300.0
161,2021-10-06 07:14:26,52800.0,100.0,531800.0
162,2021-10-06 07:14:18,52800.0,200.0,531700.0
163,2021-10-06 07:14:10,52800.0,800.0,531500.0
164,2021-10-06 07:14:10,52800.0,100.0,530700.0
165,2021-10-06 07:14:10,52800.0,100.0,530600.0
166,2021-10-06 07:13:45,52700.0,200.0,530500.0
167,2021-10-06 07:10:32,52700.0,300.0,530300.0
168,2021-10-06 07:10:32,52700.0,100.0,530000.0
169,2021-10-06 07:08:11,52700.0,100.0,529900.0
170,2021-10-06 07:08:11,52700.0,1000.0,529800.0
171,2021-10-06 07:08:11,52700.0,500.0,528800.0
172,2021-10-06 07:08:11,52700.0,100.0,528300.0
173,2021-10-06 07:08:11,52700.0,400.0,528200.0
174,2021-10-06 07:08:11,52700.0,100.0,527800.0
175,2021-10-06 07:08:11,52700.0,200.0,527700.0
176,2021-10-06 07:08:11,52700.0,700.0,527500.0
177,2021-10-06 07:08:11,52700.0,100.0,526800.0
178,2021-10-06 07:08:11,52700.0,500.0,526700.0
179,2021-10-06 07:07:39,52700.0,100.0,526200.0
180,2021-10-06 07:07:23,52700.0,200.0,526100.0
181,2021-10-06 07:07:00,52700.0,300.0,525900.0
182,2021-10-06 07:06:55,52700.0,500.0,525600.0
183,2021-10-06 07:06:29,52700.0,200.0,525100.0
184,2021-10-06 07:06:23,52700.0,200.0,524900.0
185,2021-10-06 07:06:23,52700.0,1000.0,524700.0
186,2021-10-06 07:06:23,52700.0,500.0,523700.0
187,2021-10-06 07:06:23,52700.0,100.0,523200.0
188,2021-10-06 07:06:23,52700.0,200.0,523100.0
189,2021-10-06 07:04:26,52700.0,1000.0,522900.0
190,2021-10-06 07:03:54,52700.0,100.0,521900.0
191,2021-10-06 07:03:15,52700.0,200.0,521800.0
192,2021-10-06 07:03:15,52700.0,800.0,521600.0
193,2021-10-06 07:03:15,52700.0,1000.0,520800.0
194,2021-10-06 07:02:38,52700.0,1200.0,519800.0
195,2021-10-06 07:02:27,52800.0,300.0,518600.0
196,2021-10-06 07:01:54,52700.0,2500.0,518300.0
197,2021-10-06 07:01:42,52700.0,500.0,515800.0
198,2021-10-06 07:01:25,52700.0,500.0,515300.0
199,2021-10-06 07:01:03,52700.0,300.0,514800.0
200,2021-10-06 07:01:03,52700.0,700.0,514500.0
201,2021-10-06 07:00:37,52700.0,100.0,513800.0
202,2021-10-06 07:00:37,52700.0,300.0,513700.0
203,2021-10-06 07:00:37,52700.0,1000.0,513400.0
204,2021-10-06 07:00:37,52700.0,2000.0,512400.0
205,2021-10-06 07:00:37,52700.0,100.0,510400.0
206,2021-10-06 07:00:37,52700.0,1800.0,510300.0
207,2021-10-06 06:59:28,52600.0,100.0,508500.0
208,2021-10-06 06:58:17,52700.0,500.0,508400.0
209,2021-10-06 06:57:50,52700.0,200.0,507900.0
210,2021-10-06 06:57:37,52700.0,100.0,507700.0
211,2021-10-06 06:57:37,52700.0,500.0,507600.0
212,2021-10-06 06:57:05,52700.0,200.0,507100.0
213,2021-10-06 06:56:09,52700.0,200.0,506900.0
214,2021-10-06 06:55:17,52700.0,1000.0,506700.0
215,2021-10-06 06:55:03,52700.0,3100.0,505700.0
216,2021-10-06 06:54:39,52700.0,300.0,502600.0
217,2021-10-06 06:54:11,52700.0,100.0,502300.0
218,2021-10-06 06:53:51,52700.0,1700.0,502200.0
219,2021-10-06 06:53:47,52700.0,300.0,500500.0
220,2021-10-06 06:53:47,52700.0,500.0,500200.0
221,2021-10-06 06:53:47,52700.0,100.0,499700.0
222,2021-10-06 06:53:47,52700.0,100.0,499600.0
223,2021-10-06 06:53:25,52700.0,100.0,499500.0
224,2021-10-06 06:52:39,52700.0,200.0,499400.0
225,2021-10-06 06:51:46,52700.0,100.0,499200.0
226,2021-10-06 06:50:48,52700.0,700.0,499100.0
227,2021-10-06 06:50:15,52700.0,100.0,498400.0
228,2021-10-06 06:50:08,52700.0,200.0,498300.0
229,2021-10-06 06:49:59,52700.0,1000.0,498100.0
230,2021-10-06 06:49:59,52700.0,100.0,497100.0
231,2021-10-06 06:49:59,52700.0,400.0,497000.0
232,2021-10-06 06:49:59,52700.0,500.0,496600.0
233,2021-10-06 06:49:59,52700.0,600.0,496100.0
234,2021-10-06 06:47:13,52700.0,3000.0,495500.0
235,2021-10-06 06:46:58,52700.0,300.0,492500.0
236,2021-10-06 06:46:11,52700.0,100.0,492200.0
237,2021-10-06 06:45:50,52700.0,3000.0,492100.0
238,2021-10-06 06:45:17,52700.0,2000.0,489100.0
239,2021-10-06 06:43:29,52700.0,100.0,487100.0
240,2021-10-06 06:43:29,52700.0,900.0,487000.0
241,2021-10-06 06:42:34,52700.0,100.0,486100.0
242,2021-10-06 06:42:34,52700.0,200.0,486000.0
243,2021-10-06 06:42:34,52700.0,100.0,485800.0
244,2021-10-06 06:42:34,52700.0,200.0,485700.0
245,2021-10-06 06:40:41,52700.0,1800.0,485500.0
246,2021-10-06 06:40:41,52700.0,200.0,483700.0
247,2021-10-06 06:40:34,52700.0,100.0,483500.0
248,2021-10-06 06:39:32,52700.0,3900.0,483400.0
249,2021-10-06 06:39:32,52700.0,400.0,479500.0
250,2021-10-06 06:39:32,52700.0,400.0,479100.0
251,2021-10-06 06:39:23,52700.0,100.0,478700.0
252,2021-10-06 06:37:58,52700.0,100.0,478600.0
253,2021-10-06 06:37:58,52700.0,300.0,478500.0
254,2021-10-06 06:37:58,52700.0,100.0,478200.0
255,2021-10-06 06:37:46,52700.0,200.0,478100.0
256,2021-10-06 06:37:40,52700.0,500.0,477900.0
257,2021-10-06 06:37:09,52700.0,2000.0,477400.0
258,2021-10-06 06:36:58,52700.0,100.0,475400.0
259,2021-10-06 06:36:56,52700.0,1000.0,475300.0
260,2021-10-06 06:36:50,52700.0,600.0,474300.0
261,2021-10-06 06:36:48,52700.0,1400.0,473700.0
262,2021-10-06 06:36:45,52600.0,100.0,472300.0
263,2021-10-06 06:35:42,52600.0,100.0,472200.0
264,2021-10-06 06:34:57,52600.0,100.0,472100.0
265,2021-10-06 06:31:43,52600.0,600.0,472000.0
266,2021-10-06 06:31:34,52600.0,1000.0,471400.0
267,2021-10-06 06:31:27,52600.0,100.0,470400.0
268,2021-10-06 06:31:27,52600.0,100.0,470300.0
269,2021-10-06 06:30:43,52600.0,100.0,470200.0
270,2021-10-06 06:30:43,52600.0,800.0,470100.0
271,2021-10-06 06:30:37,52700.0,200.0,469300.0
272,2021-10-06 06:30:37,52700.0,600.0,469100.0
273,2021-10-06 06:30:37,52700.0,300.0,468500.0
274,2021-10-06 06:29:35,52700.0,200.0,468200.0
275,2021-10-06 06:29:35,52700.0,200.0,468000.0
276,2021-10-06 06:29:35,52700.0,1000.0,467800.0
277,2021-10-06 06:29:35,52700.0,1000.0,466800.0
278,2021-10-06 06:29:35,52700.0,7600.0,465800.0
279,2021-10-06 06:29:17,52700.0,100.0,458200.0
280,2021-10-06 06:28:55,52700.0,300.0,458100.0
281,2021-10-06 06:28:40,52700.0,1000.0,457800.0
282,2021-10-06 06:27:27,52800.0,100.0,456800.0
283,2021-10-06 06:26:04,52800.0,500.0,456700.0
284,2021-10-06 06:25:07,52700.0,100.0,456200.0
285,2021-10-06 06:23:08,52700.0,100.0,456100.0
286,2021-10-06 06:20:38,52700.0,700.0,456000.0
287,2021-10-06 06:19:41,52700.0,6100.0,455300.0
288,2021-10-06 06:19:24,52700.0,2000.0,449200.0
289,2021-10-06 06:19:22,52700.0,100.0,447200.0
290,2021-10-06 06:18:58,52600.0,200.0,447100.0
291,2021-10-06 06:18:58,52600.0,200.0,446900.0
292,2021-10-06 06:18:58,52600.0,100.0,446700.0
293,2021-10-06 06:18:58,52600.0,500.0,446600.0
294,2021-10-06 06:17:43,52700.0,500.0,446100.0
295,2021-10-06 06:17:43,52700.0,400.0,445600.0
296,2021-10-06 06:17:43,52700.0,900.0,445200.0
297,2021-10-06 06:16:27,52700.0,1000.0,444300.0
298,2021-10-06 06:12:13,52700.0,400.0,443300.0
299,2021-10-06 06:12:13,52700.0,1000.0,442900.0
300,2021-10-06 06:12:13,52700.0,1000.0,441900.0
301,2021-10-06 06:12:13,52700.0,300.0,440900.0
302,2021-10-06 06:12:13,52700.0,100.0,440600.0
303,2021-10-06 06:12:13,52700.0,700.0,440500.0
304,2021-10-06 06:03:29,52900.0,2000.0,439800.0
305,2021-10-06 06:02:31,52900.0,300.0,437800.0
306,2021-10-06 06:00:54,52800.0,300.0,437500.0
307,2021-10-06 06:00:02,52900.0,6500.0,437200.0
308,2021-10-06 06:00:02,52900.0,400.0,430700.0
309,2021-10-06 06:00:02,52900.0,500.0,430300.0
310,2021-10-06 06:00:02,52900.0,200.0,429800.0
311,2021-10-06 06:00:02,52900.0,200.0,429600.0
312,2021-10-06 06:00:02,52900.0,400.0,429400.0
313,2021-10-06 06:00:02,52900.0,100.0,429000.0
314,2021-10-06 06:00:02,52900.0,100.0,428900.0
315,2021-10-06 06:00:02,52900.0,1600.0,428800.0
316,2021-10-06 04:29:21,52900.0,400.0,427200.0
317,2021-10-06 04:29:21,52900.0,3000.0,426800.0
318,2021-10-06 04:29:21,52900.0,400.0,423800.0
319,2021-10-06 04:29:21,52900.0,200.0,423400.0
320,2021-10-06 04:29:21,52900.0,200.0,423200.0
321,2021-10-06 04:29:21,52900.0,200.0,423000.0
322,2021-10-06 04:29:21,52900.0,1000.0,422800.0
323,2021-10-06 04:29:21,52900.0,100.0,421800.0
324,2021-10-06 04:29:21,52800.0,1000.0,421700.0
325,2021-10-06 04:29:21,52800.0,100.0,420700.0
326,2021-10-06 04:28:55,52800.0,200.0,420600.0
327,2021-10-06 04:26:58,52700.0,300.0,420400.0
328,2021-10-06 04:26:58,52700.0,200.0,420100.0
329,2021-10-06 04:26:58,52700.0,1000.0,419900.0
330,2021-10-06 04:26:58,52700.0,1000.0,418900.0
331,2021-10-06 04:26:58,52700.0,500.0,417900.0
332,2021-10-06 04:26:58,52700.0,200.0,417400.0
333,2021-10-06 04:26:58,52700.0,200.0,417200.0
334,2021-10-06 04:23:02,52600.0,300.0,417000.0
335,2021-10-06 04:22:59,52600.0,800.0,416700.0
336,2021-10-06 04:21:19,52600.0,400.0,415900.0
337,2021-10-06 04:21:19,52600.0,100.0,415500.0
338,2021-10-06 04:20:43,52600.0,200.0,415400.0
339,2021-10-06 04:20:43,52600.0,100.0,415200.0
340,2021-10-06 04:20:43,52600.0,500.0,415100.0
341,2021-10-06 04:19:43,52600.0,1000.0,414600.0
342,2021-10-06 04:19:33,52600.0,500.0,413600.0
343,2021-10-06 04:18:08,52600.0,100.0,413100.0
344,2021-10-06 04:18:08,52600.0,2400.0,413000.0
345,2021-10-06 04:17:53,52600.0,600.0,410600.0
346,2021-10-06 04:17:31,52600.0,500.0,410000.0
347,2021-10-06 04:17:21,52600.0,600.0,409500.0
348,2021-10-06 04:17:21,52600.0,3000.0,408900.0
349,2021-10-06 04:17:21,52600.0,200.0,405900.0
350,2021-10-06 04:17:21,52600.0,100.0,405700.0
351,2021-10-06 04:16:22,52600.0,2000.0,405600.0
352,2021-10-06 04:15:01,52500.0,2400.0,403600.0
353,2021-10-06 04:15:01,52500.0,100.0,401200.0
354,2021-10-06 04:15:01,52500.0,200.0,401100.0
355,2021-10-06 04:15:01,52500.0,100.0,400900.0
356,2021-10-06 04:15:01,52500.0,200.0,400800.0
357,2021-10-06 04:14:24,52500.0,300.0,400600.0
358,2021-10-06 04:14:24,52500.0,700.0,400300.0
359,2021-10-06 04:13:18,52600.0,700.0,399600.0
360,2021-10-06 04:12:36,52600.0,400.0,398900.0
361,2021-10-06 04:12:36,52600.0,300.0,398500.0
362,2021-10-06 04:12:21,52600.0,200.0,398200.0
363,2021-10-06 04:11:57,52600.0,400.0,398000.0
364,2021-10-06 04:11:56,52500.0,300.0,397600.0
365,2021-10-06 04:11:44,52600.0,100.0,397300.0
366,2021-10-06 04:11:31,52600.0,100.0,397200.0
367,2021-10-06 04:10:41,52600.0,500.0,397100.0
368,2021-10-06 04:09:57,52600.0,1000.0,396600.0
369,2021-10-06 04:09:38,52600.0,100.0,395600.0
370,2021-10-06 04:07:52,52600.0,200.0,395500.0
371,2021-10-06 04:07:02,52600.0,100.0,395300.0
372,2021-10-06 04:06:55,52600.0,100.0,395200.0
373,2021-10-06 04:06:43,52600.0,100.0,395100.0
374,2021-10-06 04:06:43,52600.0,100.0,395000.0
375,2021-10-06 04:06:41,52600.0,500.0,394900.0
376,2021-10-06 04:06:40,52600.0,300.0,394400.0
377,2021-10-06 04:06:40,52600.0,100.0,394100.0
378,2021-10-06 04:06:40,52600.0,300.0,394000.0
379,2021-10-06 04:06:40,52600.0,700.0,393700.0
380,2021-10-06 04:06:28,52600.0,300.0,393000.0
381,2021-10-06 04:06:28,52600.0,300.0,392700.0
382,2021-10-06 04:06:28,52600.0,100.0,392400.0
383,2021-10-06 04:06:28,52600.0,300.0,392300.0
384,2021-10-06 04:06:28,52600.0,500.0,392000.0
385,2021-10-06 04:06:24,52600.0,500.0,391500.0
386,2021-10-06 04:06:24,52600.0,300.0,391000.0
387,2021-10-06 04:06:24,52600.0,1700.0,390700.0
388,2021-10-06 04:06:21,52600.0,300.0,389000.0
389,2021-10-06 04:06:21,52600.0,1000.0,388700.0
390,2021-10-06 04:06:21,52600.0,600.0,387700.0
391,2021-10-06 04:06:21,52600.0,100.0,387100.0
392,2021-10-06 04:06:10,52600.0,200.0,387000.0
393,2021-10-06 04:06:10,52600.0,1000.0,386800.0
394,2021-10-06 04:06:10,52600.0,100.0,385800.0
395,2021-10-06 04:06:10,52600.0,3700.0,385700.0
396,2021-10-06 04:05:11,52600.0,2000.0,382000.0
397,2021-10-06 04:04:52,52600.0,2000.0,380000.0
398,2021-10-06 04:04:14,52600.0,500.0,378000.0
399,2021-10-06 04:02:32,52600.0,1800.0,377500.0
400,2021-10-06 04:02:32,52600.0,100.0,375700.0
401,2021-10-06 04:02:32,52600.0,100.0,375600.0
402,2021-10-06 04:02:32,52600.0,100.0,375500.0
403,2021-10-06 04:02:32,52600.0,100.0,375400.0
404,2021-10-06 04:02:13,52700.0,100.0,375300.0
405,2021-10-06 04:01:15,52700.0,200.0,375200.0
406,2021-10-06 04:00:05,52700.0,100.0,375000.0
407,2021-10-06 03:59:43,52700.0,300.0,374900.0
408,2021-10-06 03:59:43,52600.0,400.0,374600.0
409,2021-10-06 03:59:43,52600.0,200.0,374200.0
410,2021-10-06 03:59:43,52600.0,700.0,374000.0
411,2021-10-06 03:59:43,52600.0,300.0,373300.0
412,2021-10-06 03:59:43,52600.0,100.0,373000.0
413,2021-10-06 03:59:43,52600.0,900.0,372900.0
414,2021-10-06 03:59:43,52600.0,100.0,372000.0
415,2021-10-06 03:59:43,52600.0,500.0,371900.0
416,2021-10-06 03:59:43,52600.0,300.0,371400.0
417,2021-10-06 03:59:43,52600.0,200.0,371100.0
418,2021-10-06 03:59:43,52600.0,100.0,370900.0
419,2021-10-06 03:59:43,52600.0,1300.0,370800.0
420,2021-10-06 03:59:40,52700.0,3300.0,369500.0
421,2021-10-06 03:58:03,52700.0,1000.0,366200.0
422,2021-10-06 03:58:03,52700.0,200.0,365200.0
423,2021-10-06 03:58:03,52700.0,1300.0,365000.0
424,2021-10-06 03:57:00,52700.0,100.0,363700.0
425,2021-10-06 03:57:00,52700.0,200.0,363600.0
426,2021-10-06 03:56:15,52700.0,500.0,363400.0
427,2021-10-06 03:56:05,52700.0,1300.0,362900.0
428,2021-10-06 03:54:52,52700.0,1000.0,361600.0
429,2021-10-06 03:54:18,52700.0,2000.0,360600.0
430,2021-10-06 03:53:42,52700.0,2000.0,358600.0
431,2021-10-06 03:53:21,52600.0,1000.0,356600.0
432,2021-10-06 03:52:34,52700.0,2000.0,355600.0
433,2021-10-06 03:52:34,52700.0,500.0,353600.0
434,2021-10-06 03:52:34,52700.0,500.0,353100.0
435,2021-10-06 03:52:34,52700.0,10000.0,352600.0
436,2021-10-06 03:52:34,52700.0,700.0,342600.0
437,2021-10-06 03:51:58,52700.0,1400.0,341900.0
438,2021-10-06 03:49:51,52700.0,100.0,340500.0
439,2021-10-06 03:48:52,52700.0,800.0,340400.0
440,2021-10-06 03:48:52,52700.0,500.0,339600.0
441,2021-10-06 03:48:52,52700.0,100.0,339100.0
442,2021-10-06 03:48:52,52700.0,1000.0,339000.0
443,2021-10-06 03:48:52,52700.0,300.0,338000.0
444,2021-10-06 03:48:52,52800.0,1000.0,337700.0
445,2021-10-06 03:48:52,52800.0,900.0,336700.0
446,2021-10-06 03:47:52,52800.0,100.0,335800.0
447,2021-10-06 03:45:55,52900.0,100.0,335700.0
448,2021-10-06 03:45:23,52700.0,200.0,335600.0
449,2021-10-06 03:45:23,52700.0,200.0,335400.0
450,2021-10-06 03:45:23,52700.0,1000.0,335200.0
451,2021-10-06 03:45:23,52700.0,100.0,334200.0
452,2021-10-06 03:45:15,52700.0,100.0,334100.0
453,2021-10-06 03:44:37,52700.0,800.0,334000.0
454,2021-10-06 03:44:00,52700.0,800.0,333200.0
455,2021-10-06 03:42:28,52700.0,1300.0,332400.0
456,2021-10-06 03:42:28,52700.0,1000.0,331100.0
457,2021-10-06 03:42:20,52700.0,100.0,330100.0
458,2021-10-06 03:42:17,52700.0,100.0,330000.0
459,2021-10-06 03:42:17,52700.0,200.0,329900.0
460,2021-10-06 03:42:17,52700.0,100.0,329700.0
461,2021-10-06 03:42:17,52700.0,600.0,329600.0
462,2021-10-06 03:40:49,52700.0,100.0,329000.0
463,2021-10-06 03:40:45,52800.0,200.0,328900.0
464,2021-10-06 03:39:56,52800.0,800.0,328700.0
465,2021-10-06 03:39:56,52800.0,400.0,327900.0
466,2021-10-06 03:39:39,52800.0,100.0,327500.0
467,2021-10-06 03:39:39,52800.0,1000.0,327400.0
468,2021-10-06 03:39:39,52800.0,1000.0,326400.0
469,2021-10-06 03:39:39,52800.0,300.0,325400.0
470,2021-10-06 03:39:39,52800.0,6400.0,325100.0
471,2021-10-06 03:39:26,52800.0,500.0,318700.0
472,2021-10-06 03:39:07,52800.0,1000.0,318200.0
473,2021-10-06 03:39:01,52800.0,100.0,317200.0
474,2021-10-06 03:38:28,52800.0,200.0,317100.0
475,2021-10-06 03:38:28,52800.0,800.0,316900.0
476,2021-10-06 03:37:14,52900.0,100.0,316100.0
477,2021-10-06 03:36:17,52900.0,700.0,316000.0
478,2021-10-06 03:36:17,52900.0,300.0,315300.0
479,2021-10-06 03:31:56,52900.0,200.0,315000.0
480,2021-10-06 03:29:34,52900.0,200.0,314800.0
481,2021-10-06 03:29:21,52800.0,200.0,314600.0
482,2021-10-06 03:29:21,52800.0,800.0,314400.0
483,2021-10-06 03:27:25,52900.0,100.0,313600.0
484,2021-10-06 03:26:56,52900.0,300.0,313500.0
485,2021-10-06 03:26:38,52800.0,500.0,313200.0
486,2021-10-06 03:26:37,52800.0,500.0,312700.0
487,2021-10-06 03:25:55,52800.0,500.0,312200.0
488,2021-10-06 03:25:55,52800.0,300.0,311700.0
489,2021-10-06 03:25:55,52800.0,400.0,311400.0
490,2021-10-06 03:25:42,52700.0,500.0,311000.0
491,2021-10-06 03:25:42,52700.0,100.0,310500.0
492,2021-10-06 03:25:42,52700.0,100.0,310400.0
493,2021-10-06 03:25:23,52700.0,400.0,310300.0
494,2021-10-06 03:24:24,52700.0,500.0,309900.0
495,2021-10-06 03:24:05,52700.0,500.0,309400.0
496,2021-10-06 03:23:53,52800.0,100.0,308900.0
497,2021-10-06 03:23:13,52700.0,1000.0,308800.0
498,2021-10-06 03:23:13,52700.0,300.0,307800.0
499,2021-10-06 03:23:13,52700.0,1700.0,307500.0
500,2021-10-06 03:23:03,52700.0,200.0,305800.0
501,2021-10-06 03:22:05,52700.0,1100.0,305600.0
502,2021-10-06 03:22:05,52700.0,200.0,304500.0
503,2021-10-06 03:22:05,52700.0,100.0,304300.0
504,2021-10-06 03:22:05,52700.0,100.0,304200.0
505,2021-10-06 03:21:54,52800.0,100.0,304100.0
506,2021-10-06 03:21:37,52800.0,200.0,304000.0
507,2021-10-06 03:19:36,52800.0,200.0,303800.0
508,2021-10-06 03:19:28,52800.0,200.0,303600.0
509,2021-10-06 03:18:54,52800.0,2000.0,303400.0
510,2021-10-06 03:18:54,52800.0,2000.0,301400.0
511,2021-10-06 03:18:54,52800.0,200.0,299400.0
512,2021-10-06 03:18:54,52800.0,800.0,299200.0
513,2021-10-06 03:18:52,52800.0,500.0,298400.0
514,2021-10-06 03:18:32,52800.0,100.0,297900.0
515,2021-10-06 03:18:16,52800.0,100.0,297800.0
516,2021-10-06 03:18:15,52800.0,100.0,297700.0
517,2021-10-06 03:18:11,52800.0,100.0,297600.0
518,2021-10-06 03:18:06,52800.0,300.0,297500.0
519,2021-10-06 03:18:06,52800.0,300.0,297200.0
520,2021-10-06 03:18:06,52800.0,500.0,296900.0
521,2021-10-06 03:18:06,52800.0,200.0,296400.0
522,2021-10-06 03:18:06,52800.0,1900.0,296200.0
523,2021-10-06 03:18:06,52800.0,1500.0,294300.0
524,2021-10-06 03:18:06,52800.0,300.0,292800.0
525,2021-10-06 03:18:02,52800.0,300.0,292500.0
526,2021-10-06 03:17:02,52800.0,100.0,292200.0
527,2021-10-06 03:17:02,52800.0,1900.0,292100.0
528,2021-10-06 03:16:58,52800.0,200.0,290200.0
529,2021-10-06 03:16:43,52800.0,900.0,290000.0
530,2021-10-06 03:16:43,52800.0,100.0,289100.0
531,2021-10-06 03:16:30,52900.0,100.0,289000.0
532,2021-10-06 03:16:07,52900.0,200.0,288900.0
533,2021-10-06 03:13:27,52900.0,2300.0,288700.0
534,2021-10-06 03:13:27,52900.0,400.0,286400.0
535,2021-10-06 03:13:13,52900.0,200.0,286000.0
536,2021-10-06 03:10:41,52900.0,1300.0,285800.0
537,2021-10-06 03:10:28,52900.0,100.0,284500.0
538,2021-10-06 03:09:55,52800.0,300.0,284400.0
539,2021-10-06 03:08:59,52800.0,800.0,284100.0
540,2021-10-06 03:08:48,52800.0,100.0,283300.0
541,2021-10-06 03:08:41,52800.0,100.0,283200.0
542,2021-10-06 03:08:41,52800.0,100.0,283100.0
543,2021-10-06 03:08:31,52800.0,500.0,283000.0
544,2021-10-06 03:08:31,52800.0,500.0,282500.0
545,2021-10-06 03:08:21,52800.0,100.0,282000.0
546,2021-10-06 03:08:10,52800.0,400.0,281900.0
547,2021-10-06 03:07:55,52800.0,1000.0,281500.0
548,2021-10-06 03:07:32,52800.0,300.0,280500.0
549,2021-10-06 03:07:23,52800.0,300.0,280200.0
550,2021-10-06 03:07:23,52800.0,100.0,279900.0
551,2021-10-06 03:07:23,52800.0,100.0,279800.0
552,2021-10-06 03:07:16,52800.0,100.0,279700.0
553,2021-10-06 03:07:16,52800.0,400.0,279600.0
554,2021-10-06 03:07:11,52800.0,500.0,279200.0
555,2021-10-06 03:07:11,52800.0,500.0,278700.0
556,2021-10-06 03:06:46,52800.0,100.0,278200.0
557,2021-10-06 03:06:33,52800.0,100.0,278100.0
558,2021-10-06 03:06:26,52800.0,300.0,278000.0
559,2021-10-06 03:06:26,52800.0,300.0,277700.0
560,2021-10-06 03:06:26,52800.0,100.0,277400.0
561,2021-10-06 03:06:26,52800.0,100.0,277300.0
562,2021-10-06 03:06:26,52800.0,100.0,277200.0
563,2021-10-06 03:06:26,52800.0,4100.0,277100.0
564,2021-10-06 03:06:21,52800.0,1900.0,273000.0
565,2021-10-06 03:05:31,52800.0,100.0,271100.0
566,2021-10-06 03:05:31,52800.0,100.0,271000.0
567,2021-10-06 03:02:37,52900.0,100.0,270900.0
568,2021-10-06 03:02:21,52900.0,200.0,270800.0
569,2021-10-06 03:02:21,52900.0,700.0,270600.0
570,2021-10-06 03:02:14,52900.0,300.0,269900.0
571,2021-10-06 03:02:14,52900.0,600.0,269600.0
572,2021-10-06 03:02:14,52900.0,100.0,269000.0
573,2021-10-06 03:01:46,52900.0,500.0,268900.0
574,2021-10-06 03:01:02,52900.0,100.0,268400.0
575,2021-10-06 03:00:54,52900.0,100.0,268300.0
576,2021-10-06 03:00:50,52900.0,100.0,268200.0
577,2021-10-06 03:00:50,52900.0,500.0,268100.0
578,2021-10-06 03:00:34,52900.0,300.0,267600.0
579,2021-10-06 03:00:34,52900.0,600.0,267300.0
580,2021-10-06 03:00:34,52900.0,100.0,266700.0
581,2021-10-06 02:59:40,52900.0,400.0,266600.0
582,2021-10-06 02:59:40,52900.0,100.0,266200.0
583,2021-10-06 02:59:40,52900.0,1200.0,266100.0
584,2021-10-06 02:59:40,52900.0,300.0,264900.0
585,2021-10-06 02:58:04,52900.0,200.0,264600.0
586,2021-10-06 02:57:33,52900.0,700.0,264400.0
587,2021-10-06 02:57:33,52900.0,200.0,263700.0
588,2021-10-06 02:57:33,52900.0,1100.0,263500.0
589,2021-10-06 02:56:58,52900.0,1500.0,262400.0
590,2021-10-06 02:56:38,52900.0,100.0,260900.0
591,2021-10-06 02:56:38,52900.0,100.0,260800.0
592,2021-10-06 02:56:38,52900.0,2000.0,260700.0
593,2021-10-06 02:56:38,52900.0,100.0,258700.0
594,2021-10-06 02:56:38,52900.0,100.0,258600.0
595,2021-10-06 02:56:32,52900.0,200.0,258500.0
596,2021-10-06 02:56:11,52900.0,100.0,258300.0
597,2021-10-06 02:55:53,52900.0,4000.0,258200.0
598,2021-10-06 02:55:47,53000.0,100.0,254200.0
599,2021-10-06 02:55:36,52900.0,600.0,254100.0
600,2021-10-06 02:55:36,52900.0,400.0,253500.0
601,2021-10-06 02:54:47,52900.0,100.0,253100.0
602,2021-10-06 02:53:33,52900.0,1000.0,253000.0
603,2021-10-06 02:53:33,52900.0,200.0,252000.0
604,2021-10-06 02:53:33,52900.0,300.0,251800.0
605,2021-10-06 02:53:07,52900.0,200.0,251500.0
606,2021-10-06 02:53:06,52900.0,700.0,251300.0
607,2021-10-06 02:53:06,52900.0,500.0,250600.0
608,2021-10-06 02:53:06,52900.0,300.0,250100.0
609,2021-10-06 02:53:06,52900.0,500.0,249800.0
610,2021-10-06 02:51:57,52900.0,500.0,249300.0
611,2021-10-06 02:51:53,52900.0,2000.0,248800.0
612,2021-10-06 02:51:51,52900.0,400.0,246800.0
613,2021-10-06 02:51:33,52900.0,500.0,246400.0
614,2021-10-06 02:51:23,52900.0,1100.0,245900.0
615,2021-10-06 02:51:15,52900.0,2100.0,244800.0
616,2021-10-06 02:49:51,52900.0,500.0,242700.0
617,2021-10-06 02:49:37,52900.0,900.0,242200.0
618,2021-10-06 02:48:30,52900.0,500.0,241300.0
619,2021-10-06 02:48:15,52900.0,100.0,240800.0
620,2021-10-06 02:48:15,52900.0,500.0,240700.0
621,2021-10-06 02:48:15,52900.0,100.0,240200.0
622,2021-10-06 02:47:19,53000.0,1000.0,240100.0
623,2021-10-06 02:46:58,52900.0,100.0,239100.0
624,2021-10-06 02:46:44,52900.0,100.0,239000.0
625,2021-10-06 02:46:28,52900.0,200.0,238900.0
626,2021-10-06 02:46:14,53000.0,900.0,238700.0
627,2021-10-06 02:46:08,53000.0,200.0,237800.0
628,2021-10-06 02:46:08,53000.0,100.0,237600.0
629,2021-10-06 02:46:08,53000.0,500.0,237500.0
630,2021-10-06 02:46:08,53000.0,200.0,237000.0
631,2021-10-06 02:45:43,53000.0,1000.0,236800.0
632,2021-10-06 02:45:36,53000.0,100.0,235800.0
633,2021-10-06 02:45:36,53000.0,900.0,235700.0
634,2021-10-06 02:45:28,53000.0,100.0,234800.0
635,2021-10-06 02:45:21,53000.0,100.0,234700.0
636,2021-10-06 02:45:21,53000.0,200.0,234600.0
637,2021-10-06 02:45:17,52800.0,4200.0,234400.0
638,2021-10-06 02:45:17,52800.0,2000.0,230200.0
639,2021-10-06 02:45:17,52800.0,100.0,228200.0
640,2021-10-06 02:45:17,52800.0,300.0,228100.0
641,2021-10-06 02:45:17,52800.0,400.0,227800.0
642,2021-10-06 02:45:17,52800.0,1000.0,227400.0
643,2021-10-06 02:45:17,52800.0,100.0,226400.0
644,2021-10-06 02:45:17,52800.0,100.0,226300.0
645,2021-10-06 02:45:17,52800.0,8000.0,226200.0
646,2021-10-06 02:45:17,52800.0,500.0,218200.0
647,2021-10-06 02:45:17,52900.0,300.0,217700.0
648,2021-10-06 02:45:17,52900.0,100.0,217400.0
649,2021-10-06 02:45:17,52900.0,600.0,217300.0
650,2021-10-06 02:45:17,52900.0,100.0,216700.0
651,2021-10-06 02:45:17,52900.0,100.0,216600.0
652,2021-10-06 02:45:17,52900.0,2100.0,216500.0
653,2021-10-06 02:45:17,53000.0,300.0,214400.0
654,2021-10-06 02:45:17,53000.0,100.0,214100.0
655,2021-10-06 02:45:17,53000.0,400.0,214000.0
656,2021-10-06 02:45:17,53000.0,200.0,213600.0
657,2021-10-06 02:45:17,53000.0,100.0,213400.0
658,2021-10-06 02:45:17,53000.0,200.0,213300.0
659,2021-10-06 02:45:17,53000.0,400.0,213100.0
660,2021-10-06 02:45:13,53000.0,1500.0,212700.0
661,2021-10-06 02:45:01,53000.0,100.0,211200.0
662,2021-10-06 02:44:56,53000.0,100.0,211100.0
663,2021-10-06 02:44:44,53000.0,400.0,211000.0
664,2021-10-06 02:44:20,53000.0,200.0,210600.0
665,2021-10-06 02:44:19,53000.0,100.0,210400.0
666,2021-10-06 02:44:09,53000.0,300.0,210300.0
667,2021-10-06 02:43:14,53000.0,500.0,210000.0
668,2021-10-06 02:43:14,53000.0,100.0,209500.0
669,2021-10-06 02:43:14,53000.0,1000.0,209400.0
670,2021-10-06 02:43:14,53000.0,100.0,208400.0
671,2021-10-06 02:43:14,53000.0,500.0,208300.0
672,2021-10-06 02:43:14,53000.0,100.0,207800.0
673,2021-10-06 02:43:14,53000.0,100.0,207700.0
674,2021-10-06 02:43:14,53000.0,600.0,207600.0
675,2021-10-06 02:43:14,53000.0,100.0,207000.0
676,2021-10-06 02:43:14,53000.0,700.0,206900.0
677,2021-10-06 02:43:14,53000.0,2900.0,206200.0
678,2021-10-06 02:43:14,53000.0,200.0,203300.0
679,2021-10-06 02:43:10,53000.0,1000.0,203100.0
680,2021-10-06 02:43:07,53000.0,500.0,202100.0
681,2021-10-06 02:42:42,53000.0,100.0,201600.0
682,2021-10-06 02:41:53,53000.0,1000.0,201500.0
683,2021-10-06 02:41:44,53000.0,1300.0,200500.0
684,2021-10-06 02:41:43,53000.0,1000.0,199200.0
685,2021-10-06 02:41:43,53000.0,200.0,198200.0
686,2021-10-06 02:41:43,53000.0,400.0,198000.0
687,2021-10-06 02:41:43,53000.0,100.0,197600.0
688,2021-10-06 02:41:43,53000.0,100.0,197500.0
689,2021-10-06 02:41:43,53000.0,100.0,197400.0
690,2021-10-06 02:41:43,53000.0,900.0,197300.0
691,2021-10-06 02:41:43,53000.0,3100.0,196400.0
692,2021-10-06 02:41:42,53000.0,2000.0,193300.0
693,2021-10-06 02:41:40,53000.0,100.0,191300.0
694,2021-10-06 02:41:36,53000.0,100.0,191200.0
695,2021-10-06 02:41:31,53000.0,100.0,191100.0
696,2021-10-06 02:41:27,53000.0,700.0,191000.0
697,2021-10-06 02:41:22,53000.0,100.0,190300.0
698,2021-10-06 02:41:13,53000.0,100.0,190200.0
699,2021-10-06 02:40:47,53100.0,200.0,190100.0
700,2021-10-06 02:40:46,53100.0,100.0,189900.0
701,2021-10-06 02:40:45,53100.0,600.0,189800.0
702,2021-10-06 02:40:44,53100.0,300.0,189200.0
703,2021-10-06 02:40:44,53100.0,200.0,188900.0
704,2021-10-06 02:40:39,53100.0,200.0,188700.0
705,2021-10-06 02:40:26,53100.0,400.0,188500.0
706,2021-10-06 02:40:00,53200.0,1000.0,188100.0
707,2021-10-06 02:39:59,53100.0,100.0,187100.0
708,2021-10-06 02:39:45,53200.0,100.0,187000.0
709,2021-10-06 02:39:31,53200.0,400.0,186900.0
710,2021-10-06 02:39:27,53200.0,100.0,186500.0
711,2021-10-06 02:39:25,53200.0,100.0,186400.0
712,2021-10-06 02:39:25,53200.0,100.0,186300.0
713,2021-10-06 02:39:20,53200.0,500.0,186200.0
714,2021-10-06 02:39:15,53200.0,2200.0,185700.0
715,2021-10-06 02:39:10,53200.0,100.0,183500.0
716,2021-10-06 02:39:10,53200.0,100.0,183400.0
717,2021-10-06 02:39:10,53200.0,100.0,183300.0
718,2021-10-06 02:39:10,53200.0,100.0,183200.0
719,2021-10-06 02:39:10,53200.0,500.0,183100.0
720,2021-10-06 02:39:10,53200.0,800.0,182600.0
721,2021-10-06 02:39:10,53200.0,1500.0,181800.0
722,2021-10-06 02:39:10,53200.0,100.0,180300.0
723,2021-10-06 02:39:10,53200.0,100.0,180200.0
724,2021-10-06 02:39:10,53200.0,200.0,180100.0
725,2021-10-06 02:39:10,53200.0,1000.0,179900.0
726,2021-10-06 02:39:10,53200.0,400.0,178900.0
727,2021-10-06 02:39:08,53200.0,200.0,178500.0
728,2021-10-06 02:38:48,53200.0,100.0,178300.0
729,2021-10-06 02:38:48,53100.0,200.0,178200.0
730,2021-10-06 02:38:25,53200.0,100.0,178000.0
731,2021-10-06 02:38:23,53000.0,100.0,177900.0
732,2021-10-06 02:38:23,53100.0,100.0,177800.0
733,2021-10-06 02:38:23,53100.0,200.0,177700.0
734,2021-10-06 02:38:07,53200.0,100.0,177500.0
735,2021-10-06 02:38:03,53000.0,1000.0,177400.0
736,2021-10-06 02:38:00,53200.0,2100.0,176400.0
737,2021-10-06 02:38:00,53200.0,1000.0,174300.0
738,2021-10-06 02:38:00,53200.0,100.0,173300.0
739,2021-10-06 02:37:55,53200.0,100.0,173200.0
740,2021-10-06 02:37:46,53200.0,100.0,173100.0
741,2021-10-06 02:37:46,53200.0,100.0,173000.0
742,2021-10-06 02:37:46,53100.0,500.0,172900.0
743,2021-10-06 02:37:46,53100.0,100.0,172400.0
744,2021-10-06 02:37:46,53100.0,200.0,172300.0
745,2021-10-06 02:37:38,53000.0,100.0,172100.0
746,2021-10-06 02:37:38,53000.0,600.0,172000.0
747,2021-10-06 02:37:38,53000.0,100.0,171400.0
748,2021-10-06 02:37:38,53000.0,500.0,171300.0
749,2021-10-06 02:37:38,53000.0,200.0,170800.0
750,2021-10-06 02:37:38,53000.0,100.0,170600.0
751,2021-10-06 02:37:38,53000.0,1000.0,170500.0
752,2021-10-06 02:37:38,53000.0,1000.0,169500.0
753,2021-10-06 02:37:38,53000.0,500.0,168500.0
754,2021-10-06 02:37:38,53000.0,500.0,168000.0
755,2021-10-06 02:37:37,53000.0,100.0,167500.0
756,2021-10-06 02:37:37,53000.0,100.0,167400.0
757,2021-10-06 02:37:37,53000.0,100.0,167300.0
758,2021-10-06 02:37:37,53000.0,1800.0,167200.0
759,2021-10-06 02:37:35,53000.0,1200.0,165400.0
760,2021-10-06 02:37:35,53000.0,200.0,164200.0
761,2021-10-06 02:37:35,53000.0,100.0,164000.0
762,2021-10-06 02:37:35,53000.0,300.0,163900.0
763,2021-10-06 02:37:31,53000.0,100.0,163600.0
764,2021-10-06 02:37:31,53000.0,2400.0,163500.0
765,2021-10-06 02:37:31,53000.0,2000.0,161100.0
766,2021-10-06 02:37:31,53000.0,100.0,159100.0
767,2021-10-06 02:37:31,53000.0,200.0,159000.0
768,2021-10-06 02:37:31,53000.0,200.0,158800.0
769,2021-10-06 02:37:30,53000.0,400.0,158600.0
770,2021-10-06 02:37:27,53000.0,2100.0,158200.0
771,2021-10-06 02:37:27,53000.0,100.0,156100.0
772,2021-10-06 02:37:27,53000.0,200.0,156000.0
773,2021-10-06 02:37:27,53000.0,100.0,155800.0
774,2021-10-06 02:37:27,53000.0,900.0,155700.0
775,2021-10-06 02:37:27,53000.0,300.0,154800.0
776,2021-10-06 02:37:27,53000.0,1000.0,154500.0
777,2021-10-06 02:37:27,53000.0,100.0,153500.0
778,2021-10-06 02:37:27,53000.0,100.0,153400.0
779,2021-10-06 02:37:26,53000.0,100.0,153300.0
780,2021-10-06 02:37:26,53000.0,100.0,153200.0
781,2021-10-06 02:37:06,53000.0,400.0,153100.0
782,2021-10-06 02:37:01,53000.0,1000.0,152700.0
783,2021-10-06 02:36:31,52900.0,600.0,151700.0
784,2021-10-06 02:36:24,52900.0,200.0,151100.0
785,2021-10-06 02:36:24,52900.0,100.0,150900.0
786,2021-10-06 02:36:24,52900.0,2000.0,150800.0
787,2021-10-06 02:36:24,52900.0,100.0,148800.0
788,2021-10-06 02:36:24,52900.0,500.0,148700.0
789,2021-10-06 02:36:24,52900.0,3000.0,148200.0
790,2021-10-06 02:36:24,52900.0,200.0,145200.0
791,2021-10-06 02:36:24,52900.0,200.0,145000.0
792,2021-10-06 02:36:16,52700.0,100.0,144800.0
793,2021-10-06 02:36:16,52700.0,100.0,144700.0
794,2021-10-06 02:36:16,52800.0,300.0,144600.0
795,2021-10-06 02:36:15,52800.0,200.0,144300.0
796,2021-10-06 02:35:33,52600.0,1600.0,144100.0
797,2021-10-06 02:35:30,52600.0,200.0,142500.0
798,2021-10-06 02:35:28,52600.0,3000.0,142300.0
799,2021-10-06 02:35:28,52600.0,2000.0,139300.0
800,2021-10-06 02:35:11,52600.0,200.0,137300.0
801,2021-10-06 02:35:11,52600.0,100.0,137100.0
802,2021-10-06 02:35:11,52600.0,800.0,137000.0
803,2021-10-06 02:35:11,52600.0,2400.0,136200.0
804,2021-10-06 02:35:11,52600.0,1500.0,133800.0
805,2021-10-06 02:35:11,52600.0,100.0,132300.0
806,2021-10-06 02:35:11,52600.0,200.0,132200.0
807,2021-10-06 02:35:11,52700.0,100.0,132000.0
808,2021-10-06 02:35:11,52700.0,300.0,131900.0
809,2021-10-06 02:35:11,52700.0,1000.0,131600.0
810,2021-10-06 02:35:11,52700.0,500.0,130600.0
811,2021-10-06 02:35:11,52700.0,1000.0,130100.0
812,2021-10-06 02:35:11,52800.0,5000.0,129100.0
813,2021-10-06 02:34:53,52900.0,1800.0,124100.0
814,2021-10-06 02:34:15,52700.0,100.0,122300.0
815,2021-10-06 02:34:15,52700.0,600.0,122200.0
816,2021-10-06 02:34:15,52700.0,2000.0,121600.0
817,2021-10-06 02:34:15,52700.0,200.0,119600.0
818,2021-10-06 02:34:15,52800.0,100.0,119400.0
819,2021-10-06 02:34:13,52800.0,100.0,119300.0
820,2021-10-06 02:34:13,52800.0,300.0,119200.0
821,2021-10-06 02:33:21,52700.0,100.0,118900.0
822,2021-10-06 02:33:21,52700.0,400.0,118800.0
823,2021-10-06 02:33:13,52700.0,200.0,118400.0
824,2021-10-06 02:32:55,52700.0,1000.0,118200.0
825,2021-10-06 02:32:02,52700.0,400.0,117200.0
826,2021-10-06 02:31:42,52600.0,500.0,116800.0
827,2021-10-06 02:31:38,52600.0,700.0,116300.0
828,2021-10-06 02:31:37,52600.0,200.0,115600.0
829,2021-10-06 02:31:34,52600.0,100.0,115400.0
830,2021-10-06 02:31:16,52500.0,200.0,115300.0
831,2021-10-06 02:31:16,52500.0,800.0,115100.0
832,2021-10-06 02:31:05,52500.0,1000.0,114300.0
833,2021-10-06 02:30:54,52500.0,200.0,113300.0
834,2021-10-06 02:30:46,52500.0,400.0,113100.0
835,2021-10-06 02:30:45,52500.0,400.0,112700.0
836,2021-10-06 02:30:40,52500.0,100.0,112300.0
837,2021-10-06 02:30:40,52500.0,200.0,112200.0
838,2021-10-06 02:30:20,52500.0,100.0,112000.0
839,2021-10-06 02:30:02,52500.0,500.0,111900.0
840,2021-10-06 02:30:02,52300.0,500.0,111400.0
841,2021-10-06 02:30:02,52400.0,100.0,110900.0
842,2021-10-06 02:30:02,52400.0,200.0,110800.0
843,2021-10-06 02:30:02,52400.0,300.0,110600.0
844,2021-10-06 02:30:02,52400.0,100.0,110300.0
845,2021-10-06 02:30:02,52400.0,200.0,110200.0
846,2021-10-06 02:29:51,52500.0,100.0,110000.0
847,2021-10-06 02:29:40,52500.0,800.0,109900.0
848,2021-10-06 02:29:40,52500.0,300.0,109100.0
849,2021-10-06 02:29:34,52500.0,100.0,108800.0
850,2021-10-06 02:29:14,52500.0,100.0,108700.0
851,2021-10-06 02:29:00,52400.0,500.0,108600.0
852,2021-10-06 02:28:56,52400.0,200.0,108100.0
853,2021-10-06 02:28:42,52400.0,400.0,107900.0
854,2021-10-06 02:28:36,52400.0,100.0,107500.0
855,2021-10-06 02:28:21,52400.0,500.0,107400.0
856,2021-10-06 02:28:09,52300.0,500.0,106900.0
857,2021-10-06 02:28:01,52300.0,400.0,106400.0
858,2021-10-06 02:27:54,52300.0,200.0,106000.0
859,2021-10-06 02:27:46,52300.0,500.0,105800.0
860,2021-10-06 02:27:43,52300.0,100.0,105300.0
861,2021-10-06 02:27:42,52300.0,200.0,105200.0
862,2021-10-06 02:27:37,52300.0,200.0,105000.0
863,2021-10-06 02:27:32,52300.0,100.0,104800.0
864,2021-10-06 02:27:32,52300.0,100.0,104700.0
865,2021-10-06 02:27:32,52300.0,300.0,104600.0
866,2021-10-06 02:27:32,52300.0,600.0,104300.0
867,2021-10-06 02:27:31,52300.0,100.0,103700.0
868,2021-10-06 02:27:15,52300.0,100.0,103600.0
869,2021-10-06 02:27:12,52300.0,600.0,103500.0
870,2021-10-06 02:27:12,52300.0,100.0,102900.0
871,2021-10-06 02:26:59,52300.0,700.0,102800.0
872,2021-10-06 02:26:59,52300.0,100.0,102100.0
873,2021-10-06 02:26:59,52300.0,200.0,102000.0
874,2021-10-06 02:26:58,52300.0,100.0,101800.0
875,2021-10-06 02:26:56,52200.0,500.0,101700.0
876,2021-10-06 02:26:56,52200.0,300.0,101200.0
877,2021-10-06 02:26:56,52200.0,200.0,100900.0
878,2021-10-06 02:26:53,52300.0,200.0,100700.0
879,2021-10-06 02:26:50,52300.0,100.0,100500.0
880,2021-10-06 02:26:49,52300.0,400.0,100400.0
881,2021-10-06 02:26:49,52300.0,600.0,100000.0
882,2021-10-06 02:26:36,52300.0,500.0,99400.0
883,2021-10-06 02:26:36,52300.0,200.0,98900.0
884,2021-10-06 02:26:36,52300.0,100.0,98700.0
885,2021-10-06 02:26:28,52400.0,100.0,98600.0
886,2021-10-06 02:26:19,52400.0,300.0,98500.0
887,2021-10-06 02:26:19,52400.0,600.0,98200.0
888,2021-10-06 02:26:19,52400.0,300.0,97600.0
889,2021-10-06 02:26:08,52500.0,100.0,97300.0
890,2021-10-06 02:26:08,52500.0,200.0,97200.0
891,2021-10-06 02:26:08,52500.0,200.0,97000.0
892,2021-10-06 02:26:01,52500.0,1600.0,96800.0
893,2021-10-06 02:25:49,52500.0,200.0,95200.0
894,2021-10-06 02:25:49,52500.0,400.0,95000.0
895,2021-10-06 02:25:49,52500.0,100.0,94600.0
896,2021-10-06 02:25:49,52500.0,800.0,94500.0
897,2021-10-06 02:25:49,52600.0,100.0,93700.0
898,2021-10-06 02:25:49,52600.0,200.0,93600.0
899,2021-10-06 02:25:49,52600.0,100.0,93400.0
900,2021-10-06 02:25:49,52600.0,100.0,93300.0
901,2021-10-06 02:25:31,52700.0,200.0,93200.0
902,2021-10-06 02:25:24,52600.0,900.0,93000.0
903,2021-10-06 02:25:24,52600.0,100.0,92100.0
904,2021-10-06 02:25:24,52600.0,100.0,92000.0
905,2021-10-06 02:25:24,52600.0,100.0,91900.0
906,2021-10-06 02:25:24,52600.0,3800.0,91800.0
907,2021-10-06 02:25:07,52600.0,2900.0,88000.0
908,2021-10-06 02:25:07,52600.0,3000.0,85100.0
909,2021-10-06 02:24:34,52700.0,200.0,82100.0
910,2021-10-06 02:24:26,52700.0,1000.0,81900.0
911,2021-10-06 02:24:26,52700.0,500.0,80900.0
912,2021-10-06 02:24:26,52700.0,100.0,80400.0
913,2021-10-06 02:24:26,52700.0,5000.0,80300.0
914,2021-10-06 02:24:26,52700.0,300.0,75300.0
915,2021-10-06 02:24:26,52800.0,1000.0,75000.0
916,2021-10-06 02:24:26,52800.0,100.0,74000.0
917,2021-10-06 02:24:20,52900.0,500.0,73900.0
918,2021-10-06 02:24:13,52800.0,400.0,73400.0
919,2021-10-06 02:24:13,52800.0,500.0,73000.0
920,2021-10-06 02:24:13,52800.0,100.0,72500.0
921,2021-10-06 02:24:13,52800.0,500.0,72400.0
922,2021-10-06 02:24:13,52800.0,100.0,71900.0
923,2021-10-06 02:24:13,52800.0,1000.0,71800.0
924,2021-10-06 02:24:13,52800.0,2400.0,70800.0
925,2021-10-06 02:24:03,52900.0,500.0,68400.0
926,2021-10-06 02:23:59,52900.0,100.0,67900.0
927,2021-10-06 02:23:37,52900.0,500.0,67800.0
928,2021-10-06 02:23:37,52900.0,100.0,67300.0
929,2021-10-06 02:23:37,52900.0,400.0,67200.0
930,2021-10-06 02:23:31,52800.0,2600.0,66800.0
931,2021-10-06 02:23:31,52800.0,400.0,64200.0
932,2021-10-06 02:23:22,52800.0,400.0,63800.0
933,2021-10-06 02:22:37,52900.0,300.0,63400.0
934,2021-10-06 02:22:29,52900.0,1000.0,63100.0
935,2021-10-06 02:22:27,52900.0,800.0,62100.0
936,2021-10-06 02:22:27,52900.0,500.0,61300.0
937,2021-10-06 02:22:09,53000.0,100.0,60800.0
938,2021-10-06 02:22:05,53000.0,500.0,60700.0
939,2021-10-06 02:21:23,53000.0,100.0,60200.0
940,2021-10-06 02:21:23,53000.0,200.0,60100.0
941,2021-10-06 02:21:00,53000.0,100.0,59900.0
942,2021-10-06 02:20:34,53000.0,900.0,59800.0
943,2021-10-06 02:20:34,53000.0,100.0,58900.0
944,2021-10-06 02:20:29,53000.0,100.0,58800.0
945,2021-10-06 02:20:20,53000.0,600.0,58700.0
946,2021-10-06 02:20:20,52900.0,200.0,58100.0
947,2021-10-06 02:20:15,52900.0,100.0,57900.0
948,2021-10-06 02:20:13,53000.0,500.0,57800.0
949,2021-10-06 02:20:04,52900.0,700.0,57300.0
950,2021-10-06 02:19:59,53000.0,500.0,56600.0
951,2021-10-06 02:19:48,53000.0,500.0,56100.0
952,2021-10-06 02:19:48,53000.0,200.0,55600.0
953,2021-10-06 02:19:31,53000.0,300.0,55400.0
954,2021-10-06 02:19:31,53000.0,200.0,55100.0
955,2021-10-06 02:19:31,53000.0,7500.0,54900.0
956,2021-10-06 02:19:31,53000.0,700.0,47400.0
957,2021-10-06 02:19:28,53000.0,100.0,46700.0
958,2021-10-06 02:19:25,53000.0,200.0,46600.0
959,2021-10-06 02:19:25,53000.0,200.0,46400.0
960,2021-10-06 02:19:25,53000.0,2200.0,46200.0
961,2021-10-06 02:19:25,53000.0,500.0,44000.0
962,2021-10-06 02:19:25,53000.0,100.0,43500.0
963,2021-10-06 02:19:10,53000.0,100.0,43400.0
964,2021-10-06 02:19:10,53000.0,100.0,43300.0
965,2021-10-06 02:19:10,53000.0,500.0,43200.0
966,2021-10-06 02:18:58,52800.0,500.0,42700.0
967,2021-10-06 02:18:52,53000.0,300.0,42200.0
968,2021-10-06 02:18:52,52900.0,700.0,41900.0
969,2021-10-06 02:18:04,53000.0,100.0,41200.0
970,2021-10-06 02:18:04,53000.0,1000.0,41100.0
971,2021-10-06 02:17:43,53000.0,700.0,40100.0
972,2021-10-06 02:17:31,53000.0,100.0,39400.0
973,2021-10-06 02:17:28,53000.0,100.0,39300.0
974,2021-10-06 02:17:28,53000.0,200.0,39200.0
975,2021-10-06 02:17:26,53000.0,300.0,39000.0
976,2021-10-06 02:17:26,53000.0,100.0,38700.0
977,2021-10-06 02:17:03,53000.0,100.0,38600.0
978,2021-10-06 02:17:03,53000.0,800.0,38500.0
979,2021-10-06 02:17:02,53000.0,900.0,37700.0
980,2021-10-06 02:16:57,52800.0,200.0,36800.0
981,2021-10-06 02:16:50,53000.0,3000.0,36600.0
982,2021-10-06 02:16:50,53000.0,100.0,33600.0
983,2021-10-06 02:16:50,53000.0,1000.0,33500.0
984,2021-10-06 02:16:50,53000.0,300.0,32500.0
985,2021-10-06 02:16:50,53000.0,5000.0,32200.0
986,2021-10-06 02:16:50,53000.0,3000.0,27200.0
987,2021-10-06 02:16:50,53000.0,4000.0,24200.0
988,2021-10-06 02:16:50,53000.0,10000.0,20200.0
989,2021-10-06 02:16:50,53000.0,1000.0,10200.0
990,2021-10-06 02:16:50,52900.0,2000.0,9200.0
991,2021-10-06 02:16:50,52900.0,600.0,7200.0
992,2021-10-06 02:16:31,52800.0,300.0,6600.0
993,2021-10-06 02:16:31,52800.0,200.0,6300.0
994,2021-10-06 02:15:18,52600.0,100.0,6100.0
995,2021-10-06 02:15:02,52600.0,100.0,6000.0
996,2021-10-06 02:15:00,52600.0,100.0,5900.0
997,2021-10-06 02:15:00,52600.0,100.0,5800.0
998,2021-10-06 02:15:00,52600.0,200.0,5700.0
999,2021-10-06 02:15:00,52600.0,400.0,5500.0
1000,2021-10-06 02:15:00,52600.0,1000.0,5100.0
1001,2021-10-06 02:15:00,52600.0,300.0,4100.0
1002,2021-10-06 02:15:00,52600.0,1000.0,3800.0
1003,2021-10-06 02:15:00,52600.0,1700.0,2800.0
1004,2021-10-06 02:15:00,52600.0,300.0,1100.0
1005,2021-10-06 02:15:00,52600.0,100.0,800.0
1006,2021-10-06 02:15:00,52600.0,100.0,700.0
1007,2021-10-06 02:15:00,52600.0,300.0,600.0
1008,2021-10-06 02:15:00,52600.0,200.0,300.0
1009,2021-10-06 02:15:00,52600.0,100.0,100.0
