,Time,Price,Volume_per_trade,Volume
0,2021-10-12 07:45:00,8950.0,500.0,3783100.0
1,2021-10-12 07:45:00,8950.0,400.0,3782600.0
2,2021-10-12 07:45:00,8950.0,200.0,3782200.0
3,2021-10-12 07:45:00,8950.0,100.0,3782000.0
4,2021-10-12 07:45:00,8950.0,100.0,3781900.0
5,2021-10-12 07:45:00,8950.0,10000.0,3781800.0
6,2021-10-12 07:45:00,8950.0,400.0,3771800.0
7,2021-10-12 07:45:00,8950.0,4900.0,3771400.0
8,2021-10-12 07:45:00,8950.0,200.0,3766500.0
9,2021-10-12 07:45:00,8950.0,10000.0,3766300.0
10,2021-10-12 07:45:00,8950.0,1000.0,3756300.0
11,2021-10-12 07:45:00,8950.0,2000.0,3755300.0
12,2021-10-12 07:45:00,8950.0,2000.0,3753300.0
13,2021-10-12 07:45:00,8950.0,100.0,3751300.0
14,2021-10-12 07:45:00,8950.0,4000.0,3751200.0
15,2021-10-12 07:45:00,8950.0,200.0,3747200.0
16,2021-10-12 07:45:00,8950.0,300.0,3747000.0
17,2021-10-12 07:45:00,8950.0,1600.0,3746700.0
18,2021-10-12 07:45:00,8950.0,3000.0,3745100.0
19,2021-10-12 07:45:00,8950.0,1600.0,3742100.0
20,2021-10-12 07:45:00,8950.0,2700.0,3740500.0
21,2021-10-12 07:45:00,8950.0,200.0,3737800.0
22,2021-10-12 07:45:00,8950.0,9800.0,3737600.0
23,2021-10-12 07:45:00,8950.0,1000.0,3727800.0
24,2021-10-12 07:45:00,8950.0,500.0,3726800.0
25,2021-10-12 07:45:00,8950.0,500.0,3726300.0
26,2021-10-12 07:45:00,8950.0,2000.0,3725800.0
27,2021-10-12 07:45:00,8950.0,800.0,3723800.0
28,2021-10-12 07:45:00,8950.0,400.0,3723000.0
29,2021-10-12 07:45:00,8950.0,400.0,3722600.0
30,2021-10-12 07:45:00,8950.0,300.0,3722200.0
31,2021-10-12 07:45:00,8950.0,300.0,3721900.0
32,2021-10-12 07:45:00,8950.0,1100.0,3721600.0
33,2021-10-12 07:45:00,8950.0,3900.0,3720500.0
34,2021-10-12 07:45:00,8950.0,1000.0,3716600.0
35,2021-10-12 07:45:00,8950.0,1000.0,3715600.0
36,2021-10-12 07:45:00,8950.0,100.0,3714600.0
37,2021-10-12 07:45:00,8950.0,2000.0,3714500.0
38,2021-10-12 07:45:00,8950.0,1200.0,3712500.0
39,2021-10-12 07:45:00,8950.0,1000.0,3711300.0
40,2021-10-12 07:45:00,8950.0,100.0,3710300.0
41,2021-10-12 07:45:00,8950.0,1000.0,3710200.0
42,2021-10-12 07:45:00,8950.0,300.0,3709200.0
43,2021-10-12 07:45:00,8950.0,600.0,3708900.0
44,2021-10-12 07:45:00,8950.0,300.0,3708300.0
45,2021-10-12 07:45:00,8950.0,2000.0,3708000.0
46,2021-10-12 07:45:00,8950.0,200.0,3706000.0
47,2021-10-12 07:45:00,8950.0,900.0,3705800.0
48,2021-10-12 07:45:00,8950.0,500.0,3704900.0
49,2021-10-12 07:45:00,8950.0,1300.0,3704400.0
50,2021-10-12 07:45:00,8950.0,100.0,3703100.0
51,2021-10-12 07:45:00,8950.0,200.0,3703000.0
52,2021-10-12 07:45:00,8950.0,700.0,3702800.0
53,2021-10-12 07:45:00,8950.0,3000.0,3702100.0
54,2021-10-12 07:45:00,8950.0,200.0,3699100.0
55,2021-10-12 07:45:00,8950.0,100.0,3698900.0
56,2021-10-12 07:45:00,8950.0,1000.0,3698800.0
57,2021-10-12 07:45:00,8950.0,2000.0,3697800.0
58,2021-10-12 07:45:00,8950.0,100.0,3695800.0
59,2021-10-12 07:45:00,8950.0,1800.0,3695700.0
60,2021-10-12 07:45:00,8950.0,1500.0,3693900.0
61,2021-10-12 07:45:00,8950.0,5000.0,3692400.0
62,2021-10-12 07:45:00,8950.0,400.0,3687400.0
63,2021-10-12 07:45:00,8950.0,1000.0,3687000.0
64,2021-10-12 07:45:00,8950.0,400.0,3686000.0
65,2021-10-12 07:45:00,8950.0,500.0,3685600.0
66,2021-10-12 07:45:00,8950.0,100.0,3685100.0
67,2021-10-12 07:29:42,8990.0,1000.0,3685000.0
68,2021-10-12 07:29:42,8990.0,200.0,3684000.0
69,2021-10-12 07:29:42,8990.0,300.0,3683800.0
70,2021-10-12 07:29:42,8990.0,500.0,3683500.0
71,2021-10-12 07:29:41,8990.0,500.0,3683000.0
72,2021-10-12 07:29:38,9000.0,5000.0,3682500.0
73,2021-10-12 07:29:15,9000.0,1100.0,3677500.0
74,2021-10-12 07:29:01,9000.0,1700.0,3676400.0
75,2021-10-12 07:29:01,9000.0,200.0,3674700.0
76,2021-10-12 07:29:01,9000.0,1000.0,3674500.0
77,2021-10-12 07:29:01,9000.0,1000.0,3673500.0
78,2021-10-12 07:29:01,9000.0,2000.0,3672500.0
79,2021-10-12 07:29:01,9000.0,1800.0,3670500.0
80,2021-10-12 07:29:01,9000.0,1000.0,3668700.0
81,2021-10-12 07:29:01,9000.0,1000.0,3667700.0
82,2021-10-12 07:29:01,9000.0,500.0,3666700.0
83,2021-10-12 07:29:01,9000.0,1100.0,3666200.0
84,2021-10-12 07:29:00,9000.0,200.0,3665100.0
85,2021-10-12 07:28:58,9000.0,700.0,3664900.0
86,2021-10-12 07:28:58,9000.0,300.0,3664200.0
87,2021-10-12 07:28:15,9000.0,800.0,3663900.0
88,2021-10-12 07:28:15,9000.0,800.0,3663100.0
89,2021-10-12 07:27:37,8990.0,700.0,3662300.0
90,2021-10-12 07:27:37,8990.0,300.0,3661600.0
91,2021-10-12 07:26:54,8990.0,2000.0,3661300.0
92,2021-10-12 07:26:38,8990.0,2200.0,3659300.0
93,2021-10-12 07:26:14,8990.0,900.0,3657100.0
94,2021-10-12 07:26:14,8990.0,700.0,3656200.0
95,2021-10-12 07:26:14,8990.0,900.0,3655500.0
96,2021-10-12 07:26:14,8990.0,2000.0,3654600.0
97,2021-10-12 07:26:14,8990.0,100.0,3652600.0
98,2021-10-12 07:26:14,8990.0,100.0,3652500.0
99,2021-10-12 07:26:14,8990.0,3300.0,3652400.0
100,2021-10-12 07:25:33,8990.0,800.0,3649100.0
101,2021-10-12 07:25:24,8990.0,5500.0,3648300.0
102,2021-10-12 07:24:18,8990.0,8800.0,3642800.0
103,2021-10-12 07:23:43,8990.0,100.0,3634000.0
104,2021-10-12 07:23:37,8990.0,200.0,3633900.0
105,2021-10-12 07:23:30,8990.0,300.0,3633700.0
106,2021-10-12 07:23:13,8980.0,300.0,3633400.0
107,2021-10-12 07:23:13,8980.0,5700.0,3633100.0
108,2021-10-12 07:23:09,8990.0,600.0,3627400.0
109,2021-10-12 07:23:09,8990.0,2200.0,3626800.0
110,2021-10-12 07:22:45,8980.0,1000.0,3624600.0
111,2021-10-12 07:21:41,8980.0,1000.0,3623600.0
112,2021-10-12 07:21:28,8990.0,100.0,3622600.0
113,2021-10-12 07:20:59,8980.0,300.0,3622500.0
114,2021-10-12 07:20:59,8980.0,400.0,3622200.0
115,2021-10-12 07:20:24,8980.0,100.0,3621800.0
116,2021-10-12 07:20:11,8990.0,100.0,3621700.0
117,2021-10-12 07:19:55,8990.0,500.0,3621600.0
118,2021-10-12 07:18:28,8990.0,100.0,3621100.0
119,2021-10-12 07:18:28,8990.0,500.0,3621000.0
120,2021-10-12 07:18:28,8990.0,400.0,3620500.0
121,2021-10-12 07:17:05,8990.0,600.0,3620100.0
122,2021-10-12 07:17:05,8990.0,200.0,3619500.0
123,2021-10-12 07:17:05,8990.0,200.0,3619300.0
124,2021-10-12 07:17:03,9000.0,3200.0,3619100.0
125,2021-10-12 07:16:39,9000.0,500.0,3615900.0
126,2021-10-12 07:16:34,9000.0,500.0,3615400.0
127,2021-10-12 07:16:20,9000.0,2200.0,3614900.0
128,2021-10-12 07:16:20,9000.0,100.0,3612700.0
129,2021-10-12 07:16:20,9000.0,100.0,3612600.0
130,2021-10-12 07:16:20,9000.0,2600.0,3612500.0
131,2021-10-12 07:16:19,9000.0,500.0,3609900.0
132,2021-10-12 07:16:13,9000.0,1000.0,3609400.0
133,2021-10-12 07:16:04,9000.0,900.0,3608400.0
134,2021-10-12 07:16:04,9000.0,600.0,3607500.0
135,2021-10-12 07:15:22,9000.0,300.0,3606900.0
136,2021-10-12 07:15:22,9000.0,1600.0,3606600.0
137,2021-10-12 07:14:52,9000.0,1900.0,3605000.0
138,2021-10-12 07:14:52,9000.0,100.0,3603100.0
139,2021-10-12 07:14:49,9000.0,2000.0,3603000.0
140,2021-10-12 07:14:47,9000.0,900.0,3601000.0
141,2021-10-12 07:14:47,9000.0,1400.0,3600100.0
142,2021-10-12 07:14:08,9000.0,100.0,3598700.0
143,2021-10-12 07:14:03,9000.0,600.0,3598600.0
144,2021-10-12 07:14:03,9000.0,100.0,3598000.0
145,2021-10-12 07:14:03,9000.0,3300.0,3597900.0
146,2021-10-12 07:13:22,9000.0,900.0,3594600.0
147,2021-10-12 07:13:20,9000.0,2000.0,3593700.0
148,2021-10-12 07:13:20,9000.0,200.0,3591700.0
149,2021-10-12 07:13:20,9000.0,2000.0,3591500.0
150,2021-10-12 07:13:20,9000.0,1800.0,3589500.0
151,2021-10-12 07:13:12,9000.0,1500.0,3587700.0
152,2021-10-12 07:13:01,9000.0,200.0,3586200.0
153,2021-10-12 07:12:24,9000.0,100.0,3586000.0
154,2021-10-12 07:12:24,9000.0,400.0,3585900.0
155,2021-10-12 07:12:00,9000.0,1900.0,3585500.0
156,2021-10-12 07:12:00,9000.0,1100.0,3583600.0
157,2021-10-12 07:11:31,9000.0,100.0,3582500.0
158,2021-10-12 07:11:02,9000.0,700.0,3582400.0
159,2021-10-12 07:10:51,9000.0,200.0,3581700.0
160,2021-10-12 07:10:33,9000.0,100.0,3581500.0
161,2021-10-12 07:10:23,9000.0,100.0,3581400.0
162,2021-10-12 07:10:16,9000.0,400.0,3581300.0
163,2021-10-12 07:10:16,9000.0,7000.0,3580900.0
164,2021-10-12 07:10:16,9000.0,200.0,3573900.0
165,2021-10-12 07:10:16,9000.0,1000.0,3573700.0
166,2021-10-12 07:10:16,9000.0,600.0,3572700.0
167,2021-10-12 07:10:16,9000.0,3500.0,3572100.0
168,2021-10-12 07:10:16,9000.0,100.0,3568600.0
169,2021-10-12 07:10:16,9000.0,100.0,3568500.0
170,2021-10-12 07:10:16,9000.0,100.0,3568400.0
171,2021-10-12 07:10:16,9000.0,5000.0,3568300.0
172,2021-10-12 07:10:16,9000.0,100.0,3563300.0
173,2021-10-12 07:10:16,9000.0,200.0,3563200.0
174,2021-10-12 07:10:16,9000.0,300.0,3563000.0
175,2021-10-12 07:10:16,9000.0,500.0,3562700.0
176,2021-10-12 07:10:16,9000.0,12100.0,3562200.0
177,2021-10-12 07:10:16,9000.0,100.0,3550100.0
178,2021-10-12 07:10:16,9000.0,100.0,3550000.0
179,2021-10-12 07:10:16,9000.0,2000.0,3549900.0
180,2021-10-12 07:10:16,9000.0,1000.0,3547900.0
181,2021-10-12 07:10:16,9000.0,600.0,3546900.0
182,2021-10-12 07:09:56,9000.0,2800.0,3546300.0
183,2021-10-12 07:09:33,9000.0,600.0,3543500.0
184,2021-10-12 07:09:20,8970.0,400.0,3542900.0
185,2021-10-12 07:09:20,8970.0,200.0,3542500.0
186,2021-10-12 07:09:20,8970.0,500.0,3542300.0
187,2021-10-12 07:09:20,8970.0,100.0,3541800.0
188,2021-10-12 07:09:20,8970.0,1800.0,3541700.0
189,2021-10-12 07:09:17,8990.0,5000.0,3539900.0
190,2021-10-12 07:09:17,8990.0,5000.0,3534900.0
191,2021-10-12 07:09:15,8970.0,200.0,3529900.0
192,2021-10-12 07:09:04,8970.0,900.0,3529700.0
193,2021-10-12 07:09:04,8980.0,100.0,3528800.0
194,2021-10-12 07:07:09,8970.0,100.0,3528700.0
195,2021-10-12 07:07:03,8970.0,100.0,3528600.0
196,2021-10-12 07:07:00,8970.0,1900.0,3528500.0
197,2021-10-12 07:07:00,8970.0,100.0,3526600.0
198,2021-10-12 07:07:00,8970.0,100.0,3526500.0
199,2021-10-12 07:07:00,8970.0,1900.0,3526400.0
200,2021-10-12 07:06:17,8970.0,3100.0,3524500.0
201,2021-10-12 07:06:17,8970.0,500.0,3521400.0
202,2021-10-12 07:06:17,8970.0,400.0,3520900.0
203,2021-10-12 07:06:17,8970.0,500.0,3520500.0
204,2021-10-12 07:06:17,8970.0,100.0,3520000.0
205,2021-10-12 07:06:17,8970.0,100.0,3519900.0
206,2021-10-12 07:06:17,8970.0,500.0,3519800.0
207,2021-10-12 07:06:17,8970.0,100.0,3519300.0
208,2021-10-12 07:05:52,8990.0,500.0,3519200.0
209,2021-10-12 07:05:34,8990.0,100.0,3518700.0
210,2021-10-12 07:05:26,8990.0,100.0,3518600.0
211,2021-10-12 07:05:24,8990.0,1000.0,3518500.0
212,2021-10-12 07:05:22,8990.0,100.0,3517500.0
213,2021-10-12 07:05:04,8990.0,1000.0,3517400.0
214,2021-10-12 07:04:37,8990.0,3000.0,3516400.0
215,2021-10-12 07:04:34,8990.0,400.0,3513400.0
216,2021-10-12 07:04:23,8990.0,100.0,3513000.0
217,2021-10-12 07:04:22,8990.0,1000.0,3512900.0
218,2021-10-12 07:04:22,8990.0,100.0,3511900.0
219,2021-10-12 07:04:22,8990.0,2300.0,3511800.0
220,2021-10-12 07:04:22,8990.0,1500.0,3509500.0
221,2021-10-12 07:04:22,8990.0,1000.0,3508000.0
222,2021-10-12 07:04:18,8990.0,3000.0,3507000.0
223,2021-10-12 07:04:08,9000.0,300.0,3504000.0
224,2021-10-12 07:03:43,8990.0,4400.0,3503700.0
225,2021-10-12 07:02:58,9000.0,1000.0,3499300.0
226,2021-10-12 07:02:29,9000.0,100.0,3498300.0
227,2021-10-12 07:02:28,8970.0,200.0,3498200.0
228,2021-10-12 07:02:28,8970.0,3000.0,3498000.0
229,2021-10-12 07:02:28,8970.0,1000.0,3495000.0
230,2021-10-12 07:02:28,8970.0,2000.0,3494000.0
231,2021-10-12 07:02:28,8970.0,100.0,3492000.0
232,2021-10-12 07:02:20,9000.0,100.0,3491900.0
233,2021-10-12 07:02:08,9000.0,800.0,3491800.0
234,2021-10-12 07:02:05,9000.0,300.0,3491000.0
235,2021-10-12 07:02:05,9000.0,1000.0,3490700.0
236,2021-10-12 07:02:05,9000.0,100.0,3489700.0
237,2021-10-12 07:02:05,9000.0,100.0,3489600.0
238,2021-10-12 07:02:05,9000.0,400.0,3489500.0
239,2021-10-12 07:02:05,9000.0,500.0,3489100.0
240,2021-10-12 07:02:05,9000.0,1300.0,3488600.0
241,2021-10-12 07:01:54,9000.0,2000.0,3487300.0
242,2021-10-12 07:01:45,9000.0,1700.0,3485300.0
243,2021-10-12 07:01:45,9000.0,200.0,3483600.0
244,2021-10-12 07:01:45,9000.0,1000.0,3483400.0
245,2021-10-12 07:01:45,9000.0,500.0,3482400.0
246,2021-10-12 07:01:45,9000.0,100.0,3481900.0
247,2021-10-12 07:01:45,9000.0,200.0,3481800.0
248,2021-10-12 07:01:45,9000.0,1200.0,3481600.0
249,2021-10-12 07:01:45,9000.0,100.0,3480400.0
250,2021-10-12 07:01:45,9000.0,1000.0,3480300.0
251,2021-10-12 07:01:45,9000.0,500.0,3479300.0
252,2021-10-12 07:01:45,9000.0,3500.0,3478800.0
253,2021-10-12 07:01:43,9000.0,500.0,3475300.0
254,2021-10-12 07:01:43,9000.0,6000.0,3474800.0
255,2021-10-12 07:01:43,9000.0,800.0,3468800.0
256,2021-10-12 07:01:42,9000.0,300.0,3468000.0
257,2021-10-12 07:01:40,9000.0,1000.0,3467700.0
258,2021-10-12 07:01:39,9000.0,4400.0,3466700.0
259,2021-10-12 07:01:39,9000.0,200.0,3462300.0
260,2021-10-12 07:01:39,9000.0,800.0,3462100.0
261,2021-10-12 07:01:39,9000.0,100.0,3461300.0
262,2021-10-12 07:01:39,9000.0,500.0,3461200.0
263,2021-10-12 07:01:39,9000.0,900.0,3460700.0
264,2021-10-12 07:01:39,9000.0,400.0,3459800.0
265,2021-10-12 07:01:39,9000.0,100.0,3459400.0
266,2021-10-12 07:01:39,9000.0,1000.0,3459300.0
267,2021-10-12 07:01:39,9000.0,500.0,3458300.0
268,2021-10-12 07:01:39,9000.0,100.0,3457800.0
269,2021-10-12 07:01:39,9000.0,2600.0,3457700.0
270,2021-10-12 07:01:37,9000.0,100.0,3455100.0
271,2021-10-12 07:01:27,9000.0,1000.0,3455000.0
272,2021-10-12 07:01:21,9000.0,800.0,3454000.0
273,2021-10-12 07:01:20,9000.0,5000.0,3453200.0
274,2021-10-12 07:01:09,9000.0,2500.0,3448200.0
275,2021-10-12 07:01:09,9000.0,2000.0,3445700.0
276,2021-10-12 07:01:09,9000.0,100.0,3443700.0
277,2021-10-12 07:01:09,9000.0,100.0,3443600.0
278,2021-10-12 07:01:09,9000.0,300.0,3443500.0
279,2021-10-12 07:01:08,9000.0,2000.0,3443200.0
280,2021-10-12 07:01:08,9000.0,1000.0,3441200.0
281,2021-10-12 07:00:50,9010.0,200.0,3440200.0
282,2021-10-12 07:00:50,9010.0,300.0,3440000.0
283,2021-10-12 07:00:50,9010.0,100.0,3439700.0
284,2021-10-12 07:00:50,9010.0,5000.0,3439600.0
285,2021-10-12 07:00:50,9010.0,1200.0,3434600.0
286,2021-10-12 07:00:50,9010.0,300.0,3433400.0
287,2021-10-12 07:00:22,9020.0,200.0,3433100.0
288,2021-10-12 07:00:18,9020.0,200.0,3432900.0
289,2021-10-12 07:00:18,9020.0,600.0,3432700.0
290,2021-10-12 07:00:10,9020.0,400.0,3432100.0
291,2021-10-12 07:00:03,9010.0,200.0,3431700.0
292,2021-10-12 06:59:54,9010.0,1000.0,3431500.0
293,2021-10-12 06:59:51,9020.0,300.0,3430500.0
294,2021-10-12 06:59:42,9020.0,200.0,3430200.0
295,2021-10-12 06:59:26,9020.0,1500.0,3430000.0
296,2021-10-12 06:59:23,9020.0,500.0,3428500.0
297,2021-10-12 06:59:14,9020.0,300.0,3428000.0
298,2021-10-12 06:59:14,9020.0,100.0,3427700.0
299,2021-10-12 06:59:14,9020.0,200.0,3427600.0
300,2021-10-12 06:59:14,9020.0,7900.0,3427400.0
301,2021-10-12 06:59:09,9020.0,1500.0,3419500.0
302,2021-10-12 06:58:54,9020.0,300.0,3418000.0
303,2021-10-12 06:58:35,9020.0,2000.0,3417700.0
304,2021-10-12 06:57:27,9020.0,300.0,3415700.0
305,2021-10-12 06:57:15,9020.0,200.0,3415400.0
306,2021-10-12 06:57:15,9020.0,500.0,3415200.0
307,2021-10-12 06:56:58,9030.0,3300.0,3414700.0
308,2021-10-12 06:56:58,9020.0,700.0,3411400.0
309,2021-10-12 06:56:52,9020.0,300.0,3410700.0
310,2021-10-12 06:56:52,9020.0,100.0,3410400.0
311,2021-10-12 06:56:43,9020.0,500.0,3410300.0
312,2021-10-12 06:56:43,9020.0,100.0,3409800.0
313,2021-10-12 06:56:43,9020.0,2000.0,3409700.0
314,2021-10-12 06:56:43,9020.0,4300.0,3407700.0
315,2021-10-12 06:56:42,9030.0,100.0,3403400.0
316,2021-10-12 06:56:25,9020.0,3400.0,3403300.0
317,2021-10-12 06:56:25,9020.0,100.0,3399900.0
318,2021-10-12 06:56:25,9020.0,4000.0,3399800.0
319,2021-10-12 06:56:25,9020.0,300.0,3395800.0
320,2021-10-12 06:56:25,9020.0,500.0,3395500.0
321,2021-10-12 06:56:25,9020.0,1000.0,3395000.0
322,2021-10-12 06:56:25,9020.0,100.0,3394000.0
323,2021-10-12 06:56:25,9020.0,600.0,3393900.0
324,2021-10-12 06:56:23,9030.0,200.0,3393300.0
325,2021-10-12 06:56:16,9020.0,100.0,3393100.0
326,2021-10-12 06:56:09,9030.0,100.0,3393000.0
327,2021-10-12 06:56:01,9020.0,200.0,3392900.0
328,2021-10-12 06:55:40,9020.0,100.0,3392700.0
329,2021-10-12 06:55:37,9030.0,200.0,3392600.0
330,2021-10-12 06:55:32,9030.0,3500.0,3392400.0
331,2021-10-12 06:55:14,9030.0,100.0,3388900.0
332,2021-10-12 06:55:14,9030.0,500.0,3388800.0
333,2021-10-12 06:55:14,9030.0,5000.0,3388300.0
334,2021-10-12 06:55:14,9030.0,3800.0,3383300.0
335,2021-10-12 06:54:41,9030.0,700.0,3379500.0
336,2021-10-12 06:54:35,9030.0,500.0,3378800.0
337,2021-10-12 06:54:31,9030.0,100.0,3378300.0
338,2021-10-12 06:54:31,9030.0,1000.0,3378200.0
339,2021-10-12 06:54:08,9030.0,300.0,3377200.0
340,2021-10-12 06:54:05,9030.0,1000.0,3376900.0
341,2021-10-12 06:54:05,9040.0,600.0,3375900.0
342,2021-10-12 06:53:54,9040.0,100.0,3375300.0
343,2021-10-12 06:53:54,9040.0,500.0,3375200.0
344,2021-10-12 06:53:54,9040.0,1000.0,3374700.0
345,2021-10-12 06:53:54,9040.0,1800.0,3373700.0
346,2021-10-12 06:53:49,9040.0,800.0,3371900.0
347,2021-10-12 06:53:16,9040.0,2900.0,3371100.0
348,2021-10-12 06:53:16,9040.0,2100.0,3368200.0
349,2021-10-12 06:53:15,9040.0,900.0,3366100.0
350,2021-10-12 06:53:15,9040.0,1500.0,3365200.0
351,2021-10-12 06:53:15,9040.0,200.0,3363700.0
352,2021-10-12 06:53:15,9040.0,1000.0,3363500.0
353,2021-10-12 06:53:15,9040.0,300.0,3362500.0
354,2021-10-12 06:53:07,9030.0,1000.0,3362200.0
355,2021-10-12 06:53:07,9030.0,2100.0,3361200.0
356,2021-10-12 06:52:54,9030.0,200.0,3359100.0
357,2021-10-12 06:52:45,9030.0,300.0,3358900.0
358,2021-10-12 06:52:45,9030.0,1700.0,3358600.0
359,2021-10-12 06:52:34,9030.0,500.0,3356900.0
360,2021-10-12 06:52:34,9030.0,5000.0,3356400.0
361,2021-10-12 06:52:34,9030.0,7000.0,3351400.0
362,2021-10-12 06:52:34,9030.0,100.0,3344400.0
363,2021-10-12 06:52:34,9030.0,5000.0,3344300.0
364,2021-10-12 06:52:34,9030.0,700.0,3339300.0
365,2021-10-12 06:52:29,9020.0,100.0,3338600.0
366,2021-10-12 06:52:17,9030.0,1000.0,3338500.0
367,2021-10-12 06:52:00,9020.0,100.0,3337500.0
368,2021-10-12 06:52:00,9020.0,1000.0,3337400.0
369,2021-10-12 06:51:44,9020.0,200.0,3336400.0
370,2021-10-12 06:51:44,9020.0,300.0,3336200.0
371,2021-10-12 06:51:36,9020.0,3000.0,3335900.0
372,2021-10-12 06:51:26,9020.0,1100.0,3332900.0
373,2021-10-12 06:51:26,9020.0,100.0,3331800.0
374,2021-10-12 06:51:26,9020.0,1000.0,3331700.0
375,2021-10-12 06:51:10,9020.0,1000.0,3330700.0
376,2021-10-12 06:49:42,9020.0,300.0,3329700.0
377,2021-10-12 06:49:38,9030.0,300.0,3329400.0
378,2021-10-12 06:49:38,9030.0,200.0,3329100.0
379,2021-10-12 06:49:29,9020.0,200.0,3328900.0
380,2021-10-12 06:49:17,9020.0,100.0,3328700.0
381,2021-10-12 06:48:47,9010.0,8500.0,3328600.0
382,2021-10-12 06:48:47,9010.0,500.0,3320100.0
383,2021-10-12 06:48:47,9020.0,500.0,3319600.0
384,2021-10-12 06:48:47,9020.0,100.0,3319100.0
385,2021-10-12 06:48:47,9020.0,300.0,3319000.0
386,2021-10-12 06:48:47,9020.0,100.0,3318700.0
387,2021-10-12 06:48:32,9030.0,100.0,3318600.0
388,2021-10-12 06:48:25,9030.0,200.0,3318500.0
389,2021-10-12 06:48:21,9030.0,400.0,3318300.0
390,2021-10-12 06:48:18,9040.0,700.0,3317900.0
391,2021-10-12 06:48:18,9040.0,8100.0,3317200.0
392,2021-10-12 06:47:37,9030.0,200.0,3309100.0
393,2021-10-12 06:47:37,9030.0,700.0,3308900.0
394,2021-10-12 06:47:37,9030.0,2000.0,3308200.0
395,2021-10-12 06:47:37,9030.0,200.0,3306200.0
396,2021-10-12 06:47:37,9030.0,300.0,3306000.0
397,2021-10-12 06:46:25,9030.0,400.0,3305700.0
398,2021-10-12 06:46:00,9030.0,500.0,3305300.0
399,2021-10-12 06:44:51,9040.0,2100.0,3304800.0
400,2021-10-12 06:44:51,9040.0,900.0,3302700.0
401,2021-10-12 06:44:33,9040.0,500.0,3301800.0
402,2021-10-12 06:44:11,9040.0,400.0,3301300.0
403,2021-10-12 06:44:08,9030.0,400.0,3300900.0
404,2021-10-12 06:44:01,9040.0,200.0,3300500.0
405,2021-10-12 06:44:01,9040.0,300.0,3300300.0
406,2021-10-12 06:43:55,9030.0,1000.0,3300000.0
407,2021-10-12 06:43:45,9030.0,200.0,3299000.0
408,2021-10-12 06:43:28,9030.0,1000.0,3298800.0
409,2021-10-12 06:43:28,9030.0,500.0,3297800.0
410,2021-10-12 06:43:28,9030.0,500.0,3297300.0
411,2021-10-12 06:43:28,9030.0,100.0,3296800.0
412,2021-10-12 06:42:50,9030.0,200.0,3296700.0
413,2021-10-12 06:42:19,9040.0,300.0,3296500.0
414,2021-10-12 06:42:19,9040.0,200.0,3296200.0
415,2021-10-12 06:42:19,9040.0,600.0,3296000.0
416,2021-10-12 06:42:19,9040.0,200.0,3295400.0
417,2021-10-12 06:42:19,9040.0,200.0,3295200.0
418,2021-10-12 06:42:19,9040.0,500.0,3295000.0
419,2021-10-12 06:41:52,9030.0,4400.0,3294500.0
420,2021-10-12 06:41:51,9030.0,500.0,3290100.0
421,2021-10-12 06:41:51,9030.0,100.0,3289600.0
422,2021-10-12 06:41:29,9040.0,500.0,3289500.0
423,2021-10-12 06:39:48,9040.0,100.0,3289000.0
424,2021-10-12 06:39:41,9020.0,10000.0,3288900.0
425,2021-10-12 06:39:41,9020.0,1000.0,3278900.0
426,2021-10-12 06:39:41,9020.0,7200.0,3277900.0
427,2021-10-12 06:39:32,9020.0,800.0,3270700.0
428,2021-10-12 06:39:21,9020.0,2000.0,3269900.0
429,2021-10-12 06:39:21,9020.0,100.0,3267900.0
430,2021-10-12 06:39:21,9020.0,200.0,3267800.0
431,2021-10-12 06:39:21,9020.0,2700.0,3267600.0
432,2021-10-12 06:39:16,9020.0,1000.0,3264900.0
433,2021-10-12 06:39:13,9020.0,700.0,3263900.0
434,2021-10-12 06:39:09,9010.0,500.0,3263200.0
435,2021-10-12 06:39:09,9010.0,2000.0,3262700.0
436,2021-10-12 06:39:09,9010.0,2500.0,3260700.0
437,2021-10-12 06:38:45,9010.0,1000.0,3258200.0
438,2021-10-12 06:38:44,9020.0,100.0,3257200.0
439,2021-10-12 06:38:34,9020.0,3500.0,3257100.0
440,2021-10-12 06:38:10,9010.0,500.0,3253600.0
441,2021-10-12 06:38:06,9010.0,4500.0,3253100.0
442,2021-10-12 06:38:03,9010.0,1500.0,3248600.0
443,2021-10-12 06:37:45,9010.0,3500.0,3247100.0
444,2021-10-12 06:37:05,9020.0,1000.0,3243600.0
445,2021-10-12 06:36:47,9020.0,500.0,3242600.0
446,2021-10-12 06:36:46,9020.0,100.0,3242100.0
447,2021-10-12 06:36:45,9020.0,300.0,3242000.0
448,2021-10-12 06:36:38,9020.0,100.0,3241700.0
449,2021-10-12 06:35:52,9040.0,3000.0,3241600.0
450,2021-10-12 06:35:49,9020.0,500.0,3238600.0
451,2021-10-12 06:35:46,9040.0,800.0,3238100.0
452,2021-10-12 06:35:32,9000.0,2600.0,3237300.0
453,2021-10-12 06:35:14,9040.0,4000.0,3234700.0
454,2021-10-12 06:35:14,9040.0,500.0,3230700.0
455,2021-10-12 06:35:14,9040.0,1000.0,3230200.0
456,2021-10-12 06:35:14,9010.0,9500.0,3229200.0
457,2021-10-12 06:35:11,9000.0,1600.0,3219700.0
458,2021-10-12 06:35:11,9000.0,200.0,3218100.0
459,2021-10-12 06:35:11,9000.0,1000.0,3217900.0
460,2021-10-12 06:35:09,9010.0,5000.0,3216900.0
461,2021-10-12 06:35:07,9010.0,300.0,3211900.0
462,2021-10-12 06:35:07,9010.0,200.0,3211600.0
463,2021-10-12 06:35:01,9010.0,300.0,3211400.0
464,2021-10-12 06:35:01,9010.0,700.0,3211100.0
465,2021-10-12 06:34:56,9010.0,1300.0,3210400.0
466,2021-10-12 06:34:39,9010.0,100.0,3209100.0
467,2021-10-12 06:34:25,9040.0,300.0,3209000.0
468,2021-10-12 06:33:58,9040.0,300.0,3208700.0
469,2021-10-12 06:33:57,9050.0,9700.0,3208400.0
470,2021-10-12 06:33:57,9050.0,300.0,3198700.0
471,2021-10-12 06:33:42,9040.0,500.0,3198400.0
472,2021-10-12 06:33:27,9040.0,900.0,3197900.0
473,2021-10-12 06:33:13,9040.0,1000.0,3197000.0
474,2021-10-12 06:33:08,9040.0,100.0,3196000.0
475,2021-10-12 06:33:00,9050.0,700.0,3195900.0
476,2021-10-12 06:33:00,9050.0,2300.0,3195200.0
477,2021-10-12 06:32:48,9050.0,20000.0,3192900.0
478,2021-10-12 06:32:35,9050.0,7000.0,3172900.0
479,2021-10-12 06:32:17,9000.0,1200.0,3165900.0
480,2021-10-12 06:32:08,9050.0,2200.0,3164700.0
481,2021-10-12 06:32:01,9000.0,800.0,3162500.0
482,2021-10-12 06:32:01,9000.0,100.0,3161700.0
483,2021-10-12 06:31:58,9050.0,1000.0,3161600.0
484,2021-10-12 06:31:41,9050.0,500.0,3160600.0
485,2021-10-12 06:31:34,9000.0,900.0,3160100.0
486,2021-10-12 06:31:30,9000.0,100.0,3159200.0
487,2021-10-12 06:31:30,9000.0,1000.0,3159100.0
488,2021-10-12 06:31:30,9000.0,18000.0,3158100.0
489,2021-10-12 06:31:26,9050.0,1700.0,3140100.0
490,2021-10-12 06:31:26,9050.0,100.0,3138400.0
491,2021-10-12 06:31:26,9050.0,200.0,3138300.0
492,2021-10-12 06:30:58,9000.0,500.0,3138100.0
493,2021-10-12 06:30:58,9000.0,100.0,3137600.0
494,2021-10-12 06:30:58,9000.0,16800.0,3137500.0
495,2021-10-12 06:30:58,9000.0,600.0,3120700.0
496,2021-10-12 06:30:58,9000.0,2000.0,3120100.0
497,2021-10-12 06:30:58,9000.0,4800.0,3118100.0
498,2021-10-12 06:30:58,9000.0,500.0,3113300.0
499,2021-10-12 06:30:58,9000.0,3000.0,3112800.0
500,2021-10-12 06:30:58,9000.0,2000.0,3109800.0
501,2021-10-12 06:30:58,9000.0,1700.0,3107800.0
502,2021-10-12 06:30:51,9000.0,300.0,3106100.0
503,2021-10-12 06:30:51,9000.0,500.0,3105800.0
504,2021-10-12 06:30:51,9000.0,200.0,3105300.0
505,2021-10-12 06:30:51,9000.0,100.0,3105100.0
506,2021-10-12 06:30:47,9000.0,4700.0,3105000.0
507,2021-10-12 06:30:47,9000.0,300.0,3100300.0
508,2021-10-12 06:30:46,9000.0,200.0,3100000.0
509,2021-10-12 06:30:46,9000.0,500.0,3099800.0
510,2021-10-12 06:30:46,9000.0,4300.0,3099300.0
511,2021-10-12 06:30:25,9000.0,4400.0,3095000.0
512,2021-10-12 06:30:25,9000.0,2000.0,3090600.0
513,2021-10-12 06:30:25,9000.0,10000.0,3088600.0
514,2021-10-12 06:30:25,9000.0,2000.0,3078600.0
515,2021-10-12 06:30:25,9000.0,3000.0,3076600.0
516,2021-10-12 06:30:25,9000.0,4000.0,3073600.0
517,2021-10-12 06:30:25,9000.0,1400.0,3069600.0
518,2021-10-12 06:30:25,9000.0,5000.0,3068200.0
519,2021-10-12 06:30:25,9000.0,5800.0,3063200.0
520,2021-10-12 06:30:25,8980.0,1000.0,3057400.0
521,2021-10-12 06:30:25,8970.0,8900.0,3056400.0
522,2021-10-12 06:30:25,8970.0,2500.0,3047500.0
523,2021-10-12 06:30:21,8970.0,200.0,3045000.0
524,2021-10-12 06:30:13,8970.0,1000.0,3044800.0
525,2021-10-12 06:30:11,8970.0,2000.0,3043800.0
526,2021-10-12 06:30:03,8970.0,1000.0,3041800.0
527,2021-10-12 06:29:43,8970.0,3000.0,3040800.0
528,2021-10-12 06:29:38,8970.0,300.0,3037800.0
529,2021-10-12 06:29:35,8960.0,1500.0,3037500.0
530,2021-10-12 06:29:05,8950.0,100.0,3036000.0
531,2021-10-12 06:29:05,8950.0,900.0,3035900.0
532,2021-10-12 06:29:02,8950.0,500.0,3035000.0
533,2021-10-12 06:29:01,8950.0,500.0,3034500.0
534,2021-10-12 06:29:00,8950.0,400.0,3034000.0
535,2021-10-12 06:28:49,8950.0,300.0,3033600.0
536,2021-10-12 06:28:48,8940.0,100.0,3033300.0
537,2021-10-12 06:28:42,8950.0,500.0,3033200.0
538,2021-10-12 06:28:29,8940.0,100.0,3032700.0
539,2021-10-12 06:28:29,8940.0,200.0,3032600.0
540,2021-10-12 06:28:28,8920.0,500.0,3032400.0
541,2021-10-12 06:28:28,8930.0,1000.0,3031900.0
542,2021-10-12 06:28:01,8940.0,800.0,3030900.0
543,2021-10-12 06:28:01,8940.0,1200.0,3030100.0
544,2021-10-12 06:27:40,8910.0,500.0,3028900.0
545,2021-10-12 06:27:21,8940.0,2000.0,3028400.0
546,2021-10-12 06:27:08,8940.0,2000.0,3026400.0
547,2021-10-12 06:27:05,8940.0,100.0,3024400.0
548,2021-10-12 06:27:00,8940.0,500.0,3024300.0
549,2021-10-12 06:27:00,8940.0,4200.0,3023800.0
550,2021-10-12 06:26:59,8950.0,1900.0,3019600.0
551,2021-10-12 06:26:59,8950.0,800.0,3017700.0
552,2021-10-12 06:26:59,8950.0,100.0,3016900.0
553,2021-10-12 06:26:59,8950.0,4200.0,3016800.0
554,2021-10-12 06:26:58,8940.0,5000.0,3012600.0
555,2021-10-12 06:26:54,8940.0,400.0,3007600.0
556,2021-10-12 06:26:52,8950.0,800.0,3007200.0
557,2021-10-12 06:26:52,8950.0,2200.0,3006400.0
558,2021-10-12 06:26:25,8940.0,400.0,3004200.0
559,2021-10-12 06:26:22,8940.0,200.0,3003800.0
560,2021-10-12 06:26:12,8940.0,100.0,3003600.0
561,2021-10-12 06:25:51,8910.0,600.0,3003500.0
562,2021-10-12 06:25:29,8910.0,100.0,3002900.0
563,2021-10-12 06:25:24,8950.0,300.0,3002800.0
564,2021-10-12 06:25:15,8900.0,1000.0,3002500.0
565,2021-10-12 06:25:14,8950.0,100.0,3001500.0
566,2021-10-12 06:25:14,8950.0,900.0,3001400.0
567,2021-10-12 06:25:05,8950.0,100.0,3000500.0
568,2021-10-12 06:25:01,8900.0,400.0,3000400.0
569,2021-10-12 06:25:01,8900.0,1600.0,3000000.0
570,2021-10-12 06:25:01,8900.0,6400.0,2998400.0
571,2021-10-12 06:25:01,8900.0,2200.0,2992000.0
572,2021-10-12 06:25:01,8900.0,32200.0,2989800.0
573,2021-10-12 06:25:01,8910.0,8500.0,2957600.0
574,2021-10-12 06:25:01,8910.0,500.0,2949100.0
575,2021-10-12 06:25:01,8910.0,200.0,2948600.0
576,2021-10-12 06:24:54,8950.0,100.0,2948400.0
577,2021-10-12 06:24:25,8950.0,200.0,2948300.0
578,2021-10-12 06:24:09,8950.0,200.0,2948100.0
579,2021-10-12 06:23:50,8950.0,100.0,2947900.0
580,2021-10-12 06:23:46,8950.0,200.0,2947800.0
581,2021-10-12 06:23:39,8910.0,300.0,2947600.0
582,2021-10-12 06:23:34,8950.0,600.0,2947300.0
583,2021-10-12 06:23:34,8950.0,400.0,2946700.0
584,2021-10-12 06:23:34,8950.0,2200.0,2946300.0
585,2021-10-12 06:23:26,8950.0,2000.0,2944100.0
586,2021-10-12 06:23:15,8950.0,1300.0,2942100.0
587,2021-10-12 06:23:03,8950.0,400.0,2940800.0
588,2021-10-12 06:23:02,8970.0,5500.0,2940400.0
589,2021-10-12 06:22:58,8970.0,100.0,2934900.0
590,2021-10-12 06:22:36,8950.0,2600.0,2934800.0
591,2021-10-12 06:22:28,8800.0,1600.0,2932200.0
592,2021-10-12 06:22:28,8810.0,500.0,2930600.0
593,2021-10-12 06:22:28,8810.0,500.0,2930100.0
594,2021-10-12 06:22:28,8810.0,200.0,2929600.0
595,2021-10-12 06:22:28,8810.0,3000.0,2929400.0
596,2021-10-12 06:22:28,8810.0,1300.0,2926400.0
597,2021-10-12 06:22:28,8900.0,2000.0,2925100.0
598,2021-10-12 06:22:28,8900.0,700.0,2923100.0
599,2021-10-12 06:22:28,8900.0,900.0,2922400.0
600,2021-10-12 06:22:28,8900.0,1000.0,2921500.0
601,2021-10-12 06:22:28,8900.0,1200.0,2920500.0
602,2021-10-12 06:22:28,8900.0,10000.0,2919300.0
603,2021-10-12 06:22:28,8900.0,2000.0,2909300.0
604,2021-10-12 06:22:28,8900.0,100.0,2907300.0
605,2021-10-12 06:22:28,8900.0,1000.0,2907200.0
606,2021-10-12 06:22:28,8910.0,600.0,2906200.0
607,2021-10-12 06:22:28,8910.0,2000.0,2905600.0
608,2021-10-12 06:22:28,8910.0,1400.0,2903600.0
609,2021-10-12 06:22:26,8950.0,200.0,2902200.0
610,2021-10-12 06:22:25,8940.0,3000.0,2902000.0
611,2021-10-12 06:22:14,8910.0,100.0,2899000.0
612,2021-10-12 06:21:50,8910.0,200.0,2898900.0
613,2021-10-12 06:21:35,8950.0,100.0,2898700.0
614,2021-10-12 06:21:35,8940.0,200.0,2898600.0
615,2021-10-12 06:21:29,8900.0,200.0,2898400.0
616,2021-10-12 06:21:21,8940.0,1000.0,2898200.0
617,2021-10-12 06:21:17,8900.0,8800.0,2897200.0
618,2021-10-12 06:21:17,8900.0,200.0,2888400.0
619,2021-10-12 06:21:17,8900.0,300.0,2888200.0
620,2021-10-12 06:21:17,8900.0,100.0,2887900.0
621,2021-10-12 06:21:17,8900.0,100.0,2887800.0
622,2021-10-12 06:21:17,8900.0,500.0,2887700.0
623,2021-10-12 06:21:10,8900.0,500.0,2887200.0
624,2021-10-12 06:21:02,8900.0,5000.0,2886700.0
625,2021-10-12 06:21:02,8930.0,100.0,2881700.0
626,2021-10-12 06:21:01,8930.0,500.0,2881600.0
627,2021-10-12 06:20:59,8940.0,300.0,2881100.0
628,2021-10-12 06:20:58,8940.0,500.0,2880800.0
629,2021-10-12 06:20:56,8940.0,300.0,2880300.0
630,2021-10-12 06:20:53,8940.0,1000.0,2880000.0
631,2021-10-12 06:20:51,8940.0,1000.0,2879000.0
632,2021-10-12 06:20:51,8940.0,100.0,2878000.0
633,2021-10-12 06:20:51,8940.0,500.0,2877900.0
634,2021-10-12 06:20:51,8940.0,400.0,2877400.0
635,2021-10-12 06:20:51,8940.0,400.0,2877000.0
636,2021-10-12 06:20:51,8940.0,400.0,2876600.0
637,2021-10-12 06:20:45,8950.0,100.0,2876200.0
638,2021-10-12 06:20:44,8940.0,100.0,2876100.0
639,2021-10-12 06:20:44,8940.0,800.0,2876000.0
640,2021-10-12 06:20:38,8940.0,300.0,2875200.0
641,2021-10-12 06:20:04,8940.0,1900.0,2874900.0
642,2021-10-12 06:20:04,8940.0,100.0,2873000.0
643,2021-10-12 06:19:11,8940.0,100.0,2872900.0
644,2021-10-12 06:19:02,8810.0,700.0,2872800.0
645,2021-10-12 06:19:02,8850.0,300.0,2872100.0
646,2021-10-12 06:19:02,8850.0,100.0,2871800.0
647,2021-10-12 06:19:02,8850.0,200.0,2871700.0
648,2021-10-12 06:19:02,8850.0,1000.0,2871500.0
649,2021-10-12 06:19:02,8850.0,100.0,2870500.0
650,2021-10-12 06:19:02,8870.0,800.0,2870400.0
651,2021-10-12 06:19:02,8880.0,200.0,2869600.0
652,2021-10-12 06:19:02,8880.0,500.0,2869400.0
653,2021-10-12 06:19:02,8900.0,200.0,2868900.0
654,2021-10-12 06:19:02,8900.0,9000.0,2868700.0
655,2021-10-12 06:19:02,8900.0,700.0,2859700.0
656,2021-10-12 06:19:02,8900.0,100.0,2859000.0
657,2021-10-12 06:19:02,8900.0,100.0,2858900.0
658,2021-10-12 06:19:02,8900.0,500.0,2858800.0
659,2021-10-12 06:19:02,8900.0,2000.0,2858300.0
660,2021-10-12 06:19:02,8900.0,400.0,2856300.0
661,2021-10-12 06:19:02,8900.0,300.0,2855900.0
662,2021-10-12 06:19:02,8920.0,10000.0,2855600.0
663,2021-10-12 06:19:02,8920.0,1100.0,2845600.0
664,2021-10-12 06:19:02,8930.0,400.0,2844500.0
665,2021-10-12 06:19:02,8930.0,100.0,2844100.0
666,2021-10-12 06:19:02,8930.0,11200.0,2844000.0
667,2021-10-12 06:19:02,8930.0,10000.0,2832800.0
668,2021-10-12 06:19:01,8950.0,4700.0,2822800.0
669,2021-10-12 06:19:01,8950.0,300.0,2818100.0
670,2021-10-12 06:18:50,8950.0,200.0,2817800.0
671,2021-10-12 06:18:47,8950.0,1000.0,2817600.0
672,2021-10-12 06:18:47,8950.0,500.0,2816600.0
673,2021-10-12 06:18:47,8950.0,1000.0,2816100.0
674,2021-10-12 06:18:47,8950.0,2000.0,2815100.0
675,2021-10-12 06:18:33,8970.0,600.0,2813100.0
676,2021-10-12 06:18:26,8970.0,500.0,2812500.0
677,2021-10-12 06:18:26,8970.0,10000.0,2812000.0
678,2021-10-12 06:18:26,8970.0,100.0,2802000.0
679,2021-10-12 06:18:26,8970.0,1100.0,2801900.0
680,2021-10-12 06:18:26,8970.0,100.0,2800800.0
681,2021-10-12 06:18:26,8970.0,4900.0,2800700.0
682,2021-10-12 06:18:22,8980.0,100.0,2795800.0
683,2021-10-12 06:18:16,8980.0,900.0,2795700.0
684,2021-10-12 06:18:16,8980.0,100.0,2794800.0
685,2021-10-12 06:18:15,8980.0,400.0,2794700.0
686,2021-10-12 06:18:15,8980.0,600.0,2794300.0
687,2021-10-12 06:18:09,8980.0,400.0,2793700.0
688,2021-10-12 06:18:09,8980.0,100.0,2793300.0
689,2021-10-12 06:18:09,8980.0,500.0,2793200.0
690,2021-10-12 06:17:59,8980.0,500.0,2792700.0
691,2021-10-12 06:17:38,8980.0,2000.0,2792200.0
692,2021-10-12 06:16:45,8970.0,100.0,2790200.0
693,2021-10-12 06:16:03,9000.0,600.0,2790100.0
694,2021-10-12 06:15:28,9000.0,1000.0,2789500.0
695,2021-10-12 06:15:25,9000.0,300.0,2788500.0
696,2021-10-12 06:15:24,9000.0,1100.0,2788200.0
697,2021-10-12 06:15:17,9000.0,500.0,2787100.0
698,2021-10-12 06:15:09,9000.0,1000.0,2786600.0
699,2021-10-12 06:15:09,9000.0,2000.0,2785600.0
700,2021-10-12 06:15:09,9000.0,8000.0,2783600.0
701,2021-10-12 06:15:09,9000.0,3000.0,2775600.0
702,2021-10-12 06:15:09,9000.0,1100.0,2772600.0
703,2021-10-12 06:15:09,9000.0,100.0,2771500.0
704,2021-10-12 06:15:09,9000.0,2500.0,2771400.0
705,2021-10-12 06:15:08,9000.0,200.0,2768900.0
706,2021-10-12 06:15:08,9000.0,600.0,2768700.0
707,2021-10-12 06:15:08,9000.0,100.0,2768100.0
708,2021-10-12 06:15:08,9050.0,500.0,2768000.0
709,2021-10-12 06:15:08,9050.0,600.0,2767500.0
710,2021-10-12 06:15:01,9050.0,100.0,2766900.0
711,2021-10-12 06:15:01,9050.0,300.0,2766800.0
712,2021-10-12 06:14:48,9050.0,200.0,2766500.0
713,2021-10-12 06:14:44,9000.0,1400.0,2766300.0
714,2021-10-12 06:14:44,9000.0,1600.0,2764900.0
715,2021-10-12 06:14:24,9050.0,500.0,2763300.0
716,2021-10-12 06:14:24,9050.0,500.0,2762800.0
717,2021-10-12 06:14:23,9000.0,1000.0,2762300.0
718,2021-10-12 06:14:14,9000.0,1900.0,2761300.0
719,2021-10-12 06:14:14,9000.0,100.0,2759400.0
720,2021-10-12 06:14:14,9000.0,1000.0,2759300.0
721,2021-10-12 06:14:14,9000.0,300.0,2758300.0
722,2021-10-12 06:14:14,9000.0,1800.0,2758000.0
723,2021-10-12 06:14:14,9000.0,1000.0,2756200.0
724,2021-10-12 06:14:14,9020.0,600.0,2755200.0
725,2021-10-12 06:14:14,9050.0,100.0,2754600.0
726,2021-10-12 06:14:14,9050.0,1000.0,2754500.0
727,2021-10-12 06:14:14,9050.0,5000.0,2753500.0
728,2021-10-12 06:14:14,9050.0,500.0,2748500.0
729,2021-10-12 06:14:14,9050.0,1700.0,2748000.0
730,2021-10-12 06:13:59,9050.0,500.0,2746300.0
731,2021-10-12 06:13:59,9050.0,500.0,2745800.0
732,2021-10-12 06:13:46,9050.0,500.0,2745300.0
733,2021-10-12 06:13:45,9100.0,100.0,2744800.0
734,2021-10-12 06:13:40,9100.0,100.0,2744700.0
735,2021-10-12 06:13:38,9100.0,100.0,2744600.0
736,2021-10-12 06:13:37,9100.0,500.0,2744500.0
737,2021-10-12 06:13:33,9100.0,200.0,2744000.0
738,2021-10-12 06:13:33,9100.0,1000.0,2743800.0
739,2021-10-12 06:13:33,9100.0,1100.0,2742800.0
740,2021-10-12 06:13:28,9100.0,100.0,2741700.0
741,2021-10-12 06:13:26,9100.0,800.0,2741600.0
742,2021-10-12 06:13:26,9100.0,3000.0,2740800.0
743,2021-10-12 06:13:26,9100.0,100.0,2737800.0
744,2021-10-12 06:13:26,9100.0,1100.0,2737700.0
745,2021-10-12 06:13:18,9110.0,300.0,2736600.0
746,2021-10-12 06:13:18,9110.0,200.0,2736300.0
747,2021-10-12 06:13:17,9140.0,1100.0,2736100.0
748,2021-10-12 06:13:17,9130.0,3900.0,2735000.0
749,2021-10-12 06:13:15,9110.0,200.0,2731100.0
750,2021-10-12 06:13:08,9110.0,100.0,2730900.0
751,2021-10-12 06:13:06,9110.0,300.0,2730800.0
752,2021-10-12 06:13:06,9110.0,200.0,2730500.0
753,2021-10-12 06:13:05,9110.0,1000.0,2730300.0
754,2021-10-12 06:13:05,9110.0,500.0,2729300.0
755,2021-10-12 06:13:05,9110.0,700.0,2728800.0
756,2021-10-12 06:12:53,9110.0,1300.0,2728100.0
757,2021-10-12 06:12:53,9110.0,100.0,2726800.0
758,2021-10-12 06:12:53,9110.0,800.0,2726700.0
759,2021-10-12 06:12:35,9110.0,1200.0,2725900.0
760,2021-10-12 06:12:28,9110.0,3000.0,2724700.0
761,2021-10-12 06:12:20,9150.0,2200.0,2721700.0
762,2021-10-12 06:12:20,9130.0,2700.0,2719500.0
763,2021-10-12 06:12:20,9120.0,100.0,2716800.0
764,2021-10-12 06:12:15,9120.0,100.0,2716700.0
765,2021-10-12 06:12:01,9120.0,200.0,2716600.0
766,2021-10-12 06:11:54,9120.0,200.0,2716400.0
767,2021-10-12 06:11:43,9120.0,3400.0,2716200.0
768,2021-10-12 06:11:38,9120.0,100.0,2712800.0
769,2021-10-12 06:11:38,9130.0,600.0,2712700.0
770,2021-10-12 06:11:25,9120.0,4800.0,2712100.0
771,2021-10-12 06:11:25,9130.0,200.0,2707300.0
772,2021-10-12 06:11:20,9130.0,100.0,2707100.0
773,2021-10-12 06:11:18,9130.0,700.0,2707000.0
774,2021-10-12 06:11:18,9120.0,100.0,2706300.0
775,2021-10-12 06:11:18,9120.0,100.0,2706200.0
776,2021-10-12 06:11:18,9120.0,800.0,2706100.0
777,2021-10-12 06:11:00,9120.0,200.0,2705300.0
778,2021-10-12 06:11:00,9120.0,200.0,2705100.0
779,2021-10-12 06:11:00,9120.0,100.0,2704900.0
780,2021-10-12 06:10:53,9150.0,4500.0,2704800.0
781,2021-10-12 06:10:53,9130.0,400.0,2700300.0
782,2021-10-12 06:10:37,9130.0,100.0,2699900.0
783,2021-10-12 06:10:30,9150.0,4000.0,2699800.0
784,2021-10-12 06:10:28,9150.0,300.0,2695800.0
785,2021-10-12 06:10:06,9150.0,1600.0,2695500.0
786,2021-10-12 06:10:06,9150.0,5000.0,2693900.0
787,2021-10-12 06:10:06,9150.0,9400.0,2688900.0
788,2021-10-12 06:10:06,9150.0,7000.0,2679500.0
789,2021-10-12 06:10:02,9150.0,1000.0,2672500.0
790,2021-10-12 06:09:44,9150.0,2000.0,2671500.0
791,2021-10-12 06:09:26,9160.0,800.0,2669500.0
792,2021-10-12 06:09:26,9120.0,200.0,2668700.0
793,2021-10-12 06:09:25,9120.0,800.0,2668500.0
794,2021-10-12 06:09:23,9120.0,200.0,2667700.0
795,2021-10-12 06:09:23,9120.0,500.0,2667500.0
796,2021-10-12 06:09:18,9160.0,4100.0,2667000.0
797,2021-10-12 06:09:18,9160.0,500.0,2662900.0
798,2021-10-12 06:09:18,9160.0,1100.0,2662400.0
799,2021-10-12 06:09:18,9160.0,6400.0,2661300.0
800,2021-10-12 06:09:18,9150.0,2900.0,2654900.0
801,2021-10-12 06:09:14,9150.0,100.0,2652000.0
802,2021-10-12 06:09:09,9150.0,200.0,2651900.0
803,2021-10-12 06:09:07,9150.0,8000.0,2651700.0
804,2021-10-12 06:09:05,9150.0,1100.0,2643700.0
805,2021-10-12 06:09:05,9150.0,700.0,2642600.0
806,2021-10-12 06:08:58,9150.0,300.0,2641900.0
807,2021-10-12 06:08:56,9160.0,9100.0,2641600.0
808,2021-10-12 06:08:56,9150.0,900.0,2632500.0
809,2021-10-12 06:08:56,9150.0,2000.0,2631600.0
810,2021-10-12 06:08:56,9150.0,1300.0,2629600.0
811,2021-10-12 06:08:56,9150.0,200.0,2628300.0
812,2021-10-12 06:08:56,9150.0,1000.0,2628100.0
813,2021-10-12 06:08:56,9150.0,9600.0,2627100.0
814,2021-10-12 06:08:54,9150.0,1000.0,2617500.0
815,2021-10-12 06:08:51,9160.0,300.0,2616500.0
816,2021-10-12 06:08:44,9160.0,300.0,2616200.0
817,2021-10-12 06:08:31,9150.0,200.0,2615900.0
818,2021-10-12 06:08:26,9160.0,2000.0,2615700.0
819,2021-10-12 06:08:13,9160.0,100.0,2613700.0
820,2021-10-12 06:08:08,9160.0,1000.0,2613600.0
821,2021-10-12 06:08:05,9160.0,700.0,2612600.0
822,2021-10-12 06:08:01,9160.0,800.0,2611900.0
823,2021-10-12 06:08:00,9160.0,100.0,2611100.0
824,2021-10-12 06:07:58,9160.0,200.0,2611000.0
825,2021-10-12 06:07:54,9160.0,200.0,2610800.0
826,2021-10-12 06:07:51,9160.0,100.0,2610600.0
827,2021-10-12 06:07:46,9160.0,2000.0,2610500.0
828,2021-10-12 06:07:45,9160.0,5000.0,2608500.0
829,2021-10-12 06:07:44,9160.0,100.0,2603500.0
830,2021-10-12 06:07:44,9160.0,1000.0,2603400.0
831,2021-10-12 06:07:44,9170.0,1000.0,2602400.0
832,2021-10-12 06:07:44,9170.0,200.0,2601400.0
833,2021-10-12 06:07:44,9170.0,2000.0,2601200.0
834,2021-10-12 06:07:44,9170.0,600.0,2599200.0
835,2021-10-12 06:07:44,9180.0,800.0,2598600.0
836,2021-10-12 06:07:44,9180.0,10000.0,2597800.0
837,2021-10-12 06:07:44,9180.0,1000.0,2587800.0
838,2021-10-12 06:07:44,9180.0,5000.0,2586800.0
839,2021-10-12 06:07:44,9180.0,1000.0,2581800.0
840,2021-10-12 06:07:44,9180.0,700.0,2580800.0
841,2021-10-12 06:07:44,9180.0,1000.0,2580100.0
842,2021-10-12 06:07:44,9180.0,7300.0,2579100.0
843,2021-10-12 06:07:42,9190.0,1200.0,2571800.0
844,2021-10-12 06:07:42,9190.0,200.0,2570600.0
845,2021-10-12 06:07:42,9190.0,100.0,2570400.0
846,2021-10-12 06:07:42,9190.0,200.0,2570300.0
847,2021-10-12 06:07:42,9190.0,500.0,2570100.0
848,2021-10-12 06:07:42,9190.0,2000.0,2569600.0
849,2021-10-12 06:07:42,9190.0,900.0,2567600.0
850,2021-10-12 06:07:42,9190.0,4100.0,2566700.0
851,2021-10-12 06:07:42,9190.0,8800.0,2562600.0
852,2021-10-12 06:07:41,9190.0,2000.0,2553800.0
853,2021-10-12 06:07:39,9190.0,9200.0,2551800.0
854,2021-10-12 06:07:39,9190.0,100.0,2542600.0
855,2021-10-12 06:07:39,9190.0,700.0,2542500.0
856,2021-10-12 06:07:32,9190.0,300.0,2541800.0
857,2021-10-12 06:07:31,9180.0,10000.0,2541500.0
858,2021-10-12 06:07:26,9190.0,200.0,2531500.0
859,2021-10-12 06:07:25,9190.0,300.0,2531300.0
860,2021-10-12 06:07:23,9190.0,1500.0,2531000.0
861,2021-10-12 06:07:23,9190.0,1500.0,2529500.0
862,2021-10-12 06:07:21,9180.0,1000.0,2528000.0
863,2021-10-12 06:07:13,9190.0,1000.0,2527000.0
864,2021-10-12 06:07:11,9180.0,1900.0,2526000.0
865,2021-10-12 06:07:10,9180.0,4000.0,2524100.0
866,2021-10-12 06:07:10,9180.0,300.0,2520100.0
867,2021-10-12 06:07:08,9180.0,700.0,2519800.0
868,2021-10-12 06:07:07,9190.0,1500.0,2519100.0
869,2021-10-12 06:07:07,9190.0,1000.0,2517600.0
870,2021-10-12 06:07:06,9180.0,500.0,2516600.0
871,2021-10-12 06:07:06,9180.0,100.0,2516100.0
872,2021-10-12 06:07:06,9180.0,1700.0,2516000.0
873,2021-10-12 06:07:04,9180.0,400.0,2514300.0
874,2021-10-12 06:07:04,9180.0,100.0,2513900.0
875,2021-10-12 06:07:04,9180.0,500.0,2513800.0
876,2021-10-12 06:07:03,9180.0,400.0,2513300.0
877,2021-10-12 06:07:01,9180.0,300.0,2512900.0
878,2021-10-12 06:06:57,9180.0,800.0,2512600.0
879,2021-10-12 06:06:55,9180.0,6000.0,2511800.0
880,2021-10-12 06:06:45,9180.0,2000.0,2505800.0
881,2021-10-12 06:06:38,9180.0,4800.0,2503800.0
882,2021-10-12 06:06:37,9180.0,2000.0,2499000.0
883,2021-10-12 06:06:29,9180.0,300.0,2497000.0
884,2021-10-12 06:06:28,9180.0,200.0,2496700.0
885,2021-10-12 06:06:24,9170.0,3000.0,2496500.0
886,2021-10-12 06:06:23,9170.0,2000.0,2493500.0
887,2021-10-12 06:06:15,9170.0,5000.0,2491500.0
888,2021-10-12 06:06:13,9170.0,500.0,2486500.0
889,2021-10-12 06:06:13,9180.0,4500.0,2486000.0
890,2021-10-12 06:06:06,9190.0,400.0,2481500.0
891,2021-10-12 06:06:03,9190.0,300.0,2481100.0
892,2021-10-12 06:06:03,9190.0,300.0,2480800.0
893,2021-10-12 06:05:59,9200.0,2700.0,2480500.0
894,2021-10-12 06:05:59,9200.0,1000.0,2477800.0
895,2021-10-12 06:05:59,9200.0,1000.0,2476800.0
896,2021-10-12 06:05:59,9200.0,3000.0,2475800.0
897,2021-10-12 06:05:59,9200.0,1400.0,2472800.0
898,2021-10-12 06:05:59,9200.0,3400.0,2471400.0
899,2021-10-12 06:05:59,9200.0,100.0,2468000.0
900,2021-10-12 06:05:59,9180.0,7400.0,2467900.0
901,2021-10-12 06:05:58,9170.0,100.0,2460500.0
902,2021-10-12 06:05:57,9180.0,1000.0,2460400.0
903,2021-10-12 06:05:52,9190.0,1600.0,2459400.0
904,2021-10-12 06:05:51,9190.0,1100.0,2457800.0
905,2021-10-12 06:05:49,9190.0,300.0,2456700.0
906,2021-10-12 06:05:49,9190.0,200.0,2456400.0
907,2021-10-12 06:05:49,9190.0,4600.0,2456200.0
908,2021-10-12 06:05:49,9190.0,1000.0,2451600.0
909,2021-10-12 06:05:49,9190.0,100.0,2450600.0
910,2021-10-12 06:05:49,9190.0,5000.0,2450500.0
911,2021-10-12 06:05:49,9190.0,700.0,2445500.0
912,2021-10-12 06:05:48,9190.0,3900.0,2444800.0
913,2021-10-12 06:05:48,9180.0,100.0,2440900.0
914,2021-10-12 06:05:43,9190.0,300.0,2440800.0
915,2021-10-12 06:05:39,9150.0,100.0,2440500.0
916,2021-10-12 06:05:37,9190.0,100.0,2440400.0
917,2021-10-12 06:05:37,9150.0,4100.0,2440300.0
918,2021-10-12 06:05:34,9150.0,10900.0,2436200.0
919,2021-10-12 06:05:34,9150.0,3800.0,2425300.0
920,2021-10-12 06:05:34,9150.0,4000.0,2421500.0
921,2021-10-12 06:05:34,9150.0,1000.0,2417500.0
922,2021-10-12 06:05:30,9150.0,300.0,2416500.0
923,2021-10-12 06:05:23,9120.0,1300.0,2416200.0
924,2021-10-12 06:05:22,9120.0,3700.0,2414900.0
925,2021-10-12 06:05:22,9120.0,200.0,2411200.0
926,2021-10-12 06:05:22,9120.0,100.0,2411000.0
927,2021-10-12 06:05:20,9120.0,2000.0,2410900.0
928,2021-10-12 06:05:19,9120.0,100.0,2408900.0
929,2021-10-12 06:05:17,9120.0,3100.0,2408800.0
930,2021-10-12 06:05:17,9120.0,2100.0,2405700.0
931,2021-10-12 06:05:13,9120.0,2400.0,2403600.0
932,2021-10-12 06:05:08,9120.0,500.0,2401200.0
933,2021-10-12 06:05:00,9100.0,300.0,2400700.0
934,2021-10-12 06:04:57,9100.0,700.0,2400400.0
935,2021-10-12 06:04:57,9100.0,5000.0,2399700.0
936,2021-10-12 06:04:57,9100.0,500.0,2394700.0
937,2021-10-12 06:04:57,9100.0,1000.0,2394200.0
938,2021-10-12 06:04:57,9100.0,2800.0,2393200.0
939,2021-10-12 06:04:55,9100.0,1200.0,2390400.0
940,2021-10-12 06:04:55,9100.0,500.0,2389200.0
941,2021-10-12 06:04:55,9100.0,1000.0,2388700.0
942,2021-10-12 06:04:55,9100.0,100.0,2387700.0
943,2021-10-12 06:04:55,9100.0,2000.0,2387600.0
944,2021-10-12 06:04:55,9100.0,200.0,2385600.0
945,2021-10-12 06:04:55,9100.0,100.0,2385400.0
946,2021-10-12 06:04:55,9100.0,2800.0,2385300.0
947,2021-10-12 06:04:55,9100.0,2000.0,2382500.0
948,2021-10-12 06:04:55,9100.0,100.0,2380500.0
949,2021-10-12 06:04:54,9100.0,300.0,2380400.0
950,2021-10-12 06:04:51,9100.0,1000.0,2380100.0
951,2021-10-12 06:04:44,9100.0,600.0,2379100.0
952,2021-10-12 06:04:44,9100.0,2000.0,2378500.0
953,2021-10-12 06:04:44,9100.0,400.0,2376500.0
954,2021-10-12 06:04:44,9100.0,1000.0,2376100.0
955,2021-10-12 06:04:35,9050.0,800.0,2375100.0
956,2021-10-12 06:04:34,9050.0,1000.0,2374300.0
957,2021-10-12 06:04:26,9050.0,100.0,2373300.0
958,2021-10-12 06:04:23,9050.0,100.0,2373200.0
959,2021-10-12 06:04:16,9020.0,500.0,2373100.0
960,2021-10-12 06:04:16,9020.0,900.0,2372600.0
961,2021-10-12 06:04:12,9020.0,800.0,2371700.0
962,2021-10-12 06:04:10,9020.0,200.0,2370900.0
963,2021-10-12 06:04:08,9010.0,500.0,2370700.0
964,2021-10-12 06:04:07,9020.0,100.0,2370200.0
965,2021-10-12 06:04:03,9020.0,200.0,2370100.0
966,2021-10-12 06:03:51,9000.0,1900.0,2369900.0
967,2021-10-12 06:03:51,9000.0,600.0,2368000.0
968,2021-10-12 06:03:48,9020.0,1000.0,2367400.0
969,2021-10-12 06:03:48,9000.0,2000.0,2366400.0
970,2021-10-12 06:03:47,9000.0,1000.0,2364400.0
971,2021-10-12 06:03:47,9000.0,400.0,2363400.0
972,2021-10-12 06:03:46,9000.0,2000.0,2363000.0
973,2021-10-12 06:03:44,9000.0,600.0,2361000.0
974,2021-10-12 06:03:44,9000.0,500.0,2360400.0
975,2021-10-12 06:03:44,9000.0,1700.0,2359900.0
976,2021-10-12 06:03:44,9000.0,5000.0,2358200.0
977,2021-10-12 06:03:44,9000.0,2000.0,2353200.0
978,2021-10-12 06:03:44,9000.0,3000.0,2351200.0
979,2021-10-12 06:03:44,9000.0,2200.0,2348200.0
980,2021-10-12 06:03:44,9000.0,3000.0,2346000.0
981,2021-10-12 06:03:44,9000.0,1000.0,2343000.0
982,2021-10-12 06:03:44,9000.0,1000.0,2342000.0
983,2021-10-12 06:03:44,9000.0,200.0,2341000.0
984,2021-10-12 06:03:44,9000.0,500.0,2340800.0
985,2021-10-12 06:03:44,9000.0,1100.0,2340300.0
986,2021-10-12 06:03:44,9000.0,1000.0,2339200.0
987,2021-10-12 06:03:44,9000.0,1000.0,2338200.0
988,2021-10-12 06:03:44,9000.0,200.0,2337200.0
989,2021-10-12 06:03:44,9000.0,3800.0,2337000.0
990,2021-10-12 06:03:44,9000.0,1000.0,2333200.0
991,2021-10-12 06:03:44,9000.0,900.0,2332200.0
992,2021-10-12 06:03:44,9000.0,100.0,2331300.0
993,2021-10-12 06:03:44,9000.0,1500.0,2331200.0
994,2021-10-12 06:03:44,9000.0,600.0,2329700.0
995,2021-10-12 06:03:44,9000.0,1000.0,2329100.0
996,2021-10-12 06:03:44,9000.0,500.0,2328100.0
997,2021-10-12 06:03:44,9000.0,10000.0,2327600.0
998,2021-10-12 06:03:44,9000.0,6600.0,2317600.0
999,2021-10-12 06:03:43,9000.0,2800.0,2311000.0
1000,2021-10-12 06:03:36,9000.0,500.0,2308200.0
1001,2021-10-12 06:03:35,9000.0,800.0,2307700.0
1002,2021-10-12 06:03:31,9000.0,1500.0,2306900.0
1003,2021-10-12 06:03:23,9000.0,300.0,2305400.0
1004,2021-10-12 06:03:23,9000.0,800.0,2305100.0
1005,2021-10-12 06:03:23,9000.0,800.0,2304300.0
1006,2021-10-12 06:03:23,9000.0,2000.0,2303500.0
1007,2021-10-12 06:03:23,9000.0,500.0,2301500.0
1008,2021-10-12 06:03:23,9000.0,100.0,2301000.0
1009,2021-10-12 06:03:23,9000.0,1000.0,2300900.0
1010,2021-10-12 06:03:23,9000.0,300.0,2299900.0
1011,2021-10-12 06:03:23,9000.0,200.0,2299600.0
1012,2021-10-12 06:03:23,9000.0,1000.0,2299400.0
1013,2021-10-12 06:03:23,9000.0,3300.0,2298400.0
1014,2021-10-12 06:03:16,9000.0,500.0,2295100.0
1015,2021-10-12 06:03:12,9000.0,400.0,2294600.0
1016,2021-10-12 06:03:12,9000.0,1100.0,2294200.0
1017,2021-10-12 06:03:07,9000.0,4300.0,2293100.0
1018,2021-10-12 06:03:01,9000.0,300.0,2288800.0
1019,2021-10-12 06:03:00,9000.0,100.0,2288500.0
1020,2021-10-12 06:03:00,9000.0,900.0,2288400.0
1021,2021-10-12 06:02:54,9000.0,1400.0,2287500.0
1022,2021-10-12 06:02:51,9000.0,700.0,2286100.0
1023,2021-10-12 06:02:51,9000.0,200.0,2285400.0
1024,2021-10-12 06:02:51,9000.0,100.0,2285200.0
1025,2021-10-12 06:02:51,9000.0,200.0,2285100.0
1026,2021-10-12 06:02:51,9000.0,1800.0,2284900.0
1027,2021-10-12 06:02:49,9000.0,500.0,2283100.0
1028,2021-10-12 06:02:49,9000.0,200.0,2282600.0
1029,2021-10-12 06:02:48,9000.0,2500.0,2282400.0
1030,2021-10-12 06:02:48,9000.0,600.0,2279900.0
1031,2021-10-12 06:02:44,9000.0,1400.0,2279300.0
1032,2021-10-12 06:02:44,9000.0,600.0,2277900.0
1033,2021-10-12 06:02:44,9000.0,2000.0,2277300.0
1034,2021-10-12 06:02:44,9000.0,500.0,2275300.0
1035,2021-10-12 06:02:44,9000.0,500.0,2274800.0
1036,2021-10-12 06:02:44,9000.0,3000.0,2274300.0
1037,2021-10-12 06:02:44,9000.0,200.0,2271300.0
1038,2021-10-12 06:02:44,9000.0,2000.0,2271100.0
1039,2021-10-12 06:02:44,9000.0,2200.0,2269100.0
1040,2021-10-12 06:02:44,9000.0,1000.0,2266900.0
1041,2021-10-12 06:02:44,9000.0,1000.0,2265900.0
1042,2021-10-12 06:02:44,9000.0,500.0,2264900.0
1043,2021-10-12 06:02:44,9000.0,200.0,2264400.0
1044,2021-10-12 06:02:44,9000.0,3000.0,2264200.0
1045,2021-10-12 06:02:44,9000.0,100.0,2261200.0
1046,2021-10-12 06:02:44,9000.0,100.0,2261100.0
1047,2021-10-12 06:02:44,9000.0,2000.0,2261000.0
1048,2021-10-12 06:02:44,9000.0,600.0,2259000.0
1049,2021-10-12 06:02:44,9000.0,3000.0,2258400.0
1050,2021-10-12 06:02:44,9000.0,2000.0,2255400.0
1051,2021-10-12 06:02:44,9000.0,4100.0,2253400.0
1052,2021-10-12 06:02:36,9000.0,5000.0,2249300.0
1053,2021-10-12 06:02:22,8990.0,700.0,2244300.0
1054,2021-10-12 06:02:20,8990.0,1700.0,2243600.0
1055,2021-10-12 06:02:19,8990.0,2300.0,2241900.0
1056,2021-10-12 06:02:15,8990.0,1000.0,2239600.0
1057,2021-10-12 06:02:15,8990.0,700.0,2238600.0
1058,2021-10-12 06:02:12,8990.0,1000.0,2237900.0
1059,2021-10-12 06:02:10,8990.0,2000.0,2236900.0
1060,2021-10-12 06:02:09,8990.0,600.0,2234900.0
1061,2021-10-12 06:02:08,8990.0,300.0,2234300.0
1062,2021-10-12 06:02:07,8990.0,5000.0,2234000.0
1063,2021-10-12 06:02:04,8990.0,7000.0,2229000.0
1064,2021-10-12 06:02:01,8990.0,300.0,2222000.0
1065,2021-10-12 06:02:00,8990.0,1000.0,2221700.0
1066,2021-10-12 06:01:53,8990.0,1000.0,2220700.0
1067,2021-10-12 06:01:43,8990.0,1100.0,2219700.0
1068,2021-10-12 06:01:43,8990.0,100.0,2218600.0
1069,2021-10-12 06:01:27,8980.0,500.0,2218500.0
1070,2021-10-12 06:01:22,8980.0,500.0,2218000.0
1071,2021-10-12 06:01:22,8980.0,100.0,2217500.0
1072,2021-10-12 06:01:22,8980.0,400.0,2217400.0
1073,2021-10-12 06:01:22,8980.0,6300.0,2217000.0
1074,2021-10-12 06:01:22,8980.0,500.0,2210700.0
1075,2021-10-12 06:01:22,8980.0,8000.0,2210200.0
1076,2021-10-12 06:01:22,8980.0,1200.0,2202200.0
1077,2021-10-12 06:01:12,8980.0,3800.0,2201000.0
1078,2021-10-12 06:01:04,8980.0,100.0,2197200.0
1079,2021-10-12 06:01:01,8980.0,100.0,2197100.0
1080,2021-10-12 06:00:52,8970.0,200.0,2197000.0
1081,2021-10-12 06:00:52,8970.0,800.0,2196800.0
1082,2021-10-12 06:00:52,8970.0,200.0,2196000.0
1083,2021-10-12 06:00:50,8970.0,1100.0,2195800.0
1084,2021-10-12 06:00:50,8970.0,1000.0,2194700.0
1085,2021-10-12 06:00:50,8970.0,900.0,2193700.0
1086,2021-10-12 06:00:43,8970.0,900.0,2192800.0
1087,2021-10-12 06:00:37,8970.0,6000.0,2191900.0
1088,2021-10-12 06:00:31,8950.0,100.0,2185900.0
1089,2021-10-12 06:00:27,8950.0,300.0,2185800.0
1090,2021-10-12 06:00:27,8950.0,1000.0,2185500.0
1091,2021-10-12 06:00:27,8950.0,600.0,2184500.0
1092,2021-10-12 06:00:27,8950.0,300.0,2183900.0
1093,2021-10-12 06:00:27,8950.0,200.0,2183600.0
1094,2021-10-12 06:00:26,8970.0,200.0,2183400.0
1095,2021-10-12 06:00:23,8950.0,800.0,2183200.0
1096,2021-10-12 06:00:22,8970.0,1000.0,2182400.0
1097,2021-10-12 06:00:22,8970.0,1000.0,2181400.0
1098,2021-10-12 06:00:22,8970.0,1000.0,2180400.0
1099,2021-10-12 06:00:21,8950.0,100.0,2179400.0
1100,2021-10-12 06:00:21,8950.0,300.0,2179300.0
1101,2021-10-12 06:00:21,8950.0,700.0,2179000.0
1102,2021-10-12 06:00:19,8950.0,800.0,2178300.0
1103,2021-10-12 06:00:19,8950.0,200.0,2177500.0
1104,2021-10-12 06:00:15,8950.0,200.0,2177300.0
1105,2021-10-12 06:00:15,8950.0,100.0,2177100.0
1106,2021-10-12 06:00:15,8960.0,700.0,2177000.0
1107,2021-10-12 06:00:13,8950.0,100.0,2176300.0
1108,2021-10-12 06:00:13,8950.0,3000.0,2176200.0
1109,2021-10-12 06:00:13,8950.0,1000.0,2173200.0
1110,2021-10-12 06:00:13,8950.0,900.0,2172200.0
1111,2021-10-12 06:00:08,8970.0,3900.0,2171300.0
1112,2021-10-12 06:00:08,8960.0,100.0,2167400.0
1113,2021-10-12 06:00:07,8950.0,600.0,2167300.0
1114,2021-10-12 06:00:07,8950.0,300.0,2166700.0
1115,2021-10-12 06:00:07,8950.0,1000.0,2166400.0
1116,2021-10-12 06:00:07,8950.0,400.0,2165400.0
1117,2021-10-12 06:00:07,8950.0,1000.0,2165000.0
1118,2021-10-12 06:00:07,8950.0,1700.0,2164000.0
1119,2021-10-12 06:00:07,8950.0,500.0,2162300.0
1120,2021-10-12 06:00:05,8950.0,800.0,2161800.0
1121,2021-10-12 06:00:05,8950.0,600.0,2161000.0
1122,2021-10-12 06:00:04,8950.0,600.0,2160400.0
1123,2021-10-12 06:00:03,8950.0,1000.0,2159800.0
1124,2021-10-12 06:00:03,8950.0,100.0,2158800.0
1125,2021-10-12 06:00:02,8950.0,100.0,2158700.0
1126,2021-10-12 06:00:01,8950.0,1000.0,2158600.0
1127,2021-10-12 06:00:01,8950.0,500.0,2157600.0
1128,2021-10-12 06:00:01,8950.0,100.0,2157100.0
1129,2021-10-12 06:00:01,8950.0,1000.0,2157000.0
1130,2021-10-12 06:00:01,8950.0,100.0,2156000.0
1131,2021-10-12 06:00:01,8950.0,200.0,2155900.0
1132,2021-10-12 06:00:00,8950.0,200.0,2155700.0
1133,2021-10-12 04:29:58,8950.0,100.0,2155500.0
1134,2021-10-12 04:29:52,8950.0,100.0,2155400.0
1135,2021-10-12 04:29:51,8970.0,100.0,2155300.0
1136,2021-10-12 04:29:51,8970.0,200.0,2155200.0
1137,2021-10-12 04:29:51,8970.0,1700.0,2155000.0
1138,2021-10-12 04:29:45,8950.0,10000.0,2153300.0
1139,2021-10-12 04:29:45,8970.0,500.0,2143300.0
1140,2021-10-12 04:29:44,8950.0,2000.0,2142800.0
1141,2021-10-12 04:29:40,8950.0,300.0,2140800.0
1142,2021-10-12 04:29:40,8950.0,300.0,2140500.0
1143,2021-10-12 04:29:40,8950.0,2000.0,2140200.0
1144,2021-10-12 04:29:39,8970.0,2800.0,2138200.0
1145,2021-10-12 04:29:39,8970.0,2800.0,2135400.0
1146,2021-10-12 04:29:37,8970.0,2000.0,2132600.0
1147,2021-10-12 04:29:27,8950.0,1200.0,2130600.0
1148,2021-10-12 04:29:25,8970.0,5000.0,2129400.0
1149,2021-10-12 04:29:22,8970.0,200.0,2124400.0
1150,2021-10-12 04:29:22,8970.0,3800.0,2124200.0
1151,2021-10-12 04:29:09,8970.0,100.0,2120400.0
1152,2021-10-12 04:29:07,8970.0,300.0,2120300.0
1153,2021-10-12 04:29:00,8970.0,800.0,2120000.0
1154,2021-10-12 04:28:59,8980.0,500.0,2119200.0
1155,2021-10-12 04:28:50,8980.0,100.0,2118700.0
1156,2021-10-12 04:28:50,8980.0,900.0,2118600.0
1157,2021-10-12 04:28:40,8980.0,2000.0,2117700.0
1158,2021-10-12 04:28:36,8980.0,100.0,2115700.0
1159,2021-10-12 04:28:23,8980.0,200.0,2115600.0
1160,2021-10-12 04:28:14,8980.0,1000.0,2115400.0
1161,2021-10-12 04:28:07,9000.0,200.0,2114400.0
1162,2021-10-12 04:28:07,8990.0,800.0,2114200.0
1163,2021-10-12 04:28:05,8900.0,7300.0,2113400.0
1164,2021-10-12 04:28:05,8910.0,2700.0,2106100.0
1165,2021-10-12 04:27:56,9000.0,13000.0,2103400.0
1166,2021-10-12 04:27:56,9000.0,900.0,2090400.0
1167,2021-10-12 04:27:56,9000.0,10000.0,2089500.0
1168,2021-10-12 04:27:56,9000.0,500.0,2079500.0
1169,2021-10-12 04:27:56,8980.0,2000.0,2079000.0
1170,2021-10-12 04:27:56,8980.0,400.0,2077000.0
1171,2021-10-12 04:27:56,8980.0,5000.0,2076600.0
1172,2021-10-12 04:27:56,8980.0,100.0,2071600.0
1173,2021-10-12 04:27:56,8970.0,100.0,2071500.0
1174,2021-10-12 04:27:56,8970.0,1000.0,2071400.0
1175,2021-10-12 04:27:50,8900.0,700.0,2070400.0
1176,2021-10-12 04:27:47,8900.0,800.0,2069700.0
1177,2021-10-12 04:27:36,8900.0,700.0,2068900.0
1178,2021-10-12 04:27:36,8950.0,1500.0,2068200.0
1179,2021-10-12 04:27:36,8950.0,100.0,2066700.0
1180,2021-10-12 04:27:36,8900.0,2000.0,2066600.0
1181,2021-10-12 04:27:36,8900.0,500.0,2064600.0
1182,2021-10-12 04:27:36,8900.0,800.0,2064100.0
1183,2021-10-12 04:27:29,8900.0,500.0,2063300.0
1184,2021-10-12 04:27:28,8900.0,600.0,2062800.0
1185,2021-10-12 04:27:25,8900.0,400.0,2062200.0
1186,2021-10-12 04:27:23,8900.0,1600.0,2061800.0
1187,2021-10-12 04:27:22,8900.0,1500.0,2060200.0
1188,2021-10-12 04:27:22,8890.0,500.0,2058700.0
1189,2021-10-12 04:27:21,8890.0,500.0,2058200.0
1190,2021-10-12 04:27:20,8900.0,6100.0,2057700.0
1191,2021-10-12 04:27:19,8900.0,300.0,2051600.0
1192,2021-10-12 04:27:18,8900.0,100.0,2051300.0
1193,2021-10-12 04:27:18,8900.0,400.0,2051200.0
1194,2021-10-12 04:27:18,8900.0,100.0,2050800.0
1195,2021-10-12 04:27:14,8900.0,500.0,2050700.0
1196,2021-10-12 04:27:12,8900.0,400.0,2050200.0
1197,2021-10-12 04:27:12,8900.0,1600.0,2049800.0
1198,2021-10-12 04:27:09,8900.0,1700.0,2048200.0
1199,2021-10-12 04:27:04,8900.0,200.0,2046500.0
1200,2021-10-12 04:26:57,8900.0,500.0,2046300.0
1201,2021-10-12 04:26:57,8910.0,1000.0,2045800.0
1202,2021-10-12 04:26:56,8910.0,1000.0,2044800.0
1203,2021-10-12 04:26:51,8900.0,1000.0,2043800.0
1204,2021-10-12 04:26:51,8900.0,100.0,2042800.0
1205,2021-10-12 04:26:51,8900.0,400.0,2042700.0
1206,2021-10-12 04:26:48,8900.0,600.0,2042300.0
1207,2021-10-12 04:26:48,8900.0,600.0,2041700.0
1208,2021-10-12 04:26:48,8900.0,1000.0,2041100.0
1209,2021-10-12 04:26:48,8900.0,800.0,2040100.0
1210,2021-10-12 04:26:47,8900.0,4200.0,2039300.0
1211,2021-10-12 04:26:47,8900.0,500.0,2035100.0
1212,2021-10-12 04:26:47,8900.0,4500.0,2034600.0
1213,2021-10-12 04:26:47,8900.0,10000.0,2030100.0
1214,2021-10-12 04:26:47,8900.0,100.0,2020100.0
1215,2021-10-12 04:26:47,8900.0,200.0,2020000.0
1216,2021-10-12 04:26:47,8900.0,200.0,2019800.0
1217,2021-10-12 04:26:47,8900.0,7000.0,2019600.0
1218,2021-10-12 04:26:47,8900.0,200.0,2012600.0
1219,2021-10-12 04:26:47,8900.0,600.0,2012400.0
1220,2021-10-12 04:26:47,8900.0,2500.0,2011800.0
1221,2021-10-12 04:26:47,8900.0,200.0,2009300.0
1222,2021-10-12 04:26:46,8900.0,1000.0,2009100.0
1223,2021-10-12 04:26:41,8900.0,2000.0,2008100.0
1224,2021-10-12 04:26:34,8900.0,1400.0,2006100.0
1225,2021-10-12 04:26:34,8900.0,2900.0,2004700.0
1226,2021-10-12 04:26:34,8850.0,2100.0,2001800.0
1227,2021-10-12 04:26:33,8850.0,2600.0,1999700.0
1228,2021-10-12 04:26:33,8850.0,200.0,1997100.0
1229,2021-10-12 04:26:30,8850.0,300.0,1996900.0
1230,2021-10-12 04:26:26,8800.0,5000.0,1996600.0
1231,2021-10-12 04:26:25,8810.0,100.0,1991600.0
1232,2021-10-12 04:26:25,8810.0,200.0,1991500.0
1233,2021-10-12 04:26:24,8800.0,300.0,1991300.0
1234,2021-10-12 04:26:16,8800.0,200.0,1991000.0
1235,2021-10-12 04:26:16,8800.0,2000.0,1990800.0
1236,2021-10-12 04:26:16,8800.0,6000.0,1988800.0
1237,2021-10-12 04:26:16,8800.0,5500.0,1982800.0
1238,2021-10-12 04:26:16,8800.0,2600.0,1977300.0
1239,2021-10-12 04:26:13,8800.0,500.0,1974700.0
1240,2021-10-12 04:26:12,8800.0,900.0,1974200.0
1241,2021-10-12 04:26:12,8800.0,1000.0,1973300.0
1242,2021-10-12 04:26:12,8800.0,400.0,1972300.0
1243,2021-10-12 04:26:12,8800.0,100.0,1971900.0
1244,2021-10-12 04:26:12,8800.0,300.0,1971800.0
1245,2021-10-12 04:26:12,8800.0,1000.0,1971500.0
1246,2021-10-12 04:26:12,8800.0,100.0,1970500.0
1247,2021-10-12 04:26:12,8800.0,500.0,1970400.0
1248,2021-10-12 04:26:12,8800.0,300.0,1969900.0
1249,2021-10-12 04:26:07,8800.0,1000.0,1969600.0
1250,2021-10-12 04:26:05,8800.0,400.0,1968600.0
1251,2021-10-12 04:26:04,8750.0,500.0,1968200.0
1252,2021-10-12 04:26:03,8800.0,200.0,1967700.0
1253,2021-10-12 04:26:03,8800.0,100.0,1967500.0
1254,2021-10-12 04:26:03,8800.0,1400.0,1967400.0
1255,2021-10-12 04:26:03,8800.0,3600.0,1966000.0
1256,2021-10-12 04:26:03,8800.0,1000.0,1962400.0
1257,2021-10-12 04:26:03,8800.0,1400.0,1961400.0
1258,2021-10-12 04:26:00,8800.0,3300.0,1960000.0
1259,2021-10-12 04:25:56,8800.0,4800.0,1956700.0
1260,2021-10-12 04:25:56,8800.0,200.0,1951900.0
1261,2021-10-12 04:25:55,8750.0,100.0,1951700.0
1262,2021-10-12 04:25:48,8800.0,300.0,1951600.0
1263,2021-10-12 04:25:44,8750.0,500.0,1951300.0
1264,2021-10-12 04:25:44,8750.0,2000.0,1950800.0
1265,2021-10-12 04:25:42,8750.0,800.0,1948800.0
1266,2021-10-12 04:25:42,8750.0,200.0,1948000.0
1267,2021-10-12 04:25:41,8750.0,1800.0,1947800.0
1268,2021-10-12 04:25:37,8750.0,1500.0,1946000.0
1269,2021-10-12 04:25:21,8750.0,300.0,1944500.0
1270,2021-10-12 04:25:17,8700.0,2500.0,1944200.0
1271,2021-10-12 04:25:16,8700.0,300.0,1941700.0
1272,2021-10-12 04:25:16,8700.0,1700.0,1941400.0
1273,2021-10-12 04:25:15,8700.0,300.0,1939700.0
1274,2021-10-12 04:25:15,8700.0,700.0,1939400.0
1275,2021-10-12 04:25:07,8700.0,6000.0,1938700.0
1276,2021-10-12 04:25:06,8700.0,3300.0,1932700.0
1277,2021-10-12 04:25:06,8700.0,6000.0,1929400.0
1278,2021-10-12 04:25:06,8700.0,2000.0,1923400.0
1279,2021-10-12 04:25:06,8700.0,700.0,1921400.0
1280,2021-10-12 04:25:06,8700.0,300.0,1920700.0
1281,2021-10-12 04:25:06,8700.0,2000.0,1920400.0
1282,2021-10-12 04:25:06,8700.0,600.0,1918400.0
1283,2021-10-12 04:25:06,8700.0,100.0,1917800.0
1284,2021-10-12 04:25:01,8700.0,500.0,1917700.0
1285,2021-10-12 04:25:01,8700.0,1500.0,1917200.0
1286,2021-10-12 04:24:57,8700.0,300.0,1915700.0
1287,2021-10-12 04:24:57,8700.0,200.0,1915400.0
1288,2021-10-12 04:24:57,8700.0,200.0,1915200.0
1289,2021-10-12 04:24:57,8700.0,100.0,1915000.0
1290,2021-10-12 04:24:57,8700.0,500.0,1914900.0
1291,2021-10-12 04:24:57,8700.0,1000.0,1914400.0
1292,2021-10-12 04:24:57,8700.0,900.0,1913400.0
1293,2021-10-12 04:24:57,8700.0,100.0,1912500.0
1294,2021-10-12 04:24:57,8700.0,400.0,1912400.0
1295,2021-10-12 04:24:54,8700.0,300.0,1912000.0
1296,2021-10-12 04:24:46,8680.0,100.0,1911700.0
1297,2021-10-12 04:24:33,8650.0,500.0,1911600.0
1298,2021-10-12 04:24:33,8650.0,100.0,1911100.0
1299,2021-10-12 04:24:33,8650.0,200.0,1911000.0
1300,2021-10-12 04:24:31,8650.0,300.0,1910800.0
1301,2021-10-12 04:24:24,8610.0,700.0,1910500.0
1302,2021-10-12 04:24:20,8610.0,300.0,1909800.0
1303,2021-10-12 04:24:07,8600.0,100.0,1909500.0
1304,2021-10-12 04:24:02,8600.0,500.0,1909400.0
1305,2021-10-12 04:24:02,8600.0,300.0,1908900.0
1306,2021-10-12 04:23:59,8600.0,1700.0,1908600.0
1307,2021-10-12 04:23:59,8600.0,400.0,1906900.0
1308,2021-10-12 04:23:59,8600.0,7900.0,1906500.0
1309,2021-10-12 04:23:56,8600.0,7100.0,1898600.0
1310,2021-10-12 04:23:56,8600.0,1000.0,1891500.0
1311,2021-10-12 04:23:56,8600.0,10900.0,1890500.0
1312,2021-10-12 04:23:55,8600.0,200.0,1879600.0
1313,2021-10-12 04:23:54,8600.0,5900.0,1879400.0
1314,2021-10-12 04:23:45,8600.0,2000.0,1873500.0
1315,2021-10-12 04:23:35,8600.0,1000.0,1871500.0
1316,2021-10-12 04:23:35,8600.0,400.0,1870500.0
1317,2021-10-12 04:23:35,8600.0,15000.0,1870100.0
1318,2021-10-12 04:23:35,8600.0,200.0,1855100.0
1319,2021-10-12 04:23:35,8600.0,400.0,1854900.0
1320,2021-10-12 04:23:30,8600.0,600.0,1854500.0
1321,2021-10-12 04:23:30,8600.0,100.0,1853900.0
1322,2021-10-12 04:23:30,8600.0,500.0,1853800.0
1323,2021-10-12 04:23:30,8600.0,1700.0,1853300.0
1324,2021-10-12 04:23:30,8600.0,100.0,1851600.0
1325,2021-10-12 04:23:28,8600.0,1900.0,1851500.0
1326,2021-10-12 04:23:28,8600.0,200.0,1849600.0
1327,2021-10-12 04:23:28,8600.0,900.0,1849400.0
1328,2021-10-12 04:23:16,8600.0,100.0,1848500.0
1329,2021-10-12 04:23:16,8600.0,500.0,1848400.0
1330,2021-10-12 04:23:16,8600.0,400.0,1847900.0
1331,2021-10-12 04:22:49,8600.0,100.0,1847500.0
1332,2021-10-12 04:22:49,8600.0,1000.0,1847400.0
1333,2021-10-12 04:22:49,8600.0,500.0,1846400.0
1334,2021-10-12 04:22:25,8600.0,1000.0,1845900.0
1335,2021-10-12 04:21:54,8600.0,1500.0,1844900.0
1336,2021-10-12 04:21:54,8600.0,1000.0,1843400.0
1337,2021-10-12 04:21:54,8600.0,500.0,1842400.0
1338,2021-10-12 04:21:54,8600.0,1000.0,1841900.0
1339,2021-10-12 04:21:54,8600.0,2000.0,1840900.0
1340,2021-10-12 04:21:54,8600.0,500.0,1838900.0
1341,2021-10-12 04:21:54,8600.0,900.0,1838400.0
1342,2021-10-12 04:21:54,8600.0,10000.0,1837500.0
1343,2021-10-12 04:21:54,8600.0,5000.0,1827500.0
1344,2021-10-12 04:21:54,8600.0,1000.0,1822500.0
1345,2021-10-12 04:21:54,8600.0,3700.0,1821500.0
1346,2021-10-12 04:21:54,8600.0,400.0,1817800.0
1347,2021-10-12 04:21:54,8600.0,1500.0,1817400.0
1348,2021-10-12 04:21:17,8590.0,400.0,1815900.0
1349,2021-10-12 04:21:17,8590.0,2200.0,1815500.0
1350,2021-10-12 04:21:00,8590.0,500.0,1813300.0
1351,2021-10-12 04:21:00,8590.0,2300.0,1812800.0
1352,2021-10-12 04:20:57,8590.0,1300.0,1810500.0
1353,2021-10-12 04:20:51,8590.0,1400.0,1809200.0
1354,2021-10-12 04:20:51,8590.0,3600.0,1807800.0
1355,2021-10-12 04:20:48,8590.0,300.0,1804200.0
1356,2021-10-12 04:20:23,8590.0,100.0,1803900.0
1357,2021-10-12 04:19:57,8590.0,500.0,1803800.0
1358,2021-10-12 04:19:29,8580.0,2500.0,1803300.0
1359,2021-10-12 04:19:26,8590.0,300.0,1800800.0
1360,2021-10-12 04:18:53,8590.0,200.0,1800500.0
1361,2021-10-12 04:18:46,8600.0,500.0,1800300.0
1362,2021-10-12 04:18:46,8600.0,1000.0,1799800.0
1363,2021-10-12 04:18:27,8600.0,100.0,1798800.0
1364,2021-10-12 04:18:27,8600.0,100.0,1798700.0
1365,2021-10-12 04:18:27,8600.0,2000.0,1798600.0
1366,2021-10-12 04:18:27,8600.0,1000.0,1796600.0
1367,2021-10-12 04:18:27,8600.0,1800.0,1795600.0
1368,2021-10-12 04:18:05,8600.0,1000.0,1793800.0
1369,2021-10-12 04:17:49,8600.0,500.0,1792800.0
1370,2021-10-12 04:17:05,8600.0,100.0,1792300.0
1371,2021-10-12 04:16:49,8600.0,100.0,1792200.0
1372,2021-10-12 04:16:49,8600.0,2900.0,1792100.0
1373,2021-10-12 04:16:41,8600.0,6000.0,1789200.0
1374,2021-10-12 04:16:39,8570.0,1700.0,1783200.0
1375,2021-10-12 04:16:37,8600.0,1100.0,1781500.0
1376,2021-10-12 04:16:37,8600.0,800.0,1780400.0
1377,2021-10-12 04:16:32,8600.0,1200.0,1779600.0
1378,2021-10-12 04:16:32,8600.0,800.0,1778400.0
1379,2021-10-12 04:16:32,8600.0,2000.0,1777600.0
1380,2021-10-12 04:16:32,8600.0,400.0,1775600.0
1381,2021-10-12 04:16:32,8600.0,1600.0,1775200.0
1382,2021-10-12 04:16:24,8600.0,1400.0,1773600.0
1383,2021-10-12 04:16:24,8600.0,100.0,1772200.0
1384,2021-10-12 04:16:24,8590.0,1500.0,1772100.0
1385,2021-10-12 04:16:24,8590.0,3000.0,1770600.0
1386,2021-10-12 04:16:17,8590.0,1500.0,1767600.0
1387,2021-10-12 04:16:17,8580.0,4500.0,1766100.0
1388,2021-10-12 04:15:59,8570.0,700.0,1761600.0
1389,2021-10-12 04:15:54,8570.0,400.0,1760900.0
1390,2021-10-12 04:15:54,8570.0,1000.0,1760500.0
1391,2021-10-12 04:15:54,8570.0,2100.0,1759500.0
1392,2021-10-12 04:15:46,8570.0,9000.0,1757400.0
1393,2021-10-12 04:15:24,8570.0,100.0,1748400.0
1394,2021-10-12 04:15:10,8570.0,8000.0,1748300.0
1395,2021-10-12 04:12:52,8560.0,1000.0,1740300.0
1396,2021-10-12 04:12:52,8560.0,200.0,1739300.0
1397,2021-10-12 04:12:46,8560.0,500.0,1739100.0
1398,2021-10-12 04:12:39,8560.0,1000.0,1738600.0
1399,2021-10-12 04:11:38,8560.0,200.0,1737600.0
1400,2021-10-12 04:11:16,8560.0,100.0,1737400.0
1401,2021-10-12 04:10:37,8570.0,100.0,1737300.0
1402,2021-10-12 04:10:36,8570.0,700.0,1737200.0
1403,2021-10-12 04:10:36,8570.0,1300.0,1736500.0
1404,2021-10-12 04:09:56,8560.0,500.0,1735200.0
1405,2021-10-12 04:09:01,8560.0,800.0,1734700.0
1406,2021-10-12 04:08:44,8560.0,1000.0,1733900.0
1407,2021-10-12 04:08:44,8560.0,5700.0,1732900.0
1408,2021-10-12 04:08:38,8570.0,2800.0,1727200.0
1409,2021-10-12 04:07:55,8560.0,2000.0,1724400.0
1410,2021-10-12 04:07:55,8560.0,2000.0,1722400.0
1411,2021-10-12 04:07:55,8560.0,3000.0,1720400.0
1412,2021-10-12 04:07:55,8560.0,300.0,1717400.0
1413,2021-10-12 04:07:52,8560.0,100.0,1717100.0
1414,2021-10-12 04:06:19,8560.0,300.0,1717000.0
1415,2021-10-12 04:06:12,8560.0,300.0,1716700.0
1416,2021-10-12 04:06:07,8560.0,300.0,1716400.0
1417,2021-10-12 04:06:05,8560.0,700.0,1716100.0
1418,2021-10-12 04:06:04,8560.0,1000.0,1715400.0
1419,2021-10-12 04:06:03,8570.0,700.0,1714400.0
1420,2021-10-12 04:05:50,8570.0,200.0,1713700.0
1421,2021-10-12 04:05:35,8570.0,1500.0,1713500.0
1422,2021-10-12 04:05:16,8570.0,2000.0,1712000.0
1423,2021-10-12 04:05:16,8570.0,1000.0,1710000.0
1424,2021-10-12 04:05:16,8570.0,2000.0,1709000.0
1425,2021-10-12 04:04:41,8570.0,400.0,1707000.0
1426,2021-10-12 04:04:37,8570.0,2000.0,1706600.0
1427,2021-10-12 04:04:20,8570.0,300.0,1704600.0
1428,2021-10-12 04:04:07,8570.0,300.0,1704300.0
1429,2021-10-12 04:03:38,8500.0,200.0,1704000.0
1430,2021-10-12 04:03:38,8500.0,1000.0,1703800.0
1431,2021-10-12 04:03:38,8500.0,2000.0,1702800.0
1432,2021-10-12 04:03:38,8500.0,1000.0,1700800.0
1433,2021-10-12 04:03:38,8500.0,1500.0,1699800.0
1434,2021-10-12 04:03:38,8500.0,10000.0,1698300.0
1435,2021-10-12 04:03:38,8500.0,400.0,1688300.0
1436,2021-10-12 04:03:29,8490.0,300.0,1687900.0
1437,2021-10-12 04:01:40,8490.0,200.0,1687600.0
1438,2021-10-12 04:01:00,8490.0,900.0,1687400.0
1439,2021-10-12 04:01:00,8490.0,400.0,1686500.0
1440,2021-10-12 03:59:50,8490.0,500.0,1686100.0
1441,2021-10-12 03:59:45,8490.0,200.0,1685600.0
1442,2021-10-12 03:59:42,8490.0,200.0,1685400.0
1443,2021-10-12 03:59:28,8490.0,100.0,1685200.0
1444,2021-10-12 03:59:01,8480.0,2000.0,1685100.0
1445,2021-10-12 03:59:01,8480.0,3000.0,1683100.0
1446,2021-10-12 03:59:01,8490.0,100.0,1680100.0
1447,2021-10-12 03:59:01,8490.0,2500.0,1680000.0
1448,2021-10-12 03:58:59,8490.0,500.0,1677500.0
1449,2021-10-12 03:58:59,8490.0,2200.0,1677000.0
1450,2021-10-12 03:58:59,8490.0,300.0,1674800.0
1451,2021-10-12 03:58:50,8500.0,100.0,1674500.0
1452,2021-10-12 03:58:50,8500.0,1000.0,1674400.0
1453,2021-10-12 03:58:50,8500.0,13900.0,1673400.0
1454,2021-10-12 03:58:43,8490.0,200.0,1659500.0
1455,2021-10-12 03:58:43,8490.0,200.0,1659300.0
1456,2021-10-12 03:58:12,8490.0,1800.0,1659100.0
1457,2021-10-12 03:58:10,8490.0,400.0,1657300.0
1458,2021-10-12 03:58:07,8490.0,500.0,1656900.0
1459,2021-10-12 03:57:48,8490.0,5000.0,1656400.0
1460,2021-10-12 03:57:36,8490.0,1000.0,1651400.0
1461,2021-10-12 03:57:33,8490.0,1300.0,1650400.0
1462,2021-10-12 03:57:33,8490.0,1700.0,1649100.0
1463,2021-10-12 03:57:25,8490.0,2300.0,1647400.0
1464,2021-10-12 03:57:25,8490.0,700.0,1645100.0
1465,2021-10-12 03:57:13,8490.0,1000.0,1644400.0
1466,2021-10-12 03:57:05,8490.0,5000.0,1643400.0
1467,2021-10-12 03:57:03,8490.0,2200.0,1638400.0
1468,2021-10-12 03:56:45,8490.0,1000.0,1636200.0
1469,2021-10-12 03:56:02,8480.0,500.0,1635200.0
1470,2021-10-12 03:56:02,8480.0,200.0,1634700.0
1471,2021-10-12 03:56:02,8480.0,300.0,1634500.0
1472,2021-10-12 03:55:56,8490.0,100.0,1634200.0
1473,2021-10-12 03:55:56,8490.0,900.0,1634100.0
1474,2021-10-12 03:55:35,8490.0,1000.0,1633200.0
1475,2021-10-12 03:55:05,8490.0,200.0,1632200.0
1476,2021-10-12 03:54:56,8490.0,900.0,1632000.0
1477,2021-10-12 03:54:56,8490.0,100.0,1631100.0
1478,2021-10-12 03:54:44,8480.0,700.0,1631000.0
1479,2021-10-12 03:54:29,8480.0,1000.0,1630300.0
1480,2021-10-12 03:54:26,8480.0,300.0,1629300.0
1481,2021-10-12 03:54:13,8490.0,200.0,1629000.0
1482,2021-10-12 03:53:28,8490.0,2800.0,1628800.0
1483,2021-10-12 03:53:26,8490.0,500.0,1626000.0
1484,2021-10-12 03:53:08,8490.0,2200.0,1625500.0
1485,2021-10-12 03:52:56,8500.0,300.0,1623300.0
1486,2021-10-12 03:52:55,8490.0,500.0,1623000.0
1487,2021-10-12 03:52:55,8490.0,300.0,1622500.0
1488,2021-10-12 03:52:55,8490.0,100.0,1622200.0
1489,2021-10-12 03:52:55,8490.0,100.0,1622100.0
1490,2021-10-12 03:52:36,8500.0,3000.0,1622000.0
1491,2021-10-12 03:52:08,8500.0,2000.0,1619000.0
1492,2021-10-12 03:52:04,8500.0,200.0,1617000.0
1493,2021-10-12 03:51:56,8500.0,100.0,1616800.0
1494,2021-10-12 03:51:40,8500.0,500.0,1616700.0
1495,2021-10-12 03:51:19,8500.0,2000.0,1616200.0
1496,2021-10-12 03:51:16,8500.0,1000.0,1614200.0
1497,2021-10-12 03:51:10,8500.0,300.0,1613200.0
1498,2021-10-12 03:50:38,8500.0,100.0,1612900.0
1499,2021-10-12 03:50:33,8500.0,1500.0,1612800.0
1500,2021-10-12 03:50:27,8500.0,2000.0,1611300.0
1501,2021-10-12 03:50:22,8500.0,3100.0,1609300.0
1502,2021-10-12 03:50:22,8500.0,1000.0,1606200.0
1503,2021-10-12 03:50:22,8500.0,800.0,1605200.0
1504,2021-10-12 03:50:22,8500.0,100.0,1604400.0
1505,2021-10-12 03:50:16,8500.0,1200.0,1604300.0
1506,2021-10-12 03:50:03,8500.0,8700.0,1603100.0
1507,2021-10-12 03:50:03,8500.0,1300.0,1594400.0
1508,2021-10-12 03:49:49,8500.0,500.0,1593100.0
1509,2021-10-12 03:49:48,8500.0,400.0,1592600.0
1510,2021-10-12 03:49:30,8500.0,500.0,1592200.0
1511,2021-10-12 03:49:27,8500.0,300.0,1591700.0
1512,2021-10-12 03:49:27,8500.0,1700.0,1591400.0
1513,2021-10-12 03:49:24,8500.0,300.0,1589700.0
1514,2021-10-12 03:49:06,8500.0,2000.0,1589400.0
1515,2021-10-12 03:49:06,8500.0,2500.0,1587400.0
1516,2021-10-12 03:49:01,8500.0,100.0,1584900.0
1517,2021-10-12 03:48:45,8500.0,100.0,1584800.0
1518,2021-10-12 03:48:33,8460.0,100.0,1584700.0
1519,2021-10-12 03:48:18,8500.0,500.0,1584600.0
1520,2021-10-12 03:48:10,8500.0,800.0,1584100.0
1521,2021-10-12 03:48:10,8500.0,200.0,1583300.0
1522,2021-10-12 03:48:00,8500.0,10000.0,1583100.0
1523,2021-10-12 03:47:36,8500.0,200.0,1573100.0
1524,2021-10-12 03:47:31,8500.0,100.0,1572900.0
1525,2021-10-12 03:47:13,8500.0,1000.0,1572800.0
1526,2021-10-12 03:47:06,8500.0,1000.0,1571800.0
1527,2021-10-12 03:47:04,8500.0,7500.0,1570800.0
1528,2021-10-12 03:47:04,8500.0,100.0,1563300.0
1529,2021-10-12 03:47:04,8500.0,500.0,1563200.0
1530,2021-10-12 03:47:04,8500.0,100.0,1562700.0
1531,2021-10-12 03:47:04,8500.0,100.0,1562600.0
1532,2021-10-12 03:47:04,8500.0,1000.0,1562500.0
1533,2021-10-12 03:47:04,8500.0,700.0,1561500.0
1534,2021-10-12 03:46:18,8500.0,300.0,1560800.0
1535,2021-10-12 03:46:18,8500.0,100.0,1560500.0
1536,2021-10-12 03:46:18,8500.0,400.0,1560400.0
1537,2021-10-12 03:46:12,8500.0,600.0,1560000.0
1538,2021-10-12 03:46:12,8500.0,200.0,1559400.0
1539,2021-10-12 03:46:12,8500.0,100.0,1559200.0
1540,2021-10-12 03:46:12,8500.0,100.0,1559100.0
1541,2021-10-12 03:45:39,8500.0,8900.0,1559000.0
1542,2021-10-12 03:45:39,8500.0,100.0,1550100.0
1543,2021-10-12 03:45:39,8500.0,20000.0,1550000.0
1544,2021-10-12 03:45:39,8500.0,500.0,1530000.0
1545,2021-10-12 03:45:39,8500.0,1700.0,1529500.0
1546,2021-10-12 03:45:39,8490.0,5000.0,1527800.0
1547,2021-10-12 03:45:39,8470.0,12000.0,1522800.0
1548,2021-10-12 03:45:39,8470.0,2000.0,1510800.0
1549,2021-10-12 03:45:39,8470.0,6800.0,1508800.0
1550,2021-10-12 03:45:15,8470.0,100.0,1502000.0
1551,2021-10-12 03:44:57,8470.0,1000.0,1501900.0
1552,2021-10-12 03:44:48,8470.0,5000.0,1500900.0
1553,2021-10-12 03:44:48,8470.0,100.0,1495900.0
1554,2021-10-12 03:44:48,8470.0,200.0,1495800.0
1555,2021-10-12 03:44:48,8470.0,1800.0,1495600.0
1556,2021-10-12 03:44:45,8490.0,5000.0,1493800.0
1557,2021-10-12 03:43:50,8470.0,200.0,1488800.0
1558,2021-10-12 03:43:40,8470.0,1000.0,1488600.0
1559,2021-10-12 03:43:40,8470.0,100.0,1487600.0
1560,2021-10-12 03:43:40,8470.0,800.0,1487500.0
1561,2021-10-12 03:43:36,8470.0,1000.0,1486700.0
1562,2021-10-12 03:42:49,8470.0,300.0,1485700.0
1563,2021-10-12 03:42:05,8470.0,1000.0,1485400.0
1564,2021-10-12 03:41:29,8450.0,500.0,1484400.0
1565,2021-10-12 03:41:19,8470.0,500.0,1483900.0
1566,2021-10-12 03:41:19,8470.0,5000.0,1483400.0
1567,2021-10-12 03:41:19,8470.0,1400.0,1478400.0
1568,2021-10-12 03:41:13,8470.0,1500.0,1477000.0
1569,2021-10-12 03:40:39,8470.0,100.0,1475500.0
1570,2021-10-12 03:40:39,8470.0,100.0,1475400.0
1571,2021-10-12 03:40:21,8470.0,600.0,1475300.0
1572,2021-10-12 03:40:21,8470.0,1400.0,1474700.0
1573,2021-10-12 03:39:37,8470.0,200.0,1473300.0
1574,2021-10-12 03:39:30,8470.0,300.0,1473100.0
1575,2021-10-12 03:38:47,8470.0,100.0,1472800.0
1576,2021-10-12 03:38:16,8480.0,500.0,1472700.0
1577,2021-10-12 03:37:59,8480.0,1000.0,1472200.0
1578,2021-10-12 03:37:38,8480.0,900.0,1471200.0
1579,2021-10-12 03:37:33,8470.0,100.0,1470300.0
1580,2021-10-12 03:37:27,8470.0,1000.0,1470200.0
1581,2021-10-12 03:37:27,8470.0,2000.0,1469200.0
1582,2021-10-12 03:37:27,8470.0,2000.0,1467200.0
1583,2021-10-12 03:37:27,8470.0,5000.0,1465200.0
1584,2021-10-12 03:37:27,8470.0,100.0,1460200.0
1585,2021-10-12 03:37:27,8480.0,1000.0,1460100.0
1586,2021-10-12 03:37:27,8480.0,1000.0,1459100.0
1587,2021-10-12 03:37:27,8480.0,600.0,1458100.0
1588,2021-10-12 03:37:27,8480.0,1000.0,1457500.0
1589,2021-10-12 03:37:17,8480.0,100.0,1456500.0
1590,2021-10-12 03:37:08,8480.0,1000.0,1456400.0
1591,2021-10-12 03:36:54,8490.0,1000.0,1455400.0
1592,2021-10-12 03:36:42,8490.0,1800.0,1454400.0
1593,2021-10-12 03:36:42,8490.0,600.0,1452600.0
1594,2021-10-12 03:36:30,8490.0,100.0,1452000.0
1595,2021-10-12 03:36:21,8490.0,100.0,1451900.0
1596,2021-10-12 03:35:57,8490.0,200.0,1451800.0
1597,2021-10-12 03:35:55,8490.0,5000.0,1451600.0
1598,2021-10-12 03:35:55,8490.0,300.0,1446600.0
1599,2021-10-12 03:35:55,8490.0,1500.0,1446300.0
1600,2021-10-12 03:35:55,8490.0,300.0,1444800.0
1601,2021-10-12 03:35:55,8490.0,200.0,1444500.0
1602,2021-10-12 03:34:56,8490.0,300.0,1444300.0
1603,2021-10-12 03:34:38,8490.0,1000.0,1444000.0
1604,2021-10-12 03:34:32,8490.0,1500.0,1443000.0
1605,2021-10-12 03:34:08,8490.0,2000.0,1441500.0
1606,2021-10-12 03:33:45,8490.0,100.0,1439500.0
1607,2021-10-12 03:33:41,8490.0,200.0,1439400.0
1608,2021-10-12 03:33:41,8490.0,800.0,1439200.0
1609,2021-10-12 03:33:38,8500.0,1500.0,1438400.0
1610,2021-10-12 03:33:38,8500.0,100.0,1436900.0
1611,2021-10-12 03:33:38,8500.0,3400.0,1436800.0
1612,2021-10-12 03:33:28,8490.0,200.0,1433400.0
1613,2021-10-12 03:32:57,8490.0,100.0,1433200.0
1614,2021-10-12 03:32:50,8490.0,1700.0,1433100.0
1615,2021-10-12 03:32:50,8490.0,1000.0,1431400.0
1616,2021-10-12 03:32:50,8490.0,100.0,1430400.0
1617,2021-10-12 03:32:50,8490.0,2000.0,1430300.0
1618,2021-10-12 03:32:50,8490.0,200.0,1428300.0
1619,2021-10-12 03:32:41,8470.0,1500.0,1428100.0
1620,2021-10-12 03:32:41,8480.0,500.0,1426600.0
1621,2021-10-12 03:32:34,8490.0,100.0,1426100.0
1622,2021-10-12 03:31:27,8470.0,1000.0,1426000.0
1623,2021-10-12 03:31:23,8470.0,2000.0,1425000.0
1624,2021-10-12 03:31:21,8470.0,800.0,1423000.0
1625,2021-10-12 03:31:18,8470.0,200.0,1422200.0
1626,2021-10-12 03:30:30,8470.0,6000.0,1422000.0
1627,2021-10-12 03:30:21,8460.0,2000.0,1416000.0
1628,2021-10-12 03:30:04,8450.0,500.0,1414000.0
1629,2021-10-12 03:30:04,8450.0,400.0,1413500.0
1630,2021-10-12 03:30:04,8450.0,100.0,1413100.0
1631,2021-10-12 03:30:04,8450.0,3100.0,1413000.0
1632,2021-10-12 03:30:00,8450.0,500.0,1409900.0
1633,2021-10-12 03:29:52,8450.0,1100.0,1409400.0
1634,2021-10-12 03:29:47,8420.0,500.0,1408300.0
1635,2021-10-12 03:29:47,8450.0,300.0,1407800.0
1636,2021-10-12 03:29:47,8450.0,2000.0,1407500.0
1637,2021-10-12 03:29:47,8450.0,200.0,1405500.0
1638,2021-10-12 03:29:40,8450.0,300.0,1405300.0
1639,2021-10-12 03:29:36,8450.0,5500.0,1405000.0
1640,2021-10-12 03:29:36,8450.0,500.0,1399500.0
1641,2021-10-12 03:29:34,8450.0,2000.0,1399000.0
1642,2021-10-12 03:29:22,8450.0,100.0,1397000.0
1643,2021-10-12 03:29:22,8450.0,5000.0,1396900.0
1644,2021-10-12 03:28:59,8450.0,2000.0,1391900.0
1645,2021-10-12 03:28:30,8450.0,1000.0,1389900.0
1646,2021-10-12 03:28:19,8410.0,500.0,1388900.0
1647,2021-10-12 03:28:16,8450.0,5000.0,1388400.0
1648,2021-10-12 03:28:13,8410.0,1100.0,1383400.0
1649,2021-10-12 03:28:13,8410.0,800.0,1382300.0
1650,2021-10-12 03:27:30,8450.0,100.0,1381500.0
1651,2021-10-12 03:27:03,8450.0,1000.0,1381400.0
1652,2021-10-12 03:26:41,8450.0,300.0,1380400.0
1653,2021-10-12 03:26:36,8450.0,500.0,1380100.0
1654,2021-10-12 03:26:33,8450.0,1600.0,1379600.0
1655,2021-10-12 03:25:49,8450.0,500.0,1378000.0
1656,2021-10-12 03:25:43,8450.0,100.0,1377500.0
1657,2021-10-12 03:25:43,8450.0,300.0,1377400.0
1658,2021-10-12 03:25:38,8450.0,500.0,1377100.0
1659,2021-10-12 03:25:38,8450.0,800.0,1376600.0
1660,2021-10-12 03:25:32,8450.0,300.0,1375800.0
1661,2021-10-12 03:25:10,8450.0,400.0,1375500.0
1662,2021-10-12 03:25:10,8450.0,100.0,1375100.0
1663,2021-10-12 03:25:01,8400.0,2700.0,1375000.0
1664,2021-10-12 03:25:01,8400.0,1000.0,1372300.0
1665,2021-10-12 03:25:01,8400.0,600.0,1371300.0
1666,2021-10-12 03:25:01,8400.0,600.0,1370700.0
1667,2021-10-12 03:25:01,8400.0,2900.0,1370100.0
1668,2021-10-12 03:24:46,8400.0,500.0,1367200.0
1669,2021-10-12 03:24:38,8400.0,1000.0,1366700.0
1670,2021-10-12 03:24:25,8400.0,600.0,1365700.0
1671,2021-10-12 03:24:24,8400.0,500.0,1365100.0
1672,2021-10-12 03:24:23,8400.0,1000.0,1364600.0
1673,2021-10-12 03:24:16,8400.0,200.0,1363600.0
1674,2021-10-12 03:24:16,8400.0,19800.0,1363400.0
1675,2021-10-12 03:24:05,8400.0,200.0,1343600.0
1676,2021-10-12 03:24:03,8400.0,500.0,1343400.0
1677,2021-10-12 03:24:02,8400.0,500.0,1342900.0
1678,2021-10-12 03:23:59,8400.0,2000.0,1342400.0
1679,2021-10-12 03:23:55,8400.0,400.0,1340400.0
1680,2021-10-12 03:23:54,8400.0,2000.0,1340000.0
1681,2021-10-12 03:23:52,8400.0,100.0,1338000.0
1682,2021-10-12 03:23:50,8400.0,2000.0,1337900.0
1683,2021-10-12 03:23:49,8400.0,22500.0,1335900.0
1684,2021-10-12 03:23:49,8400.0,500.0,1313400.0
1685,2021-10-12 03:23:49,8400.0,200.0,1312900.0
1686,2021-10-12 03:23:49,8400.0,1000.0,1312700.0
1687,2021-10-12 03:23:49,8400.0,5300.0,1311700.0
1688,2021-10-12 03:23:49,8400.0,500.0,1306400.0
1689,2021-10-12 03:23:49,8400.0,1500.0,1305900.0
1690,2021-10-12 03:23:49,8400.0,500.0,1304400.0
1691,2021-10-12 03:23:36,8400.0,500.0,1303900.0
1692,2021-10-12 03:23:31,8400.0,2000.0,1303400.0
1693,2021-10-12 03:23:20,8390.0,17200.0,1301400.0
1694,2021-10-12 03:23:16,8390.0,1000.0,1284200.0
1695,2021-10-12 03:23:12,8390.0,20000.0,1283200.0
1696,2021-10-12 03:23:11,8390.0,11800.0,1263200.0
1697,2021-10-12 03:23:11,8390.0,3100.0,1251400.0
1698,2021-10-12 03:23:11,8390.0,500.0,1248300.0
1699,2021-10-12 03:23:11,8390.0,1500.0,1247800.0
1700,2021-10-12 03:23:11,8390.0,3100.0,1246300.0
1701,2021-10-12 03:23:11,8390.0,2300.0,1243200.0
1702,2021-10-12 03:23:07,8390.0,1000.0,1240900.0
1703,2021-10-12 03:23:06,8390.0,1000.0,1239900.0
1704,2021-10-12 03:23:03,8390.0,10000.0,1238900.0
1705,2021-10-12 03:22:56,8390.0,200.0,1228900.0
1706,2021-10-12 03:21:50,8380.0,4500.0,1228700.0
1707,2021-10-12 03:21:47,8380.0,700.0,1224200.0
1708,2021-10-12 03:21:45,8380.0,3000.0,1223500.0
1709,2021-10-12 03:21:44,8380.0,100.0,1220500.0
1710,2021-10-12 03:21:43,8370.0,100.0,1220400.0
1711,2021-10-12 03:21:31,8370.0,100.0,1220300.0
1712,2021-10-12 03:21:31,8370.0,100.0,1220200.0
1713,2021-10-12 03:21:31,8380.0,200.0,1220100.0
1714,2021-10-12 03:21:24,8380.0,1000.0,1219900.0
1715,2021-10-12 03:21:22,8380.0,200.0,1218900.0
1716,2021-10-12 03:21:22,8380.0,800.0,1218700.0
1717,2021-10-12 03:21:22,8380.0,100.0,1217900.0
1718,2021-10-12 03:21:12,8380.0,100.0,1217800.0
1719,2021-10-12 03:21:01,8380.0,4800.0,1217700.0
1720,2021-10-12 03:20:58,8380.0,200.0,1212900.0
1721,2021-10-12 03:20:57,8390.0,4900.0,1212700.0
1722,2021-10-12 03:20:51,8390.0,1000.0,1207800.0
1723,2021-10-12 03:20:50,8390.0,300.0,1206800.0
1724,2021-10-12 03:20:43,8380.0,100.0,1206500.0
1725,2021-10-12 03:20:38,8380.0,400.0,1206400.0
1726,2021-10-12 03:20:38,8380.0,100.0,1206000.0
1727,2021-10-12 03:20:30,8380.0,1900.0,1205900.0
1728,2021-10-12 03:20:30,8380.0,900.0,1204000.0
1729,2021-10-12 03:20:30,8380.0,200.0,1203100.0
1730,2021-10-12 03:20:23,8380.0,1000.0,1202900.0
1731,2021-10-12 03:20:20,8380.0,400.0,1201900.0
1732,2021-10-12 03:20:16,8380.0,3000.0,1201500.0
1733,2021-10-12 03:20:07,8380.0,400.0,1198500.0
1734,2021-10-12 03:19:50,8380.0,100.0,1198100.0
1735,2021-10-12 03:19:38,8380.0,200.0,1198000.0
1736,2021-10-12 03:19:38,8380.0,400.0,1197800.0
1737,2021-10-12 03:19:38,8380.0,1000.0,1197400.0
1738,2021-10-12 03:19:34,8380.0,600.0,1196400.0
1739,2021-10-12 03:19:34,8380.0,1000.0,1195800.0
1740,2021-10-12 03:19:34,8380.0,100.0,1194800.0
1741,2021-10-12 03:19:34,8380.0,300.0,1194700.0
1742,2021-10-12 03:19:34,8380.0,400.0,1194400.0
1743,2021-10-12 03:19:28,8380.0,300.0,1194000.0
1744,2021-10-12 03:19:26,8380.0,300.0,1193700.0
1745,2021-10-12 03:19:26,8380.0,400.0,1193400.0
1746,2021-10-12 03:19:26,8380.0,400.0,1193000.0
1747,2021-10-12 03:19:26,8380.0,200.0,1192600.0
1748,2021-10-12 03:19:26,8380.0,300.0,1192400.0
1749,2021-10-12 03:19:26,8380.0,1000.0,1192100.0
1750,2021-10-12 03:19:26,8380.0,200.0,1191100.0
1751,2021-10-12 03:19:26,8380.0,2200.0,1190900.0
1752,2021-10-12 03:19:14,8380.0,2800.0,1188700.0
1753,2021-10-12 03:19:14,8380.0,1000.0,1185900.0
1754,2021-10-12 03:19:14,8380.0,500.0,1184900.0
1755,2021-10-12 03:19:14,8380.0,300.0,1184400.0
1756,2021-10-12 03:19:14,8380.0,100.0,1184100.0
1757,2021-10-12 03:19:14,8380.0,100.0,1184000.0
1758,2021-10-12 03:19:14,8380.0,200.0,1183900.0
1759,2021-10-12 03:19:07,8390.0,1000.0,1183700.0
1760,2021-10-12 03:18:28,8390.0,100.0,1182700.0
1761,2021-10-12 03:18:22,8390.0,100.0,1182600.0
1762,2021-10-12 03:18:22,8390.0,800.0,1182500.0
1763,2021-10-12 03:18:22,8390.0,100.0,1181700.0
1764,2021-10-12 03:18:22,8390.0,100.0,1181600.0
1765,2021-10-12 03:18:22,8390.0,300.0,1181500.0
1766,2021-10-12 03:18:22,8390.0,25700.0,1181200.0
1767,2021-10-12 03:18:15,8390.0,1000.0,1155500.0
1768,2021-10-12 03:18:06,8400.0,200.0,1154500.0
1769,2021-10-12 03:18:03,8400.0,2700.0,1154300.0
1770,2021-10-12 03:17:53,8400.0,100.0,1151600.0
1771,2021-10-12 03:17:47,8390.0,5000.0,1151500.0
1772,2021-10-12 03:17:45,8400.0,100.0,1146500.0
1773,2021-10-12 03:17:44,8400.0,100.0,1146400.0
1774,2021-10-12 03:17:42,8390.0,4300.0,1146300.0
1775,2021-10-12 03:17:42,8390.0,200.0,1142000.0
1776,2021-10-12 03:17:42,8390.0,500.0,1141800.0
1777,2021-10-12 03:17:26,8400.0,1000.0,1141300.0
1778,2021-10-12 03:17:23,8400.0,2500.0,1140300.0
1779,2021-10-12 03:17:18,8400.0,300.0,1137800.0
1780,2021-10-12 03:17:18,8400.0,1000.0,1137500.0
1781,2021-10-12 03:17:11,8400.0,300.0,1136500.0
1782,2021-10-12 03:17:07,8400.0,600.0,1136200.0
1783,2021-10-12 03:17:06,8400.0,2000.0,1135600.0
1784,2021-10-12 03:17:06,8400.0,700.0,1133600.0
1785,2021-10-12 03:17:03,8400.0,800.0,1132900.0
1786,2021-10-12 03:17:01,8400.0,2000.0,1132100.0
1787,2021-10-12 03:16:58,8400.0,1000.0,1130100.0
1788,2021-10-12 03:16:53,8400.0,200.0,1129100.0
1789,2021-10-12 03:16:49,8400.0,300.0,1128900.0
1790,2021-10-12 03:16:49,8400.0,100.0,1128600.0
1791,2021-10-12 03:16:49,8400.0,200.0,1128500.0
1792,2021-10-12 03:16:49,8400.0,200.0,1128300.0
1793,2021-10-12 03:16:49,8400.0,1000.0,1128100.0
1794,2021-10-12 03:16:49,8400.0,100.0,1127100.0
1795,2021-10-12 03:16:49,8400.0,100.0,1127000.0
1796,2021-10-12 03:16:49,8400.0,400.0,1126900.0
1797,2021-10-12 03:16:48,8400.0,600.0,1126500.0
1798,2021-10-12 03:16:48,8400.0,1000.0,1125900.0
1799,2021-10-12 03:16:48,8400.0,500.0,1124900.0
1800,2021-10-12 03:16:48,8400.0,500.0,1124400.0
1801,2021-10-12 03:16:48,8400.0,200.0,1123900.0
1802,2021-10-12 03:16:48,8400.0,500.0,1123700.0
1803,2021-10-12 03:16:48,8400.0,900.0,1123200.0
1804,2021-10-12 03:16:48,8400.0,500.0,1122300.0
1805,2021-10-12 03:16:48,8400.0,200.0,1121800.0
1806,2021-10-12 03:16:43,8400.0,800.0,1121600.0
1807,2021-10-12 03:16:43,8400.0,3000.0,1120800.0
1808,2021-10-12 03:16:43,8400.0,100.0,1117800.0
1809,2021-10-12 03:16:43,8400.0,2500.0,1117700.0
1810,2021-10-12 03:16:43,8400.0,100.0,1115200.0
1811,2021-10-12 03:16:43,8400.0,400.0,1115100.0
1812,2021-10-12 03:16:43,8400.0,500.0,1114700.0
1813,2021-10-12 03:16:43,8400.0,400.0,1114200.0
1814,2021-10-12 03:16:43,8400.0,100.0,1113800.0
1815,2021-10-12 03:16:43,8400.0,500.0,1113700.0
1816,2021-10-12 03:16:43,8400.0,2000.0,1113200.0
1817,2021-10-12 03:16:43,8400.0,300.0,1111200.0
1818,2021-10-12 03:16:43,8400.0,3000.0,1110900.0
1819,2021-10-12 03:16:43,8400.0,100.0,1107900.0
1820,2021-10-12 03:16:43,8400.0,1000.0,1107800.0
1821,2021-10-12 03:16:43,8400.0,1000.0,1106800.0
1822,2021-10-12 03:16:43,8400.0,4200.0,1105800.0
1823,2021-10-12 03:16:04,8400.0,700.0,1101600.0
1824,2021-10-12 03:16:03,8400.0,100.0,1100900.0
1825,2021-10-12 03:16:03,8400.0,1000.0,1100800.0
1826,2021-10-12 03:16:03,8400.0,100.0,1099800.0
1827,2021-10-12 03:16:03,8400.0,200.0,1099700.0
1828,2021-10-12 03:16:03,8400.0,2000.0,1099500.0
1829,2021-10-12 03:16:03,8400.0,100.0,1097500.0
1830,2021-10-12 03:16:03,8400.0,1000.0,1097400.0
1831,2021-10-12 03:16:03,8400.0,100.0,1096400.0
1832,2021-10-12 03:16:03,8400.0,200.0,1096300.0
1833,2021-10-12 03:16:03,8400.0,1000.0,1096100.0
1834,2021-10-12 03:16:03,8400.0,600.0,1095100.0
1835,2021-10-12 03:16:03,8400.0,500.0,1094500.0
1836,2021-10-12 03:16:03,8400.0,100.0,1094000.0
1837,2021-10-12 03:16:03,8400.0,300.0,1093900.0
1838,2021-10-12 03:16:03,8400.0,500.0,1093600.0
1839,2021-10-12 03:16:03,8400.0,200.0,1093100.0
1840,2021-10-12 03:16:03,8400.0,500.0,1092900.0
1841,2021-10-12 03:16:03,8400.0,100.0,1092400.0
1842,2021-10-12 03:16:03,8400.0,1000.0,1092300.0
1843,2021-10-12 03:16:03,8400.0,300.0,1091300.0
1844,2021-10-12 03:16:03,8400.0,100.0,1091000.0
1845,2021-10-12 03:15:45,8400.0,1900.0,1090900.0
1846,2021-10-12 03:15:45,8400.0,100.0,1089000.0
1847,2021-10-12 03:15:45,8400.0,1000.0,1088900.0
1848,2021-10-12 03:15:45,8400.0,100.0,1087900.0
1849,2021-10-12 03:15:45,8400.0,200.0,1087800.0
1850,2021-10-12 03:15:45,8400.0,200.0,1087600.0
1851,2021-10-12 03:15:45,8400.0,300.0,1087400.0
1852,2021-10-12 03:15:45,8410.0,200.0,1087100.0
1853,2021-10-12 03:15:19,8400.0,200.0,1086900.0
1854,2021-10-12 03:15:19,8400.0,600.0,1086700.0
1855,2021-10-12 03:15:19,8400.0,11900.0,1086100.0
1856,2021-10-12 03:15:19,8410.0,1000.0,1074200.0
1857,2021-10-12 03:15:19,8410.0,500.0,1073200.0
1858,2021-10-12 03:15:19,8410.0,200.0,1072700.0
1859,2021-10-12 03:15:19,8410.0,700.0,1072500.0
1860,2021-10-12 03:15:19,8410.0,100.0,1071800.0
1861,2021-10-12 03:15:19,8410.0,2000.0,1071700.0
1862,2021-10-12 03:15:19,8410.0,1800.0,1069700.0
1863,2021-10-12 03:15:09,8410.0,100.0,1067900.0
1864,2021-10-12 03:14:55,8410.0,3100.0,1067800.0
1865,2021-10-12 03:14:55,8410.0,6000.0,1064700.0
1866,2021-10-12 03:14:55,8420.0,900.0,1058700.0
1867,2021-10-12 03:14:35,8410.0,2000.0,1057800.0
1868,2021-10-12 03:14:35,8410.0,300.0,1055800.0
1869,2021-10-12 03:14:35,8410.0,100.0,1055500.0
1870,2021-10-12 03:14:35,8410.0,500.0,1055400.0
1871,2021-10-12 03:14:35,8410.0,100.0,1054900.0
1872,2021-10-12 03:14:26,8420.0,100.0,1054800.0
1873,2021-10-12 03:14:26,8420.0,300.0,1054700.0
1874,2021-10-12 03:14:26,8420.0,100.0,1054400.0
1875,2021-10-12 03:14:15,8420.0,600.0,1054300.0
1876,2021-10-12 03:14:15,8420.0,1200.0,1053700.0
1877,2021-10-12 03:14:15,8420.0,100.0,1052500.0
1878,2021-10-12 03:14:15,8420.0,100.0,1052400.0
1879,2021-10-12 03:14:15,8420.0,500.0,1052300.0
1880,2021-10-12 03:14:15,8420.0,500.0,1051800.0
1881,2021-10-12 03:14:15,8420.0,900.0,1051300.0
1882,2021-10-12 03:14:15,8430.0,100.0,1050400.0
1883,2021-10-12 03:14:07,8480.0,1000.0,1050300.0
1884,2021-10-12 03:13:51,8480.0,400.0,1049300.0
1885,2021-10-12 03:13:30,8490.0,100.0,1048900.0
1886,2021-10-12 03:13:15,8490.0,400.0,1048800.0
1887,2021-10-12 03:13:15,8490.0,600.0,1048400.0
1888,2021-10-12 03:11:47,8490.0,100.0,1047800.0
1889,2021-10-12 03:11:35,8490.0,500.0,1047700.0
1890,2021-10-12 03:11:21,8490.0,800.0,1047200.0
1891,2021-10-12 03:11:21,8490.0,200.0,1046400.0
1892,2021-10-12 03:11:04,8420.0,100.0,1046200.0
1893,2021-10-12 03:10:38,8420.0,500.0,1046100.0
1894,2021-10-12 03:10:09,8420.0,100.0,1045600.0
1895,2021-10-12 03:09:57,8420.0,400.0,1045500.0
1896,2021-10-12 03:09:30,8420.0,100.0,1045100.0
1897,2021-10-12 03:09:16,8410.0,100.0,1045000.0
1898,2021-10-12 03:09:16,8410.0,200.0,1044900.0
1899,2021-10-12 03:09:16,8410.0,200.0,1044700.0
1900,2021-10-12 03:09:14,8410.0,100.0,1044500.0
1901,2021-10-12 03:09:13,8410.0,200.0,1044400.0
1902,2021-10-12 03:09:13,8410.0,9700.0,1044200.0
1903,2021-10-12 03:08:50,8410.0,200.0,1034500.0
1904,2021-10-12 03:08:39,8400.0,800.0,1034300.0
1905,2021-10-12 03:08:39,8400.0,200.0,1033500.0
1906,2021-10-12 03:08:25,8400.0,100.0,1033300.0
1907,2021-10-12 03:08:25,8400.0,3000.0,1033200.0
1908,2021-10-12 03:08:25,8400.0,200.0,1030200.0
1909,2021-10-12 03:08:18,8400.0,800.0,1030000.0
1910,2021-10-12 03:08:18,8400.0,200.0,1029200.0
1911,2021-10-12 03:08:09,8410.0,500.0,1029000.0
1912,2021-10-12 03:08:06,8410.0,200.0,1028500.0
1913,2021-10-12 03:08:04,8410.0,100.0,1028300.0
1914,2021-10-12 03:08:02,8410.0,3000.0,1028200.0
1915,2021-10-12 03:07:43,8410.0,500.0,1025200.0
1916,2021-10-12 03:07:36,8410.0,2100.0,1024700.0
1917,2021-10-12 03:07:35,8410.0,800.0,1022600.0
1918,2021-10-12 03:07:33,8410.0,100.0,1021800.0
1919,2021-10-12 03:07:33,8410.0,500.0,1021700.0
1920,2021-10-12 03:07:21,8410.0,3000.0,1021200.0
1921,2021-10-12 03:07:21,8410.0,100.0,1018200.0
1922,2021-10-12 03:07:04,8410.0,2000.0,1018100.0
1923,2021-10-12 03:06:57,8410.0,100.0,1016100.0
1924,2021-10-12 03:06:42,8410.0,100.0,1016000.0
1925,2021-10-12 03:06:29,8410.0,600.0,1015900.0
1926,2021-10-12 03:06:03,8410.0,1400.0,1015300.0
1927,2021-10-12 03:05:51,8410.0,100.0,1013900.0
1928,2021-10-12 03:05:45,8410.0,1000.0,1013800.0
1929,2021-10-12 03:05:43,8410.0,1700.0,1012800.0
1930,2021-10-12 03:05:41,8410.0,100.0,1011100.0
1931,2021-10-12 03:05:13,8410.0,300.0,1011000.0
1932,2021-10-12 03:05:11,8410.0,10000.0,1010700.0
1933,2021-10-12 03:04:32,8410.0,200.0,1000700.0
1934,2021-10-12 03:04:31,8410.0,500.0,1000500.0
1935,2021-10-12 03:04:31,8410.0,3000.0,1000000.0
1936,2021-10-12 03:04:31,8410.0,1000.0,997000.0
1937,2021-10-12 03:04:31,8410.0,200.0,996000.0
1938,2021-10-12 03:04:31,8410.0,500.0,995800.0
1939,2021-10-12 03:04:31,8410.0,2000.0,995300.0
1940,2021-10-12 03:04:31,8410.0,1500.0,993300.0
1941,2021-10-12 03:04:31,8410.0,100.0,991800.0
1942,2021-10-12 03:04:31,8410.0,4900.0,991700.0
1943,2021-10-12 03:04:31,8410.0,100.0,986800.0
1944,2021-10-12 03:04:31,8410.0,1800.0,986700.0
1945,2021-10-12 03:04:27,8410.0,300.0,984900.0
1946,2021-10-12 03:04:10,8410.0,1000.0,984600.0
1947,2021-10-12 03:04:02,8410.0,500.0,983600.0
1948,2021-10-12 03:03:32,8410.0,1000.0,983100.0
1949,2021-10-12 03:03:26,8410.0,100.0,982100.0
1950,2021-10-12 03:01:58,8410.0,300.0,982000.0
1951,2021-10-12 03:01:43,8500.0,100.0,981700.0
1952,2021-10-12 02:59:58,8500.0,100.0,981600.0
1953,2021-10-12 02:59:33,8500.0,1000.0,981500.0
1954,2021-10-12 02:59:33,8490.0,1000.0,980500.0
1955,2021-10-12 02:59:21,8500.0,100.0,979500.0
1956,2021-10-12 02:58:47,8400.0,1000.0,979400.0
1957,2021-10-12 02:58:01,8500.0,500.0,978400.0
1958,2021-10-12 02:58:01,8480.0,1400.0,977900.0
1959,2021-10-12 02:57:59,8480.0,2600.0,976500.0
1960,2021-10-12 02:57:59,8480.0,300.0,973900.0
1961,2021-10-12 02:57:59,8480.0,600.0,973600.0
1962,2021-10-12 02:57:57,8450.0,4900.0,973000.0
1963,2021-10-12 02:57:23,8410.0,1000.0,968100.0
1964,2021-10-12 02:56:26,8400.0,2000.0,967100.0
1965,2021-10-12 02:56:26,8400.0,200.0,965100.0
1966,2021-10-12 02:56:15,8400.0,200.0,964900.0
1967,2021-10-12 02:56:01,8400.0,100.0,964700.0
1968,2021-10-12 02:55:32,8400.0,1000.0,964600.0
1969,2021-10-12 02:55:09,8400.0,200.0,963600.0
1970,2021-10-12 02:54:32,8400.0,100.0,963400.0
1971,2021-10-12 02:54:14,8400.0,200.0,963300.0
1972,2021-10-12 02:54:14,8400.0,100.0,963100.0
1973,2021-10-12 02:54:14,8400.0,2000.0,963000.0
1974,2021-10-12 02:54:14,8400.0,500.0,961000.0
1975,2021-10-12 02:54:14,8400.0,500.0,960500.0
1976,2021-10-12 02:54:14,8400.0,1000.0,960000.0
1977,2021-10-12 02:54:14,8400.0,300.0,959000.0
1978,2021-10-12 02:54:14,8400.0,1000.0,958700.0
1979,2021-10-12 02:54:14,8400.0,500.0,957700.0
1980,2021-10-12 02:54:14,8400.0,6000.0,957200.0
1981,2021-10-12 02:54:14,8400.0,300.0,951200.0
1982,2021-10-12 02:54:14,8400.0,2000.0,950900.0
1983,2021-10-12 02:54:14,8400.0,2400.0,948900.0
1984,2021-10-12 02:54:14,8410.0,1200.0,946500.0
1985,2021-10-12 02:54:14,8410.0,200.0,945300.0
1986,2021-10-12 02:54:09,8480.0,200.0,945100.0
1987,2021-10-12 02:53:41,8470.0,100.0,944900.0
1988,2021-10-12 02:53:13,8480.0,200.0,944800.0
1989,2021-10-12 02:52:52,8400.0,2200.0,944600.0
1990,2021-10-12 02:52:36,8400.0,5400.0,942400.0
1991,2021-10-12 02:52:36,8400.0,1000.0,937000.0
1992,2021-10-12 02:52:36,8400.0,1000.0,936000.0
1993,2021-10-12 02:52:36,8400.0,200.0,935000.0
1994,2021-10-12 02:52:36,8400.0,1000.0,934800.0
1995,2021-10-12 02:52:36,8400.0,1000.0,933800.0
1996,2021-10-12 02:52:36,8400.0,300.0,932800.0
1997,2021-10-12 02:52:36,8400.0,300.0,932500.0
1998,2021-10-12 02:52:36,8400.0,500.0,932200.0
1999,2021-10-12 02:52:36,8400.0,100.0,931700.0
2000,2021-10-12 02:52:36,8400.0,1000.0,931600.0
2001,2021-10-12 02:52:36,8400.0,2000.0,930600.0
2002,2021-10-12 02:52:36,8400.0,16000.0,928600.0
2003,2021-10-12 02:52:36,8400.0,100.0,912600.0
2004,2021-10-12 02:52:36,8400.0,500.0,912500.0
2005,2021-10-12 02:52:36,8400.0,500.0,912000.0
2006,2021-10-12 02:52:36,8400.0,3000.0,911500.0
2007,2021-10-12 02:52:36,8400.0,100.0,908500.0
2008,2021-10-12 02:52:36,8400.0,2000.0,908400.0
2009,2021-10-12 02:52:36,8400.0,2000.0,906400.0
2010,2021-10-12 02:52:36,8400.0,200.0,904400.0
2011,2021-10-12 02:52:36,8400.0,400.0,904200.0
2012,2021-10-12 02:52:36,8410.0,200.0,903800.0
2013,2021-10-12 02:52:36,8410.0,200.0,903600.0
2014,2021-10-12 02:52:36,8410.0,300.0,903400.0
2015,2021-10-12 02:52:36,8410.0,500.0,903100.0
2016,2021-10-12 02:52:36,8410.0,5000.0,902600.0
2017,2021-10-12 02:52:36,8410.0,500.0,897600.0
2018,2021-10-12 02:52:36,8410.0,500.0,897100.0
2019,2021-10-12 02:52:36,8410.0,200.0,896600.0
2020,2021-10-12 02:52:36,8410.0,200.0,896400.0
2021,2021-10-12 02:52:36,8420.0,3000.0,896200.0
2022,2021-10-12 02:52:36,8420.0,1000.0,893200.0
2023,2021-10-12 02:52:36,8420.0,1200.0,892200.0
2024,2021-10-12 02:52:36,8420.0,5100.0,891000.0
2025,2021-10-12 02:51:59,8480.0,100.0,885900.0
2026,2021-10-12 02:51:58,8420.0,600.0,885800.0
2027,2021-10-12 02:51:47,8420.0,800.0,885200.0
2028,2021-10-12 02:51:47,8420.0,600.0,884400.0
2029,2021-10-12 02:51:20,8410.0,400.0,883800.0
2030,2021-10-12 02:51:13,8480.0,500.0,883400.0
2031,2021-10-12 02:51:12,8480.0,200.0,882900.0
2032,2021-10-12 02:51:12,8480.0,100.0,882700.0
2033,2021-10-12 02:50:43,8480.0,400.0,882600.0
2034,2021-10-12 02:50:43,8480.0,100.0,882200.0
2035,2021-10-12 02:50:32,8480.0,200.0,882100.0
2036,2021-10-12 02:50:31,8480.0,300.0,881900.0
2037,2021-10-12 02:49:47,8480.0,500.0,881600.0
2038,2021-10-12 02:49:46,8490.0,200.0,881100.0
2039,2021-10-12 02:49:36,8480.0,500.0,880900.0
2040,2021-10-12 02:49:25,8400.0,100.0,880400.0
2041,2021-10-12 02:49:25,8400.0,5000.0,880300.0
2042,2021-10-12 02:49:25,8400.0,2000.0,875300.0
2043,2021-10-12 02:49:25,8400.0,11000.0,873300.0
2044,2021-10-12 02:49:25,8400.0,3000.0,862300.0
2045,2021-10-12 02:49:25,8400.0,100.0,859300.0
2046,2021-10-12 02:49:25,8410.0,100.0,859200.0
2047,2021-10-12 02:49:25,8410.0,200.0,859100.0
2048,2021-10-12 02:49:25,8410.0,500.0,858900.0
2049,2021-10-12 02:49:25,8410.0,1000.0,858400.0
2050,2021-10-12 02:49:25,8410.0,3000.0,857400.0
2051,2021-10-12 02:49:20,8410.0,8000.0,854400.0
2052,2021-10-12 02:49:20,8420.0,2000.0,846400.0
2053,2021-10-12 02:49:05,8410.0,20000.0,844400.0
2054,2021-10-12 02:48:52,8410.0,5000.0,824400.0
2055,2021-10-12 02:48:52,8470.0,5000.0,819400.0
2056,2021-10-12 02:48:42,8400.0,200.0,814400.0
2057,2021-10-12 02:48:42,8400.0,100.0,814200.0
2058,2021-10-12 02:48:42,8400.0,1000.0,814100.0
2059,2021-10-12 02:48:42,8460.0,100.0,813100.0
2060,2021-10-12 02:48:42,8460.0,100.0,813000.0
2061,2021-10-12 02:48:40,8490.0,100.0,812900.0
2062,2021-10-12 02:48:33,8400.0,1000.0,812800.0
2063,2021-10-12 02:48:33,8400.0,700.0,811800.0
2064,2021-10-12 02:48:33,8400.0,100.0,811100.0
2065,2021-10-12 02:48:33,8410.0,2000.0,811000.0
2066,2021-10-12 02:48:33,8410.0,1000.0,809000.0
2067,2021-10-12 02:48:33,8410.0,1000.0,808000.0
2068,2021-10-12 02:48:33,8420.0,9200.0,807000.0
2069,2021-10-12 02:48:33,8430.0,200.0,797800.0
2070,2021-10-12 02:48:33,8430.0,1300.0,797600.0
2071,2021-10-12 02:48:33,8450.0,500.0,796300.0
2072,2021-10-12 02:48:33,8450.0,2800.0,795800.0
2073,2021-10-12 02:48:33,8460.0,200.0,793000.0
2074,2021-10-12 02:48:33,8490.0,100.0,792800.0
2075,2021-10-12 02:48:12,8490.0,100.0,792700.0
2076,2021-10-12 02:48:09,8450.0,7200.0,792600.0
2077,2021-10-12 02:48:09,8460.0,200.0,785400.0
2078,2021-10-12 02:48:09,8460.0,100.0,785200.0
2079,2021-10-12 02:48:09,8460.0,200.0,785100.0
2080,2021-10-12 02:48:09,8470.0,200.0,784900.0
2081,2021-10-12 02:48:09,8470.0,100.0,784700.0
2082,2021-10-12 02:47:58,8490.0,100.0,784600.0
2083,2021-10-12 02:47:55,8490.0,300.0,784500.0
2084,2021-10-12 02:47:48,8500.0,100.0,784200.0
2085,2021-10-12 02:47:39,8500.0,1000.0,784100.0
2086,2021-10-12 02:47:33,8500.0,1000.0,783100.0
2087,2021-10-12 02:47:30,8500.0,1300.0,782100.0
2088,2021-10-12 02:47:30,8500.0,5000.0,780800.0
2089,2021-10-12 02:47:30,8500.0,100.0,775800.0
