,Time,Price,Volume_per_trade,Volume
0,2021-10-22 07:45:01,8750.0,1000.0,2710200.0
1,2021-10-22 07:45:01,8750.0,1700.0,2709200.0
2,2021-10-22 07:45:01,8750.0,1500.0,2707500.0
3,2021-10-22 07:45:01,8750.0,3500.0,2706000.0
4,2021-10-22 07:45:01,8750.0,100.0,2702500.0
5,2021-10-22 07:45:01,8750.0,100.0,2702400.0
6,2021-10-22 07:45:01,8750.0,500.0,2702300.0
7,2021-10-22 07:45:01,8750.0,1000.0,2701800.0
8,2021-10-22 07:45:01,8750.0,10000.0,2700800.0
9,2021-10-22 07:45:01,8750.0,500.0,2690800.0
10,2021-10-22 07:45:01,8750.0,200.0,2690300.0
11,2021-10-22 07:45:01,8750.0,1000.0,2690100.0
12,2021-10-22 07:45:01,8750.0,2300.0,2689100.0
13,2021-10-22 07:45:01,8750.0,1000.0,2686800.0
14,2021-10-22 07:45:01,8750.0,3000.0,2685800.0
15,2021-10-22 07:45:01,8750.0,1000.0,2682800.0
16,2021-10-22 07:45:01,8750.0,1000.0,2681800.0
17,2021-10-22 07:45:01,8750.0,2000.0,2680800.0
18,2021-10-22 07:45:01,8750.0,100.0,2678800.0
19,2021-10-22 07:45:01,8750.0,2000.0,2678700.0
20,2021-10-22 07:45:01,8750.0,1000.0,2676700.0
21,2021-10-22 07:45:01,8750.0,500.0,2675700.0
22,2021-10-22 07:45:01,8750.0,6000.0,2675200.0
23,2021-10-22 07:45:01,8750.0,100.0,2669200.0
24,2021-10-22 07:45:01,8750.0,1000.0,2669100.0
25,2021-10-22 07:45:01,8750.0,1000.0,2668100.0
26,2021-10-22 07:45:01,8750.0,600.0,2667100.0
27,2021-10-22 07:45:01,8750.0,100.0,2666500.0
28,2021-10-22 07:45:01,8750.0,400.0,2666400.0
29,2021-10-22 07:45:01,8750.0,600.0,2666000.0
30,2021-10-22 07:45:01,8750.0,2500.0,2665400.0
31,2021-10-22 07:45:01,8750.0,4900.0,2662900.0
32,2021-10-22 07:45:01,8750.0,1600.0,2658000.0
33,2021-10-22 07:45:01,8750.0,500.0,2656400.0
34,2021-10-22 07:45:01,8750.0,500.0,2655900.0
35,2021-10-22 07:45:01,8750.0,400.0,2655400.0
36,2021-10-22 07:45:01,8750.0,1300.0,2655000.0
37,2021-10-22 07:45:01,8750.0,1000.0,2653700.0
38,2021-10-22 07:45:01,8750.0,1800.0,2652700.0
39,2021-10-22 07:45:01,8750.0,2000.0,2650900.0
40,2021-10-22 07:45:01,8750.0,5000.0,2648900.0
41,2021-10-22 07:45:01,8750.0,15900.0,2643900.0
42,2021-10-22 07:45:01,8750.0,10000.0,2628000.0
43,2021-10-22 07:45:01,8750.0,1100.0,2618000.0
44,2021-10-22 07:45:01,8750.0,5000.0,2616900.0
45,2021-10-22 07:45:01,8750.0,100.0,2611900.0
46,2021-10-22 07:45:01,8750.0,1000.0,2611800.0
47,2021-10-22 07:45:01,8750.0,200.0,2610800.0
48,2021-10-22 07:45:01,8750.0,500.0,2610600.0
49,2021-10-22 07:45:01,8750.0,500.0,2610100.0
50,2021-10-22 07:45:01,8750.0,1600.0,2609600.0
51,2021-10-22 07:45:01,8750.0,8400.0,2608000.0
52,2021-10-22 07:45:01,8750.0,200.0,2599600.0
53,2021-10-22 07:45:01,8750.0,300.0,2599400.0
54,2021-10-22 07:45:01,8750.0,100.0,2599100.0
55,2021-10-22 07:45:01,8750.0,1000.0,2599000.0
56,2021-10-22 07:45:01,8750.0,200.0,2598000.0
57,2021-10-22 07:45:01,8750.0,100.0,2597800.0
58,2021-10-22 07:45:01,8750.0,400.0,2597700.0
59,2021-10-22 07:45:01,8750.0,200.0,2597300.0
60,2021-10-22 07:45:01,8750.0,1000.0,2597100.0
61,2021-10-22 07:45:01,8750.0,100.0,2596100.0
62,2021-10-22 07:45:01,8750.0,200.0,2596000.0
63,2021-10-22 07:29:58,8800.0,1400.0,2595800.0
64,2021-10-22 07:29:51,8800.0,200.0,2594400.0
65,2021-10-22 07:29:42,8800.0,200.0,2594200.0
66,2021-10-22 07:29:41,8800.0,1100.0,2594000.0
67,2021-10-22 07:29:39,8800.0,3000.0,2592900.0
68,2021-10-22 07:29:38,8790.0,2200.0,2589900.0
69,2021-10-22 07:29:35,8800.0,3500.0,2587700.0
70,2021-10-22 07:29:31,8800.0,4000.0,2584200.0
71,2021-10-22 07:29:29,8800.0,500.0,2580200.0
72,2021-10-22 07:29:28,8800.0,1000.0,2579700.0
73,2021-10-22 07:29:24,8800.0,100.0,2578700.0
74,2021-10-22 07:29:17,8800.0,2000.0,2578600.0
75,2021-10-22 07:29:06,8790.0,100.0,2576600.0
76,2021-10-22 07:28:34,8770.0,500.0,2576500.0
77,2021-10-22 07:28:15,8770.0,100.0,2576000.0
78,2021-10-22 07:27:57,8770.0,500.0,2575900.0
79,2021-10-22 07:27:50,8770.0,400.0,2575400.0
80,2021-10-22 07:27:21,8800.0,200.0,2575000.0
81,2021-10-22 07:27:21,8800.0,800.0,2574800.0
82,2021-10-22 07:27:21,8800.0,5000.0,2574000.0
83,2021-10-22 07:27:21,8790.0,800.0,2569000.0
84,2021-10-22 07:27:21,8780.0,500.0,2568200.0
85,2021-10-22 07:27:21,8770.0,3000.0,2567700.0
86,2021-10-22 07:27:21,8770.0,1600.0,2564700.0
87,2021-10-22 07:27:21,8770.0,400.0,2563100.0
88,2021-10-22 07:27:21,8770.0,800.0,2562700.0
89,2021-10-22 07:27:21,8770.0,900.0,2561900.0
90,2021-10-22 07:27:21,8760.0,5000.0,2561000.0
91,2021-10-22 07:27:21,8760.0,1400.0,2556000.0
92,2021-10-22 07:27:21,8760.0,5000.0,2554600.0
93,2021-10-22 07:27:21,8760.0,4000.0,2549600.0
94,2021-10-22 07:27:21,8760.0,600.0,2545600.0
95,2021-10-22 07:27:20,8760.0,400.0,2545000.0
96,2021-10-22 07:27:20,8760.0,2000.0,2544600.0
97,2021-10-22 07:27:13,8760.0,7100.0,2542600.0
98,2021-10-22 07:27:03,8760.0,600.0,2535500.0
99,2021-10-22 07:27:01,8760.0,300.0,2534900.0
100,2021-10-22 07:27:01,8760.0,700.0,2534600.0
101,2021-10-22 07:27:01,8760.0,500.0,2533900.0
102,2021-10-22 07:26:59,8760.0,400.0,2533400.0
103,2021-10-22 07:26:48,8760.0,200.0,2533000.0
104,2021-10-22 07:26:46,8750.0,400.0,2532800.0
105,2021-10-22 07:26:46,8750.0,5000.0,2532400.0
106,2021-10-22 07:26:46,8750.0,3000.0,2527400.0
107,2021-10-22 07:26:46,8750.0,1000.0,2524400.0
108,2021-10-22 07:26:46,8750.0,500.0,2523400.0
109,2021-10-22 07:26:46,8750.0,13000.0,2522900.0
110,2021-10-22 07:26:46,8750.0,100.0,2509900.0
111,2021-10-22 07:26:46,8750.0,1000.0,2509800.0
112,2021-10-22 07:26:41,8760.0,100.0,2508800.0
113,2021-10-22 07:26:35,8760.0,1000.0,2508700.0
114,2021-10-22 07:26:32,8750.0,300.0,2507700.0
115,2021-10-22 07:26:32,8750.0,100.0,2507400.0
116,2021-10-22 07:26:25,8760.0,900.0,2507300.0
117,2021-10-22 07:26:22,8760.0,100.0,2506400.0
118,2021-10-22 07:26:17,8760.0,1000.0,2506300.0
119,2021-10-22 07:26:06,8760.0,1000.0,2505300.0
120,2021-10-22 07:25:47,8760.0,1000.0,2504300.0
121,2021-10-22 07:25:39,8760.0,2000.0,2503300.0
122,2021-10-22 07:25:39,8760.0,500.0,2501300.0
123,2021-10-22 07:25:38,8760.0,100.0,2500800.0
124,2021-10-22 07:25:38,8760.0,2000.0,2500700.0
125,2021-10-22 07:25:38,8760.0,100.0,2498700.0
126,2021-10-22 07:25:31,8760.0,300.0,2498600.0
127,2021-10-22 07:25:21,8760.0,1000.0,2498300.0
128,2021-10-22 07:25:19,8760.0,2500.0,2497300.0
129,2021-10-22 07:25:15,8760.0,1000.0,2494800.0
130,2021-10-22 07:25:12,8760.0,900.0,2493800.0
131,2021-10-22 07:25:08,8760.0,1000.0,2492900.0
132,2021-10-22 07:25:00,8760.0,500.0,2491900.0
133,2021-10-22 07:24:56,8760.0,200.0,2491400.0
134,2021-10-22 07:24:39,8760.0,2000.0,2491200.0
135,2021-10-22 07:24:17,8750.0,100.0,2489200.0
136,2021-10-22 07:24:08,8760.0,3500.0,2489100.0
137,2021-10-22 07:24:08,8760.0,2000.0,2485600.0
138,2021-10-22 07:24:07,8760.0,600.0,2483600.0
139,2021-10-22 07:23:57,8760.0,400.0,2483000.0
140,2021-10-22 07:23:57,8760.0,1000.0,2482600.0
141,2021-10-22 07:23:48,8760.0,1500.0,2481600.0
142,2021-10-22 07:23:29,8760.0,14000.0,2480100.0
143,2021-10-22 07:22:51,8760.0,1000.0,2466100.0
144,2021-10-22 07:22:47,8760.0,100.0,2465100.0
145,2021-10-22 07:22:32,8760.0,400.0,2465000.0
146,2021-10-22 07:22:30,8730.0,100.0,2464600.0
147,2021-10-22 07:22:30,8730.0,200.0,2464500.0
148,2021-10-22 07:22:30,8730.0,300.0,2464300.0
149,2021-10-22 07:22:30,8750.0,1200.0,2464000.0
150,2021-10-22 07:22:30,8750.0,1000.0,2462800.0
151,2021-10-22 07:22:30,8750.0,1000.0,2461800.0
152,2021-10-22 07:22:30,8750.0,200.0,2460800.0
153,2021-10-22 07:22:30,8750.0,1000.0,2460600.0
154,2021-10-22 07:22:05,8760.0,100.0,2459600.0
155,2021-10-22 07:21:57,8760.0,400.0,2459500.0
156,2021-10-22 07:21:53,8760.0,1000.0,2459100.0
157,2021-10-22 07:21:46,8760.0,300.0,2458100.0
158,2021-10-22 07:21:44,8760.0,100.0,2457800.0
159,2021-10-22 07:21:29,8760.0,900.0,2457700.0
160,2021-10-22 07:21:25,8760.0,100.0,2456800.0
161,2021-10-22 07:21:05,8770.0,300.0,2456700.0
162,2021-10-22 07:21:03,8750.0,700.0,2456400.0
163,2021-10-22 07:21:03,8750.0,200.0,2455700.0
164,2021-10-22 07:21:03,8760.0,100.0,2455500.0
165,2021-10-22 07:20:59,8770.0,500.0,2455400.0
166,2021-10-22 07:20:47,8770.0,400.0,2454900.0
167,2021-10-22 07:20:47,8770.0,700.0,2454500.0
168,2021-10-22 07:20:47,8770.0,900.0,2453800.0
169,2021-10-22 07:20:42,8770.0,100.0,2452900.0
170,2021-10-22 07:20:35,8770.0,600.0,2452800.0
171,2021-10-22 07:20:18,8770.0,500.0,2452200.0
172,2021-10-22 07:20:01,8770.0,500.0,2451700.0
173,2021-10-22 07:20:01,8770.0,600.0,2451200.0
174,2021-10-22 07:19:33,8770.0,100.0,2450600.0
175,2021-10-22 07:19:17,8770.0,5900.0,2450500.0
176,2021-10-22 07:19:17,8760.0,1000.0,2444600.0
177,2021-10-22 07:19:17,8760.0,1000.0,2443600.0
178,2021-10-22 07:19:03,8770.0,100.0,2442600.0
179,2021-10-22 07:19:01,8770.0,10700.0,2442500.0
180,2021-10-22 07:18:59,8770.0,300.0,2431800.0
181,2021-10-22 07:18:57,8780.0,500.0,2431500.0
182,2021-10-22 07:18:54,8770.0,500.0,2431000.0
183,2021-10-22 07:18:45,8770.0,500.0,2430500.0
184,2021-10-22 07:18:45,8770.0,3900.0,2430000.0
185,2021-10-22 07:18:45,8760.0,1000.0,2426100.0
186,2021-10-22 07:18:31,8720.0,100.0,2425100.0
187,2021-10-22 07:18:31,8720.0,1000.0,2425000.0
188,2021-10-22 07:18:31,8730.0,100.0,2424000.0
189,2021-10-22 07:18:31,8730.0,300.0,2423900.0
190,2021-10-22 07:17:46,8710.0,1000.0,2423600.0
191,2021-10-22 07:17:41,8710.0,1100.0,2422600.0
192,2021-10-22 07:17:41,8710.0,1000.0,2421500.0
193,2021-10-22 07:17:37,8700.0,800.0,2420500.0
194,2021-10-22 07:17:28,8700.0,2000.0,2419700.0
195,2021-10-22 07:17:27,8700.0,100.0,2417700.0
196,2021-10-22 07:17:25,8700.0,200.0,2417600.0
197,2021-10-22 07:17:24,8690.0,3000.0,2417400.0
198,2021-10-22 07:17:22,8700.0,400.0,2414400.0
199,2021-10-22 07:17:22,8700.0,100.0,2414000.0
200,2021-10-22 07:17:22,8710.0,9400.0,2413900.0
201,2021-10-22 07:17:14,8700.0,4000.0,2404500.0
202,2021-10-22 07:17:14,8700.0,7700.0,2400500.0
203,2021-10-22 07:17:14,8700.0,3700.0,2392800.0
204,2021-10-22 07:17:12,8700.0,100.0,2389100.0
205,2021-10-22 07:17:12,8700.0,5000.0,2389000.0
206,2021-10-22 07:17:11,8690.0,5500.0,2384000.0
207,2021-10-22 07:17:11,8690.0,500.0,2378500.0
208,2021-10-22 07:17:10,8700.0,100.0,2378000.0
209,2021-10-22 07:17:07,8700.0,100.0,2377900.0
210,2021-10-22 07:17:04,8700.0,500.0,2377800.0
211,2021-10-22 07:16:57,8700.0,100.0,2377300.0
212,2021-10-22 07:16:52,8700.0,100.0,2377200.0
213,2021-10-22 07:16:49,8700.0,100.0,2377100.0
214,2021-10-22 07:16:48,8700.0,1100.0,2377000.0
215,2021-10-22 07:16:46,8700.0,1000.0,2375900.0
216,2021-10-22 07:16:42,8700.0,100.0,2374900.0
217,2021-10-22 07:16:37,8700.0,100.0,2374800.0
218,2021-10-22 07:16:32,8700.0,100.0,2374700.0
219,2021-10-22 07:16:32,8700.0,1000.0,2374600.0
220,2021-10-22 07:16:28,8700.0,1000.0,2373600.0
221,2021-10-22 07:16:23,8700.0,100.0,2372600.0
222,2021-10-22 07:16:22,8700.0,4500.0,2372500.0
223,2021-10-22 07:16:21,8700.0,1000.0,2368000.0
224,2021-10-22 07:16:21,8700.0,400.0,2367000.0
225,2021-10-22 07:16:21,8700.0,500.0,2366600.0
226,2021-10-22 07:16:21,8700.0,10000.0,2366100.0
227,2021-10-22 07:16:21,8700.0,100.0,2356100.0
228,2021-10-22 07:16:21,8700.0,100.0,2356000.0
229,2021-10-22 07:16:21,8700.0,200.0,2355900.0
230,2021-10-22 07:16:21,8700.0,100.0,2355700.0
231,2021-10-22 07:16:21,8700.0,1000.0,2355600.0
232,2021-10-22 07:16:21,8700.0,500.0,2354600.0
233,2021-10-22 07:16:21,8700.0,100.0,2354100.0
234,2021-10-22 07:16:21,8700.0,100.0,2354000.0
235,2021-10-22 07:16:21,8700.0,1000.0,2353900.0
236,2021-10-22 07:16:21,8700.0,3600.0,2352900.0
237,2021-10-22 07:16:21,8700.0,100.0,2349300.0
238,2021-10-22 07:16:21,8700.0,200.0,2349200.0
239,2021-10-22 07:16:21,8700.0,5000.0,2349000.0
240,2021-10-22 07:16:21,8700.0,500.0,2344000.0
241,2021-10-22 07:16:21,8700.0,1000.0,2343500.0
242,2021-10-22 07:16:21,8700.0,1000.0,2342500.0
243,2021-10-22 07:16:21,8700.0,2000.0,2341500.0
244,2021-10-22 07:16:21,8700.0,5000.0,2339500.0
245,2021-10-22 07:16:21,8700.0,600.0,2334500.0
246,2021-10-22 07:16:21,8710.0,200.0,2333900.0
247,2021-10-22 07:16:21,8710.0,100.0,2333700.0
248,2021-10-22 07:16:21,8720.0,5000.0,2333600.0
249,2021-10-22 07:16:21,8720.0,1800.0,2328600.0
250,2021-10-22 07:16:19,8720.0,200.0,2326800.0
251,2021-10-22 07:16:19,8720.0,300.0,2326600.0
252,2021-10-22 07:16:16,8770.0,6100.0,2326300.0
253,2021-10-22 07:16:16,8740.0,2500.0,2320200.0
254,2021-10-22 07:16:16,8740.0,1000.0,2317700.0
255,2021-10-22 07:16:16,8730.0,400.0,2316700.0
256,2021-10-22 07:16:07,8720.0,300.0,2316300.0
257,2021-10-22 07:15:59,8720.0,300.0,2316000.0
258,2021-10-22 07:15:46,8720.0,400.0,2315700.0
259,2021-10-22 07:15:40,8700.0,100.0,2315300.0
260,2021-10-22 07:15:28,8700.0,300.0,2315200.0
261,2021-10-22 07:15:28,8700.0,100.0,2314900.0
262,2021-10-22 07:15:28,8700.0,2000.0,2314800.0
263,2021-10-22 07:15:28,8700.0,100.0,2312800.0
264,2021-10-22 07:15:28,8700.0,1000.0,2312700.0
265,2021-10-22 07:15:28,8700.0,500.0,2311700.0
266,2021-10-22 07:15:28,8700.0,100.0,2311200.0
267,2021-10-22 07:15:28,8700.0,100.0,2311100.0
268,2021-10-22 07:15:28,8700.0,100.0,2311000.0
269,2021-10-22 07:15:28,8700.0,1000.0,2310900.0
270,2021-10-22 07:15:28,8700.0,4700.0,2309900.0
271,2021-10-22 07:15:27,8700.0,300.0,2305200.0
272,2021-10-22 07:15:27,8700.0,200.0,2304900.0
273,2021-10-22 07:15:22,8700.0,100.0,2304700.0
274,2021-10-22 07:15:22,8700.0,100.0,2304600.0
275,2021-10-22 07:15:22,8700.0,200.0,2304500.0
276,2021-10-22 07:15:22,8700.0,1000.0,2304300.0
277,2021-10-22 07:15:22,8700.0,1000.0,2303300.0
278,2021-10-22 07:15:22,8700.0,1000.0,2302300.0
279,2021-10-22 07:15:22,8700.0,500.0,2301300.0
280,2021-10-22 07:15:22,8700.0,1000.0,2300800.0
281,2021-10-22 07:15:22,8700.0,500.0,2299800.0
282,2021-10-22 07:15:22,8700.0,100.0,2299300.0
283,2021-10-22 07:15:17,8700.0,900.0,2299200.0
284,2021-10-22 07:15:17,8700.0,100.0,2298300.0
285,2021-10-22 07:15:16,8700.0,100.0,2298200.0
286,2021-10-22 07:15:16,8700.0,1000.0,2298100.0
287,2021-10-22 07:15:16,8700.0,100.0,2297100.0
288,2021-10-22 07:15:11,8700.0,400.0,2297000.0
289,2021-10-22 07:15:11,8700.0,1000.0,2296600.0
290,2021-10-22 07:15:11,8700.0,2000.0,2295600.0
291,2021-10-22 07:15:11,8700.0,200.0,2293600.0
292,2021-10-22 07:15:11,8700.0,100.0,2293400.0
293,2021-10-22 07:15:11,8710.0,300.0,2293300.0
294,2021-10-22 07:15:06,8730.0,100.0,2293000.0
295,2021-10-22 07:15:06,8730.0,1000.0,2292900.0
296,2021-10-22 07:15:02,8730.0,100.0,2291900.0
297,2021-10-22 07:15:00,8730.0,300.0,2291800.0
298,2021-10-22 07:15:00,8730.0,600.0,2291500.0
299,2021-10-22 07:14:52,8740.0,5000.0,2290900.0
300,2021-10-22 07:14:46,8730.0,1400.0,2285900.0
301,2021-10-22 07:14:46,8730.0,100.0,2284500.0
302,2021-10-22 07:14:46,8730.0,1000.0,2284400.0
303,2021-10-22 07:14:46,8730.0,300.0,2283400.0
304,2021-10-22 07:14:46,8730.0,800.0,2283100.0
305,2021-10-22 07:14:46,8730.0,100.0,2282300.0
306,2021-10-22 07:14:45,8740.0,800.0,2282200.0
307,2021-10-22 07:14:43,8740.0,1000.0,2281400.0
308,2021-10-22 07:14:35,8740.0,200.0,2280400.0
309,2021-10-22 07:14:35,8740.0,200.0,2280200.0
310,2021-10-22 07:14:35,8740.0,300.0,2280000.0
311,2021-10-22 07:14:34,8750.0,300.0,2279700.0
312,2021-10-22 07:14:31,8750.0,300.0,2279400.0
313,2021-10-22 07:14:31,8750.0,1100.0,2279100.0
314,2021-10-22 07:14:30,8740.0,2500.0,2278000.0
315,2021-10-22 07:14:30,8740.0,3500.0,2275500.0
316,2021-10-22 07:14:22,8750.0,100.0,2272000.0
317,2021-10-22 07:14:21,8750.0,500.0,2271900.0
318,2021-10-22 07:14:15,8750.0,1000.0,2271400.0
319,2021-10-22 07:14:10,8750.0,200.0,2270400.0
320,2021-10-22 07:14:06,8750.0,200.0,2270200.0
321,2021-10-22 07:14:06,8750.0,800.0,2270000.0
322,2021-10-22 07:14:05,8740.0,5000.0,2269200.0
323,2021-10-22 07:14:01,8740.0,11500.0,2264200.0
324,2021-10-22 07:14:01,8740.0,200.0,2252700.0
325,2021-10-22 07:14:01,8740.0,300.0,2252500.0
326,2021-10-22 07:14:01,8740.0,200.0,2252200.0
327,2021-10-22 07:14:01,8740.0,100.0,2252000.0
328,2021-10-22 07:14:01,8740.0,100.0,2251900.0
329,2021-10-22 07:14:00,8750.0,1000.0,2251800.0
330,2021-10-22 07:13:59,8750.0,1000.0,2250800.0
331,2021-10-22 07:13:56,8750.0,500.0,2249800.0
332,2021-10-22 07:13:52,8750.0,1000.0,2249300.0
333,2021-10-22 07:13:49,8750.0,300.0,2248300.0
334,2021-10-22 07:13:49,8750.0,200.0,2248000.0
335,2021-10-22 07:13:49,8750.0,100.0,2247800.0
336,2021-10-22 07:13:49,8750.0,100.0,2247700.0
337,2021-10-22 07:13:49,8750.0,1000.0,2247600.0
338,2021-10-22 07:13:49,8750.0,2000.0,2246600.0
339,2021-10-22 07:13:37,8760.0,1000.0,2244600.0
340,2021-10-22 07:13:37,8760.0,1000.0,2243600.0
341,2021-10-22 07:13:32,8760.0,300.0,2242600.0
342,2021-10-22 07:13:00,8750.0,3700.0,2242300.0
343,2021-10-22 07:13:00,8750.0,100.0,2238600.0
344,2021-10-22 07:12:56,8750.0,200.0,2238500.0
345,2021-10-22 07:12:56,8750.0,500.0,2238300.0
346,2021-10-22 07:12:56,8750.0,500.0,2237800.0
347,2021-10-22 07:12:56,8750.0,200.0,2237300.0
348,2021-10-22 07:12:56,8750.0,200.0,2237100.0
349,2021-10-22 07:12:56,8750.0,200.0,2236900.0
350,2021-10-22 07:12:56,8750.0,900.0,2236700.0
351,2021-10-22 07:12:56,8750.0,500.0,2235800.0
352,2021-10-22 07:12:56,8750.0,500.0,2235300.0
353,2021-10-22 07:12:56,8750.0,300.0,2234800.0
354,2021-10-22 07:12:56,8750.0,900.0,2234500.0
355,2021-10-22 07:12:56,8750.0,500.0,2233600.0
356,2021-10-22 07:12:56,8750.0,2000.0,2233100.0
357,2021-10-22 07:12:56,8750.0,2000.0,2231100.0
358,2021-10-22 07:12:56,8750.0,5000.0,2229100.0
359,2021-10-22 07:12:56,8750.0,100.0,2224100.0
360,2021-10-22 07:12:56,8750.0,2000.0,2224000.0
361,2021-10-22 07:12:56,8750.0,1000.0,2222000.0
362,2021-10-22 07:12:56,8750.0,300.0,2221000.0
363,2021-10-22 07:12:56,8750.0,1000.0,2220700.0
364,2021-10-22 07:12:56,8750.0,600.0,2219700.0
365,2021-10-22 07:12:56,8750.0,1000.0,2219100.0
366,2021-10-22 07:12:56,8750.0,1000.0,2218100.0
367,2021-10-22 07:12:56,8750.0,2000.0,2217100.0
368,2021-10-22 07:12:56,8750.0,200.0,2215100.0
369,2021-10-22 07:12:56,8750.0,100.0,2214900.0
370,2021-10-22 07:12:56,8750.0,100.0,2214800.0
371,2021-10-22 07:12:56,8750.0,1500.0,2214700.0
372,2021-10-22 07:12:56,8750.0,200.0,2213200.0
373,2021-10-22 07:12:56,8750.0,200.0,2213000.0
374,2021-10-22 07:12:56,8750.0,300.0,2212800.0
375,2021-10-22 07:12:56,8750.0,600.0,2212500.0
376,2021-10-22 07:12:56,8750.0,500.0,2211900.0
377,2021-10-22 07:12:56,8750.0,800.0,2211400.0
378,2021-10-22 07:12:56,8750.0,500.0,2210600.0
379,2021-10-22 07:12:56,8750.0,2000.0,2210100.0
380,2021-10-22 07:12:56,8750.0,500.0,2208100.0
381,2021-10-22 07:12:56,8750.0,500.0,2207600.0
382,2021-10-22 07:12:56,8750.0,2000.0,2207100.0
383,2021-10-22 07:12:56,8750.0,500.0,2205100.0
384,2021-10-22 07:12:56,8750.0,3000.0,2204600.0
385,2021-10-22 07:12:56,8750.0,1900.0,2201600.0
386,2021-10-22 07:12:56,8760.0,1000.0,2199700.0
387,2021-10-22 07:12:56,8760.0,1100.0,2198700.0
388,2021-10-22 07:12:56,8760.0,1300.0,2197600.0
389,2021-10-22 07:12:56,8780.0,4000.0,2196300.0
390,2021-10-22 07:12:54,8780.0,1000.0,2192300.0
391,2021-10-22 07:12:51,8760.0,3700.0,2191300.0
392,2021-10-22 07:12:51,8760.0,600.0,2187600.0
393,2021-10-22 07:12:48,8780.0,2000.0,2187000.0
394,2021-10-22 07:12:47,8780.0,3000.0,2185000.0
395,2021-10-22 07:12:44,8780.0,200.0,2182000.0
396,2021-10-22 07:12:44,8780.0,300.0,2181800.0
397,2021-10-22 07:12:44,8780.0,1300.0,2181500.0
398,2021-10-22 07:12:39,8780.0,1000.0,2180200.0
399,2021-10-22 07:12:36,8780.0,600.0,2179200.0
400,2021-10-22 07:12:35,8780.0,100.0,2178600.0
401,2021-10-22 07:12:35,8780.0,300.0,2178500.0
402,2021-10-22 07:12:35,8780.0,100.0,2178200.0
403,2021-10-22 07:12:31,8780.0,100.0,2178100.0
404,2021-10-22 07:12:23,8780.0,1000.0,2178000.0
405,2021-10-22 07:12:23,8780.0,200.0,2177000.0
406,2021-10-22 07:12:23,8780.0,200.0,2176800.0
407,2021-10-22 07:12:23,8780.0,100.0,2176600.0
408,2021-10-22 07:12:23,8780.0,4700.0,2176500.0
409,2021-10-22 07:12:18,8790.0,300.0,2171800.0
410,2021-10-22 07:12:17,8790.0,400.0,2171500.0
411,2021-10-22 07:12:17,8790.0,1700.0,2171100.0
412,2021-10-22 07:11:53,8790.0,500.0,2169400.0
413,2021-10-22 07:11:52,8790.0,100.0,2168900.0
414,2021-10-22 07:11:34,8790.0,100.0,2168800.0
415,2021-10-22 07:11:19,8780.0,300.0,2168700.0
416,2021-10-22 07:11:19,8780.0,1200.0,2168400.0
417,2021-10-22 07:11:08,8780.0,100.0,2167200.0
418,2021-10-22 07:11:08,8780.0,200.0,2167100.0
419,2021-10-22 07:11:05,8790.0,100.0,2166900.0
420,2021-10-22 07:10:50,8800.0,200.0,2166800.0
421,2021-10-22 07:10:45,8800.0,500.0,2166600.0
422,2021-10-22 07:10:39,8800.0,1000.0,2166100.0
423,2021-10-22 07:10:29,8800.0,1000.0,2165100.0
424,2021-10-22 07:10:27,8800.0,3600.0,2164100.0
425,2021-10-22 07:10:22,8800.0,200.0,2160500.0
426,2021-10-22 07:10:20,8800.0,100.0,2160300.0
427,2021-10-22 07:10:15,8800.0,2000.0,2160200.0
428,2021-10-22 07:09:57,8800.0,400.0,2158200.0
429,2021-10-22 07:09:57,8800.0,1000.0,2157800.0
430,2021-10-22 07:09:51,8800.0,500.0,2156800.0
431,2021-10-22 07:09:31,8800.0,200.0,2156300.0
432,2021-10-22 07:09:22,8800.0,100.0,2156100.0
433,2021-10-22 07:09:22,8800.0,1000.0,2156000.0
434,2021-10-22 07:09:09,8810.0,400.0,2155000.0
435,2021-10-22 07:09:09,8800.0,500.0,2154600.0
436,2021-10-22 07:09:09,8800.0,1000.0,2154100.0
437,2021-10-22 07:09:07,8800.0,400.0,2153100.0
438,2021-10-22 07:09:00,8800.0,600.0,2152700.0
439,2021-10-22 07:09:00,8800.0,1000.0,2152100.0
440,2021-10-22 07:09:00,8800.0,8700.0,2151100.0
441,2021-10-22 07:09:00,8800.0,19700.0,2142400.0
442,2021-10-22 07:08:33,8800.0,100.0,2122700.0
443,2021-10-22 07:08:09,8800.0,100.0,2122600.0
444,2021-10-22 07:07:39,8800.0,100.0,2122500.0
445,2021-10-22 07:07:10,8750.0,100.0,2122400.0
446,2021-10-22 07:07:10,8750.0,500.0,2122300.0
447,2021-10-22 07:07:10,8750.0,2000.0,2121800.0
448,2021-10-22 07:07:10,8750.0,1300.0,2119800.0
449,2021-10-22 07:07:10,8750.0,700.0,2118500.0
450,2021-10-22 07:07:10,8750.0,200.0,2117800.0
451,2021-10-22 07:07:10,8750.0,200.0,2117600.0
452,2021-10-22 07:07:10,8750.0,100.0,2117400.0
453,2021-10-22 07:07:10,8750.0,500.0,2117300.0
454,2021-10-22 07:07:10,8750.0,100.0,2116800.0
455,2021-10-22 07:07:10,8750.0,200.0,2116700.0
456,2021-10-22 07:07:10,8750.0,5000.0,2116500.0
457,2021-10-22 07:07:10,8750.0,10000.0,2111500.0
458,2021-10-22 07:07:10,8750.0,300.0,2101500.0
459,2021-10-22 07:07:10,8750.0,1000.0,2101200.0
460,2021-10-22 07:07:10,8750.0,500.0,2100200.0
461,2021-10-22 07:07:10,8750.0,500.0,2099700.0
462,2021-10-22 07:07:10,8750.0,1400.0,2099200.0
463,2021-10-22 07:07:10,8780.0,200.0,2097800.0
464,2021-10-22 07:07:10,8780.0,2000.0,2097600.0
465,2021-10-22 07:07:10,8780.0,1000.0,2095600.0
466,2021-10-22 07:07:10,8780.0,2200.0,2094600.0
467,2021-10-22 07:07:02,8780.0,1000.0,2092400.0
468,2021-10-22 07:06:53,8780.0,1800.0,2091400.0
469,2021-10-22 07:06:40,8750.0,1600.0,2089600.0
470,2021-10-22 07:06:40,8760.0,400.0,2088000.0
471,2021-10-22 07:06:27,8750.0,2000.0,2087600.0
472,2021-10-22 07:06:27,8750.0,1000.0,2085600.0
473,2021-10-22 07:06:27,8750.0,500.0,2084600.0
474,2021-10-22 07:06:27,8750.0,4500.0,2084100.0
475,2021-10-22 07:06:27,8760.0,1000.0,2079600.0
476,2021-10-22 07:06:27,8760.0,300.0,2078600.0
477,2021-10-22 07:06:27,8760.0,1000.0,2078300.0
478,2021-10-22 07:06:27,8760.0,2000.0,2077300.0
479,2021-10-22 07:06:27,8760.0,5000.0,2075300.0
480,2021-10-22 07:06:27,8760.0,900.0,2070300.0
481,2021-10-22 07:06:27,8760.0,500.0,2069400.0
482,2021-10-22 07:06:27,8760.0,1000.0,2068900.0
483,2021-10-22 07:06:27,8760.0,1000.0,2067900.0
484,2021-10-22 07:06:27,8760.0,300.0,2066900.0
485,2021-10-22 07:06:27,8760.0,500.0,2066600.0
486,2021-10-22 07:06:27,8760.0,1000.0,2066100.0
487,2021-10-22 07:06:27,8760.0,1000.0,2065100.0
488,2021-10-22 07:06:27,8760.0,1200.0,2064100.0
489,2021-10-22 07:06:27,8760.0,200.0,2062900.0
490,2021-10-22 07:06:27,8760.0,100.0,2062700.0
491,2021-10-22 07:06:27,8770.0,500.0,2062600.0
492,2021-10-22 07:06:27,8770.0,500.0,2062100.0
493,2021-10-22 07:06:27,8770.0,200.0,2061600.0
494,2021-10-22 07:06:27,8770.0,100.0,2061400.0
495,2021-10-22 07:06:27,8770.0,3700.0,2061300.0
496,2021-10-22 07:06:26,8770.0,1300.0,2057600.0
497,2021-10-22 07:06:21,8780.0,200.0,2056300.0
498,2021-10-22 07:06:21,8780.0,1000.0,2056100.0
499,2021-10-22 07:06:21,8780.0,600.0,2055100.0
500,2021-10-22 07:06:21,8780.0,2000.0,2054500.0
501,2021-10-22 07:06:21,8780.0,300.0,2052500.0
502,2021-10-22 07:06:21,8780.0,300.0,2052200.0
503,2021-10-22 07:06:21,8780.0,6000.0,2051900.0
504,2021-10-22 07:06:21,8780.0,500.0,2045900.0
505,2021-10-22 07:06:21,8780.0,2000.0,2045400.0
506,2021-10-22 07:06:21,8780.0,200.0,2043400.0
507,2021-10-22 07:06:21,8780.0,1000.0,2043200.0
508,2021-10-22 07:06:21,8780.0,100.0,2042200.0
509,2021-10-22 07:06:21,8780.0,1000.0,2042100.0
510,2021-10-22 07:06:21,8780.0,200.0,2041100.0
511,2021-10-22 07:06:21,8790.0,500.0,2040900.0
512,2021-10-22 07:06:21,8790.0,500.0,2040400.0
513,2021-10-22 07:06:21,8790.0,1000.0,2039900.0
514,2021-10-22 07:06:21,8790.0,2000.0,2038900.0
515,2021-10-22 07:06:21,8790.0,100.0,2036900.0
516,2021-10-22 07:06:21,8790.0,1000.0,2036800.0
517,2021-10-22 07:06:21,8790.0,200.0,2035800.0
518,2021-10-22 07:06:21,8790.0,200.0,2035600.0
519,2021-10-22 07:06:21,8790.0,300.0,2035400.0
520,2021-10-22 07:06:21,8790.0,1000.0,2035100.0
521,2021-10-22 07:06:21,8790.0,1000.0,2034100.0
522,2021-10-22 07:06:21,8790.0,200.0,2033100.0
523,2021-10-22 07:06:21,8790.0,200.0,2032900.0
524,2021-10-22 07:06:21,8790.0,200.0,2032700.0
525,2021-10-22 07:06:21,8790.0,200.0,2032500.0
526,2021-10-22 07:06:21,8790.0,900.0,2032300.0
527,2021-10-22 07:06:21,8800.0,100.0,2031400.0
528,2021-10-22 07:06:21,8800.0,500.0,2031300.0
529,2021-10-22 07:06:21,8800.0,600.0,2030800.0
530,2021-10-22 07:06:21,8800.0,2100.0,2030200.0
531,2021-10-22 07:06:20,8800.0,2000.0,2028100.0
532,2021-10-22 07:06:15,8800.0,900.0,2026100.0
533,2021-10-22 07:06:02,8800.0,100.0,2025200.0
534,2021-10-22 07:05:28,8800.0,100.0,2025100.0
535,2021-10-22 07:05:28,8800.0,300.0,2025000.0
536,2021-10-22 07:05:25,8800.0,200.0,2024700.0
537,2021-10-22 07:05:25,8800.0,300.0,2024500.0
538,2021-10-22 07:05:21,8800.0,400.0,2024200.0
539,2021-10-22 07:05:18,8800.0,100.0,2023800.0
540,2021-10-22 07:05:03,8800.0,700.0,2023700.0
541,2021-10-22 07:05:03,8800.0,200.0,2023000.0
542,2021-10-22 07:05:03,8800.0,4100.0,2022800.0
543,2021-10-22 07:04:51,8800.0,900.0,2018700.0
544,2021-10-22 07:04:42,8800.0,200.0,2017800.0
545,2021-10-22 07:04:42,8800.0,100.0,2017600.0
546,2021-10-22 07:04:42,8800.0,100.0,2017500.0
547,2021-10-22 07:04:42,8800.0,100.0,2017400.0
548,2021-10-22 07:04:42,8800.0,500.0,2017300.0
549,2021-10-22 07:04:34,8800.0,500.0,2016800.0
550,2021-10-22 07:04:23,8800.0,500.0,2016300.0
551,2021-10-22 07:04:23,8800.0,500.0,2015800.0
552,2021-10-22 07:04:16,8800.0,500.0,2015300.0
553,2021-10-22 07:04:10,8800.0,1000.0,2014800.0
554,2021-10-22 07:04:10,8800.0,1000.0,2013800.0
555,2021-10-22 07:04:10,8800.0,200.0,2012800.0
556,2021-10-22 07:04:10,8800.0,200.0,2012600.0
557,2021-10-22 07:04:10,8800.0,1900.0,2012400.0
558,2021-10-22 07:04:10,8800.0,1000.0,2010500.0
559,2021-10-22 07:04:10,8800.0,500.0,2009500.0
560,2021-10-22 07:04:10,8800.0,500.0,2009000.0
561,2021-10-22 07:04:10,8800.0,100.0,2008500.0
562,2021-10-22 07:04:10,8800.0,200.0,2008400.0
563,2021-10-22 07:04:10,8800.0,2100.0,2008200.0
564,2021-10-22 07:03:55,8800.0,200.0,2006100.0
565,2021-10-22 07:03:44,8800.0,200.0,2005900.0
566,2021-10-22 07:03:25,8810.0,1000.0,2005700.0
567,2021-10-22 07:02:55,8810.0,200.0,2004700.0
568,2021-10-22 07:02:32,8810.0,3700.0,2004500.0
569,2021-10-22 07:02:24,8810.0,1300.0,2000800.0
570,2021-10-22 07:02:24,8810.0,100.0,1999500.0
571,2021-10-22 07:02:24,8810.0,500.0,1999400.0
572,2021-10-22 07:02:24,8810.0,1000.0,1998900.0
573,2021-10-22 07:02:24,8810.0,600.0,1997900.0
574,2021-10-22 07:02:24,8810.0,100.0,1997300.0
575,2021-10-22 07:02:07,8810.0,100.0,1997200.0
576,2021-10-22 07:02:07,8810.0,200.0,1997100.0
577,2021-10-22 07:02:04,8810.0,1000.0,1996900.0
578,2021-10-22 07:01:45,8810.0,200.0,1995900.0
579,2021-10-22 07:01:41,8810.0,800.0,1995700.0
580,2021-10-22 07:01:35,8810.0,1000.0,1994900.0
581,2021-10-22 07:01:07,8800.0,1600.0,1993900.0
582,2021-10-22 07:01:07,8800.0,100.0,1992300.0
583,2021-10-22 07:01:07,8800.0,600.0,1992200.0
584,2021-10-22 07:01:07,8800.0,200.0,1991600.0
585,2021-10-22 07:00:58,8800.0,300.0,1991400.0
586,2021-10-22 07:00:58,8800.0,100.0,1991100.0
587,2021-10-22 07:00:46,8800.0,400.0,1991000.0
588,2021-10-22 06:59:29,8790.0,500.0,1990600.0
589,2021-10-22 06:59:29,8790.0,800.0,1990100.0
590,2021-10-22 06:59:29,8790.0,900.0,1989300.0
591,2021-10-22 06:59:10,8790.0,100.0,1988400.0
592,2021-10-22 06:59:09,8790.0,1000.0,1988300.0
593,2021-10-22 06:59:06,8790.0,4000.0,1987300.0
594,2021-10-22 06:59:04,8780.0,1800.0,1983300.0
595,2021-10-22 06:59:04,8780.0,2000.0,1981500.0
596,2021-10-22 06:59:04,8780.0,200.0,1979500.0
597,2021-10-22 06:58:46,8790.0,1000.0,1979300.0
598,2021-10-22 06:58:40,8790.0,1000.0,1978300.0
599,2021-10-22 06:58:38,8790.0,100.0,1977300.0
600,2021-10-22 06:58:25,8790.0,2000.0,1977200.0
601,2021-10-22 06:58:15,8790.0,300.0,1975200.0
602,2021-10-22 06:58:10,8790.0,1000.0,1974900.0
603,2021-10-22 06:57:44,8790.0,1300.0,1973900.0
604,2021-10-22 06:57:44,8780.0,700.0,1972600.0
605,2021-10-22 06:57:43,8780.0,2000.0,1971900.0
606,2021-10-22 06:57:43,8780.0,200.0,1969900.0
607,2021-10-22 06:57:43,8780.0,1000.0,1969700.0
608,2021-10-22 06:57:43,8780.0,5700.0,1968700.0
609,2021-10-22 06:57:43,8780.0,200.0,1963000.0
610,2021-10-22 06:57:43,8780.0,200.0,1962800.0
611,2021-10-22 06:57:41,8790.0,1000.0,1962600.0
612,2021-10-22 06:57:36,8790.0,4000.0,1961600.0
613,2021-10-22 06:57:16,8790.0,1000.0,1957600.0
614,2021-10-22 06:57:11,8780.0,100.0,1956600.0
615,2021-10-22 06:56:57,8780.0,600.0,1956500.0
616,2021-10-22 06:56:52,8780.0,500.0,1955900.0
617,2021-10-22 06:56:50,8780.0,1000.0,1955400.0
618,2021-10-22 06:56:45,8780.0,500.0,1954400.0
619,2021-10-22 06:56:36,8780.0,1000.0,1953900.0
620,2021-10-22 06:56:32,8780.0,2000.0,1952900.0
621,2021-10-22 06:56:30,8750.0,500.0,1950900.0
622,2021-10-22 06:56:30,8750.0,9500.0,1950400.0
623,2021-10-22 06:56:26,8760.0,500.0,1940900.0
624,2021-10-22 06:56:26,8770.0,1000.0,1940400.0
625,2021-10-22 06:56:24,8780.0,100.0,1939400.0
626,2021-10-22 06:56:06,8780.0,100.0,1939300.0
627,2021-10-22 06:56:06,8780.0,200.0,1939200.0
628,2021-10-22 06:56:00,8750.0,500.0,1939000.0
629,2021-10-22 06:56:00,8760.0,100.0,1938500.0
630,2021-10-22 06:56:00,8770.0,300.0,1938400.0
631,2021-10-22 06:55:57,8780.0,100.0,1938100.0
632,2021-10-22 06:55:57,8780.0,500.0,1938000.0
633,2021-10-22 06:55:57,8780.0,1000.0,1937500.0
634,2021-10-22 06:55:57,8780.0,400.0,1936500.0
635,2021-10-22 06:55:57,8780.0,500.0,1936100.0
636,2021-10-22 06:55:57,8780.0,2000.0,1935600.0
637,2021-10-22 06:55:57,8780.0,9500.0,1933600.0
638,2021-10-22 06:55:55,8780.0,500.0,1924100.0
639,2021-10-22 06:55:45,8790.0,100.0,1923600.0
640,2021-10-22 06:55:45,8790.0,2000.0,1923500.0
641,2021-10-22 06:55:45,8790.0,1000.0,1921500.0
642,2021-10-22 06:55:45,8790.0,100.0,1920500.0
643,2021-10-22 06:55:45,8790.0,200.0,1920400.0
644,2021-10-22 06:55:45,8790.0,500.0,1920200.0
645,2021-10-22 06:55:45,8790.0,100.0,1919700.0
646,2021-10-22 06:55:45,8790.0,5000.0,1919600.0
647,2021-10-22 06:55:45,8790.0,200.0,1914600.0
648,2021-10-22 06:55:45,8790.0,2000.0,1914400.0
649,2021-10-22 06:55:45,8790.0,100.0,1912400.0
650,2021-10-22 06:55:34,8800.0,500.0,1912300.0
651,2021-10-22 06:55:30,8800.0,1000.0,1911800.0
652,2021-10-22 06:55:25,8800.0,800.0,1910800.0
653,2021-10-22 06:55:24,8800.0,500.0,1910000.0
654,2021-10-22 06:55:22,8800.0,200.0,1909500.0
655,2021-10-22 06:55:21,8800.0,1500.0,1909300.0
656,2021-10-22 06:55:21,8800.0,800.0,1907800.0
657,2021-10-22 06:55:21,8800.0,500.0,1907000.0
658,2021-10-22 06:55:21,8800.0,500.0,1906500.0
659,2021-10-22 06:55:21,8800.0,700.0,1906000.0
660,2021-10-22 06:55:21,8800.0,500.0,1905300.0
661,2021-10-22 06:55:21,8800.0,2000.0,1904800.0
662,2021-10-22 06:55:21,8800.0,2000.0,1902800.0
663,2021-10-22 06:55:21,8800.0,1000.0,1900800.0
664,2021-10-22 06:55:21,8800.0,500.0,1899800.0
665,2021-10-22 06:55:21,8800.0,200.0,1899300.0
666,2021-10-22 06:55:21,8800.0,200.0,1899100.0
667,2021-10-22 06:55:21,8800.0,1500.0,1898900.0
668,2021-10-22 06:55:21,8800.0,1000.0,1897400.0
669,2021-10-22 06:55:21,8800.0,100.0,1896400.0
670,2021-10-22 06:55:21,8800.0,500.0,1896300.0
671,2021-10-22 06:55:21,8800.0,100.0,1895800.0
672,2021-10-22 06:55:21,8800.0,1000.0,1895700.0
673,2021-10-22 06:55:21,8800.0,200.0,1894700.0
674,2021-10-22 06:55:21,8800.0,200.0,1894500.0
675,2021-10-22 06:55:21,8800.0,500.0,1894300.0
676,2021-10-22 06:55:21,8800.0,1000.0,1893800.0
677,2021-10-22 06:55:21,8800.0,500.0,1892800.0
678,2021-10-22 06:55:21,8800.0,100.0,1892300.0
679,2021-10-22 06:55:21,8800.0,1000.0,1892200.0
680,2021-10-22 06:55:21,8800.0,100.0,1891200.0
681,2021-10-22 06:55:21,8800.0,200.0,1891100.0
682,2021-10-22 06:55:21,8800.0,500.0,1890900.0
683,2021-10-22 06:55:21,8800.0,1000.0,1890400.0
684,2021-10-22 06:55:21,8800.0,100.0,1889400.0
685,2021-10-22 06:55:21,8800.0,3000.0,1889300.0
686,2021-10-22 06:55:21,8800.0,1000.0,1886300.0
687,2021-10-22 06:55:21,8800.0,1000.0,1885300.0
688,2021-10-22 06:55:21,8800.0,1000.0,1884300.0
689,2021-10-22 06:55:21,8800.0,2000.0,1883300.0
690,2021-10-22 06:55:21,8800.0,500.0,1881300.0
691,2021-10-22 06:55:21,8800.0,100.0,1880800.0
692,2021-10-22 06:55:21,8800.0,300.0,1880700.0
693,2021-10-22 06:55:21,8800.0,200.0,1880400.0
694,2021-10-22 06:55:21,8800.0,200.0,1880200.0
695,2021-10-22 06:55:21,8800.0,500.0,1880000.0
696,2021-10-22 06:55:21,8800.0,3500.0,1879500.0
697,2021-10-22 06:55:19,8810.0,8000.0,1876000.0
698,2021-10-22 06:55:17,8810.0,100.0,1868000.0
699,2021-10-22 06:55:15,8800.0,2700.0,1867900.0
700,2021-10-22 06:55:12,8810.0,600.0,1865200.0
701,2021-10-22 06:55:12,8810.0,400.0,1864600.0
702,2021-10-22 06:55:12,8810.0,1000.0,1864200.0
703,2021-10-22 06:55:12,8810.0,1600.0,1863200.0
704,2021-10-22 06:55:09,8810.0,100.0,1861600.0
705,2021-10-22 06:55:05,8810.0,500.0,1861500.0
706,2021-10-22 06:54:57,8810.0,500.0,1861000.0
707,2021-10-22 06:54:53,8810.0,800.0,1860500.0
708,2021-10-22 06:54:51,8810.0,1700.0,1859700.0
709,2021-10-22 06:54:51,8810.0,300.0,1858000.0
710,2021-10-22 06:54:47,8810.0,2000.0,1857700.0
711,2021-10-22 06:54:47,8810.0,1000.0,1855700.0
712,2021-10-22 06:54:47,8810.0,100.0,1854700.0
713,2021-10-22 06:54:47,8810.0,5600.0,1854600.0
714,2021-10-22 06:54:21,8810.0,400.0,1849000.0
715,2021-10-22 06:53:48,8800.0,3500.0,1848600.0
716,2021-10-22 06:53:48,8810.0,500.0,1845100.0
717,2021-10-22 06:53:22,8800.0,300.0,1844600.0
718,2021-10-22 06:53:22,8800.0,200.0,1844300.0
719,2021-10-22 06:53:22,8800.0,200.0,1844100.0
720,2021-10-22 06:53:22,8800.0,3000.0,1843900.0
721,2021-10-22 06:53:22,8800.0,300.0,1840900.0
722,2021-10-22 06:53:22,8800.0,500.0,1840600.0
723,2021-10-22 06:53:22,8800.0,100.0,1840100.0
724,2021-10-22 06:53:22,8800.0,4600.0,1840000.0
725,2021-10-22 06:53:22,8800.0,100.0,1835400.0
726,2021-10-22 06:53:22,8800.0,300.0,1835300.0
727,2021-10-22 06:53:22,8800.0,100.0,1835000.0
728,2021-10-22 06:53:22,8800.0,2000.0,1834900.0
729,2021-10-22 06:53:22,8800.0,100.0,1832900.0
730,2021-10-22 06:53:22,8800.0,500.0,1832800.0
731,2021-10-22 06:53:22,8800.0,200.0,1832300.0
732,2021-10-22 06:53:22,8800.0,400.0,1832100.0
733,2021-10-22 06:53:22,8800.0,200.0,1831700.0
734,2021-10-22 06:53:22,8800.0,100.0,1831500.0
735,2021-10-22 06:53:22,8800.0,1500.0,1831400.0
736,2021-10-22 06:53:22,8800.0,100.0,1829900.0
737,2021-10-22 06:53:22,8800.0,100.0,1829800.0
738,2021-10-22 06:53:22,8800.0,2000.0,1829700.0
739,2021-10-22 06:53:22,8800.0,500.0,1827700.0
740,2021-10-22 06:53:22,8800.0,5000.0,1827200.0
741,2021-10-22 06:53:22,8800.0,1000.0,1822200.0
742,2021-10-22 06:53:22,8800.0,6000.0,1821200.0
743,2021-10-22 06:53:22,8800.0,500.0,1815200.0
744,2021-10-22 06:53:22,8800.0,100.0,1814700.0
745,2021-10-22 06:53:22,8800.0,2000.0,1814600.0
746,2021-10-22 06:53:22,8800.0,2000.0,1812600.0
747,2021-10-22 06:53:22,8800.0,1000.0,1810600.0
748,2021-10-22 06:53:22,8800.0,5000.0,1809600.0
749,2021-10-22 06:53:22,8800.0,2000.0,1804600.0
750,2021-10-22 06:53:22,8800.0,300.0,1802600.0
751,2021-10-22 06:53:22,8800.0,100.0,1802300.0
752,2021-10-22 06:53:22,8800.0,1000.0,1802200.0
753,2021-10-22 06:53:22,8800.0,20000.0,1801200.0
754,2021-10-22 06:53:22,8800.0,2000.0,1781200.0
755,2021-10-22 06:53:22,8800.0,1000.0,1779200.0
756,2021-10-22 06:53:22,8800.0,500.0,1778200.0
757,2021-10-22 06:53:22,8800.0,400.0,1777700.0
758,2021-10-22 06:53:22,8800.0,1500.0,1777300.0
759,2021-10-22 06:53:22,8800.0,100.0,1775800.0
760,2021-10-22 06:53:22,8800.0,100.0,1775700.0
761,2021-10-22 06:53:22,8800.0,1000.0,1775600.0
762,2021-10-22 06:53:22,8800.0,500.0,1774600.0
763,2021-10-22 06:53:22,8800.0,1000.0,1774100.0
764,2021-10-22 06:53:22,8800.0,100.0,1773100.0
765,2021-10-22 06:53:22,8800.0,200.0,1773000.0
766,2021-10-22 06:53:22,8800.0,100.0,1772800.0
767,2021-10-22 06:53:22,8800.0,200.0,1772700.0
768,2021-10-22 06:53:22,8800.0,100.0,1772500.0
769,2021-10-22 06:53:22,8800.0,500.0,1772400.0
770,2021-10-22 06:53:22,8800.0,1000.0,1771900.0
771,2021-10-22 06:53:22,8800.0,500.0,1770900.0
772,2021-10-22 06:53:22,8800.0,100.0,1770400.0
773,2021-10-22 06:53:22,8800.0,1000.0,1770300.0
774,2021-10-22 06:53:22,8800.0,500.0,1769300.0
775,2021-10-22 06:53:22,8800.0,100.0,1768800.0
776,2021-10-22 06:53:22,8800.0,300.0,1768700.0
777,2021-10-22 06:53:22,8800.0,900.0,1768400.0
778,2021-10-22 06:53:22,8800.0,1000.0,1767500.0
779,2021-10-22 06:53:22,8800.0,29000.0,1766500.0
780,2021-10-22 06:53:22,8800.0,1000.0,1737500.0
781,2021-10-22 06:53:22,8800.0,10000.0,1736500.0
782,2021-10-22 06:53:22,8800.0,1000.0,1726500.0
783,2021-10-22 06:53:22,8800.0,2000.0,1725500.0
784,2021-10-22 06:53:22,8800.0,1000.0,1723500.0
785,2021-10-22 06:53:22,8800.0,1000.0,1722500.0
786,2021-10-22 06:53:22,8800.0,100.0,1721500.0
787,2021-10-22 06:53:22,8800.0,200.0,1721400.0
788,2021-10-22 06:53:22,8800.0,1000.0,1721200.0
789,2021-10-22 06:53:22,8800.0,1500.0,1720200.0
790,2021-10-22 06:53:22,8800.0,1000.0,1718700.0
791,2021-10-22 06:53:22,8800.0,300.0,1717700.0
792,2021-10-22 06:53:22,8800.0,500.0,1717400.0
793,2021-10-22 06:53:22,8800.0,1000.0,1716900.0
794,2021-10-22 06:53:22,8800.0,5000.0,1715900.0
795,2021-10-22 06:53:22,8800.0,5000.0,1710900.0
796,2021-10-22 06:53:22,8800.0,500.0,1705900.0
797,2021-10-22 06:53:22,8800.0,100.0,1705400.0
798,2021-10-22 06:53:22,8800.0,100.0,1705300.0
799,2021-10-22 06:53:22,8800.0,500.0,1705200.0
800,2021-10-22 06:53:22,8800.0,1000.0,1704700.0
801,2021-10-22 06:53:22,8800.0,1000.0,1703700.0
802,2021-10-22 06:53:22,8800.0,200.0,1702700.0
803,2021-10-22 06:53:22,8800.0,100.0,1702500.0
804,2021-10-22 06:53:22,8800.0,1000.0,1702400.0
805,2021-10-22 06:53:22,8800.0,1000.0,1701400.0
806,2021-10-22 06:53:22,8800.0,500.0,1700400.0
807,2021-10-22 06:53:22,8800.0,100.0,1699900.0
808,2021-10-22 06:53:22,8800.0,500.0,1699800.0
809,2021-10-22 06:53:22,8800.0,300.0,1699300.0
810,2021-10-22 06:53:22,8800.0,200.0,1699000.0
811,2021-10-22 06:53:22,8800.0,1000.0,1698800.0
812,2021-10-22 06:53:22,8800.0,100.0,1697800.0
813,2021-10-22 06:53:22,8800.0,500.0,1697700.0
814,2021-10-22 06:53:22,8800.0,200.0,1697200.0
815,2021-10-22 06:53:22,8800.0,300.0,1697000.0
816,2021-10-22 06:53:22,8800.0,1000.0,1696700.0
817,2021-10-22 06:53:22,8800.0,2000.0,1695700.0
818,2021-10-22 06:53:22,8800.0,2000.0,1693700.0
819,2021-10-22 06:53:22,8800.0,300.0,1691700.0
820,2021-10-22 06:53:22,8800.0,200.0,1691400.0
821,2021-10-22 06:53:22,8800.0,500.0,1691200.0
822,2021-10-22 06:53:22,8800.0,1000.0,1690700.0
823,2021-10-22 06:53:22,8800.0,100.0,1689700.0
824,2021-10-22 06:53:22,8800.0,1300.0,1689600.0
825,2021-10-22 06:53:22,8800.0,500.0,1688300.0
826,2021-10-22 06:53:22,8800.0,500.0,1687800.0
827,2021-10-22 06:53:22,8800.0,5000.0,1687300.0
828,2021-10-22 06:53:22,8800.0,1000.0,1682300.0
829,2021-10-22 06:53:22,8800.0,500.0,1681300.0
830,2021-10-22 06:53:22,8800.0,1000.0,1680800.0
831,2021-10-22 06:53:22,8800.0,300.0,1679800.0
832,2021-10-22 06:53:22,8800.0,100.0,1679500.0
833,2021-10-22 06:53:22,8800.0,100.0,1679400.0
834,2021-10-22 06:53:22,8800.0,300.0,1679300.0
835,2021-10-22 06:53:22,8810.0,300.0,1679000.0
836,2021-10-22 06:53:22,8810.0,500.0,1678700.0
837,2021-10-22 06:53:22,8810.0,300.0,1678200.0
838,2021-10-22 06:53:22,8810.0,200.0,1677900.0
839,2021-10-22 06:53:22,8810.0,200.0,1677700.0
840,2021-10-22 06:53:22,8810.0,100.0,1677500.0
841,2021-10-22 06:53:22,8810.0,400.0,1677400.0
842,2021-10-22 06:53:22,8810.0,200.0,1677000.0
843,2021-10-22 06:53:22,8810.0,3000.0,1676800.0
844,2021-10-22 06:53:22,8810.0,500.0,1673800.0
845,2021-10-22 06:53:22,8810.0,1000.0,1673300.0
846,2021-10-22 06:53:22,8810.0,700.0,1672300.0
847,2021-10-22 06:53:22,8810.0,2000.0,1671600.0
848,2021-10-22 06:53:22,8810.0,700.0,1669600.0
849,2021-10-22 06:53:22,8810.0,200.0,1668900.0
850,2021-10-22 06:53:22,8810.0,2100.0,1668700.0
851,2021-10-22 06:53:22,8810.0,1000.0,1666600.0
852,2021-10-22 06:53:22,8810.0,1000.0,1665600.0
853,2021-10-22 06:53:22,8810.0,1000.0,1664600.0
854,2021-10-22 06:53:22,8810.0,2000.0,1663600.0
855,2021-10-22 06:53:22,8810.0,1000.0,1661600.0
856,2021-10-22 06:53:22,8810.0,1000.0,1660600.0
857,2021-10-22 06:53:22,8810.0,900.0,1659600.0
858,2021-10-22 06:53:22,8810.0,400.0,1658700.0
859,2021-10-22 06:53:22,8810.0,2000.0,1658300.0
860,2021-10-22 06:53:22,8810.0,500.0,1656300.0
861,2021-10-22 06:53:22,8810.0,100.0,1655800.0
862,2021-10-22 06:53:22,8810.0,1000.0,1655700.0
863,2021-10-22 06:53:22,8810.0,100.0,1654700.0
864,2021-10-22 06:53:22,8810.0,1000.0,1654600.0
865,2021-10-22 06:53:22,8820.0,500.0,1653600.0
866,2021-10-22 06:53:22,8820.0,500.0,1653100.0
867,2021-10-22 06:53:22,8820.0,200.0,1652600.0
868,2021-10-22 06:53:22,8820.0,500.0,1652400.0
869,2021-10-22 06:53:22,8820.0,100.0,1651900.0
870,2021-10-22 06:53:22,8820.0,1900.0,1651800.0
871,2021-10-22 06:53:22,8820.0,100.0,1649900.0
872,2021-10-22 06:53:22,8820.0,100.0,1649800.0
873,2021-10-22 06:53:22,8820.0,800.0,1649700.0
874,2021-10-22 06:53:22,8820.0,300.0,1648900.0
875,2021-10-22 06:53:22,8820.0,100.0,1648600.0
876,2021-10-22 06:53:22,8820.0,1200.0,1648500.0
877,2021-10-22 06:53:22,8830.0,100.0,1647300.0
878,2021-10-22 06:53:22,8830.0,100.0,1647200.0
879,2021-10-22 06:53:22,8830.0,500.0,1647100.0
880,2021-10-22 06:53:22,8830.0,2000.0,1646600.0
881,2021-10-22 06:52:43,8830.0,1000.0,1644600.0
882,2021-10-22 06:52:41,8830.0,300.0,1643600.0
883,2021-10-22 06:52:35,8830.0,1000.0,1643300.0
884,2021-10-22 06:52:14,8830.0,100.0,1642300.0
885,2021-10-22 06:52:12,8830.0,5000.0,1642200.0
886,2021-10-22 06:52:09,8830.0,100.0,1637200.0
887,2021-10-22 06:51:58,8830.0,700.0,1637100.0
888,2021-10-22 06:51:46,8830.0,100.0,1636400.0
889,2021-10-22 06:51:45,8820.0,4200.0,1636300.0
890,2021-10-22 06:51:45,8820.0,1800.0,1632100.0
891,2021-10-22 06:51:45,8820.0,2000.0,1630300.0
892,2021-10-22 06:51:45,8820.0,2000.0,1628300.0
893,2021-10-22 06:51:34,8830.0,500.0,1626300.0
894,2021-10-22 06:51:34,8830.0,500.0,1625800.0
895,2021-10-22 06:51:34,8830.0,700.0,1625300.0
896,2021-10-22 06:51:34,8830.0,1000.0,1624600.0
897,2021-10-22 06:51:34,8830.0,2000.0,1623600.0
898,2021-10-22 06:51:34,8830.0,300.0,1621600.0
899,2021-10-22 06:51:34,8830.0,2000.0,1621300.0
900,2021-10-22 06:51:34,8830.0,500.0,1619300.0
901,2021-10-22 06:51:34,8830.0,200.0,1618800.0
902,2021-10-22 06:51:34,8830.0,200.0,1618600.0
903,2021-10-22 06:51:34,8830.0,1000.0,1618400.0
904,2021-10-22 06:51:34,8830.0,900.0,1617400.0
905,2021-10-22 06:51:34,8830.0,1000.0,1616500.0
906,2021-10-22 06:51:34,8830.0,700.0,1615500.0
907,2021-10-22 06:51:34,8830.0,1000.0,1614800.0
908,2021-10-22 06:51:34,8830.0,100.0,1613800.0
909,2021-10-22 06:51:34,8830.0,100.0,1613700.0
910,2021-10-22 06:51:25,8840.0,200.0,1613600.0
911,2021-10-22 06:51:25,8840.0,800.0,1613400.0
912,2021-10-22 06:51:02,8840.0,1000.0,1612600.0
913,2021-10-22 06:50:59,8840.0,100.0,1611600.0
914,2021-10-22 06:50:49,8840.0,3900.0,1611500.0
915,2021-10-22 06:50:45,8840.0,6100.0,1607600.0
916,2021-10-22 06:50:45,8840.0,5000.0,1601500.0
917,2021-10-22 06:50:45,8840.0,1200.0,1596500.0
918,2021-10-22 06:50:45,8840.0,1000.0,1595300.0
919,2021-10-22 06:50:45,8840.0,4000.0,1594300.0
920,2021-10-22 06:50:45,8840.0,2500.0,1590300.0
921,2021-10-22 06:50:45,8840.0,200.0,1587800.0
922,2021-10-22 06:50:39,8850.0,10000.0,1587600.0
923,2021-10-22 06:50:11,8850.0,100.0,1577600.0
924,2021-10-22 06:50:03,8850.0,500.0,1577500.0
925,2021-10-22 06:49:45,8850.0,300.0,1577000.0
926,2021-10-22 06:49:42,8850.0,1000.0,1576700.0
927,2021-10-22 06:49:17,8850.0,300.0,1575700.0
928,2021-10-22 06:48:59,8850.0,1000.0,1575400.0
929,2021-10-22 06:48:35,8840.0,600.0,1574400.0
930,2021-10-22 06:48:35,8840.0,200.0,1573800.0
931,2021-10-22 06:48:25,8840.0,100.0,1573600.0
932,2021-10-22 06:48:18,8840.0,100.0,1573500.0
933,2021-10-22 06:48:05,8840.0,200.0,1573400.0
934,2021-10-22 06:47:55,8840.0,1300.0,1573200.0
935,2021-10-22 06:47:55,8840.0,2500.0,1571900.0
936,2021-10-22 06:47:39,8840.0,6000.0,1569400.0
937,2021-10-22 06:47:37,8840.0,2000.0,1563400.0
938,2021-10-22 06:47:12,8840.0,200.0,1561400.0
939,2021-10-22 06:46:58,8840.0,1000.0,1561200.0
940,2021-10-22 06:46:50,8840.0,100.0,1560200.0
941,2021-10-22 06:46:40,8840.0,100.0,1560100.0
942,2021-10-22 06:46:40,8840.0,5300.0,1560000.0
943,2021-10-22 06:46:40,8840.0,2000.0,1554700.0
944,2021-10-22 06:46:40,8840.0,4500.0,1552700.0
945,2021-10-22 06:46:32,8850.0,3000.0,1548200.0
946,2021-10-22 06:45:38,8840.0,4000.0,1545200.0
947,2021-10-22 06:45:32,8840.0,200.0,1541200.0
948,2021-10-22 06:45:19,8840.0,1000.0,1541000.0
949,2021-10-22 06:45:16,8840.0,300.0,1540000.0
950,2021-10-22 06:45:09,8840.0,4500.0,1539700.0
951,2021-10-22 06:45:07,8840.0,5000.0,1535200.0
952,2021-10-22 06:45:07,8840.0,500.0,1530200.0
953,2021-10-22 06:44:48,8840.0,100.0,1529700.0
954,2021-10-22 06:44:41,8840.0,500.0,1529600.0
955,2021-10-22 06:44:30,8840.0,500.0,1529100.0
956,2021-10-22 06:43:36,8840.0,100.0,1528600.0
957,2021-10-22 06:43:31,8850.0,700.0,1528500.0
958,2021-10-22 06:43:27,8850.0,500.0,1527800.0
959,2021-10-22 06:42:55,8850.0,1000.0,1527300.0
960,2021-10-22 06:42:45,8850.0,600.0,1526300.0
961,2021-10-22 06:42:45,8850.0,300.0,1525700.0
962,2021-10-22 06:42:45,8830.0,100.0,1525400.0
963,2021-10-22 06:42:28,8830.0,100.0,1525300.0
964,2021-10-22 06:42:22,8830.0,5000.0,1525200.0
965,2021-10-22 06:42:22,8830.0,1000.0,1520200.0
966,2021-10-22 06:42:22,8830.0,1000.0,1519200.0
967,2021-10-22 06:42:22,8830.0,500.0,1518200.0
968,2021-10-22 06:42:22,8830.0,300.0,1517700.0
969,2021-10-22 06:42:22,8830.0,400.0,1517400.0
970,2021-10-22 06:42:22,8830.0,6300.0,1517000.0
971,2021-10-22 06:42:22,8840.0,600.0,1510700.0
972,2021-10-22 06:42:22,8840.0,100.0,1510100.0
973,2021-10-22 06:42:22,8840.0,3000.0,1510000.0
974,2021-10-22 06:42:22,8850.0,200.0,1507000.0
975,2021-10-22 06:42:22,8850.0,500.0,1506800.0
976,2021-10-22 06:42:22,8850.0,900.0,1506300.0
977,2021-10-22 06:41:55,8850.0,100.0,1505400.0
978,2021-10-22 06:41:55,8850.0,100.0,1505300.0
979,2021-10-22 06:41:55,8850.0,200.0,1505200.0
980,2021-10-22 06:40:41,8850.0,300.0,1505000.0
981,2021-10-22 06:38:51,8860.0,1000.0,1504700.0
982,2021-10-22 06:38:45,8860.0,100.0,1503700.0
983,2021-10-22 06:38:40,8830.0,1200.0,1503600.0
984,2021-10-22 06:38:40,8830.0,400.0,1502400.0
985,2021-10-22 06:38:40,8830.0,1900.0,1502000.0
986,2021-10-22 06:38:40,8850.0,500.0,1500100.0
987,2021-10-22 06:38:40,8850.0,200.0,1499600.0
988,2021-10-22 06:38:40,8850.0,100.0,1499400.0
989,2021-10-22 06:38:40,8850.0,3700.0,1499300.0
990,2021-10-22 06:38:31,8860.0,6700.0,1495600.0
991,2021-10-22 06:38:02,8860.0,1000.0,1488900.0
992,2021-10-22 06:38:00,8860.0,200.0,1487900.0
993,2021-10-22 06:37:30,8850.0,1000.0,1487700.0
994,2021-10-22 06:37:24,8850.0,1600.0,1486700.0
995,2021-10-22 06:37:01,8830.0,1100.0,1485100.0
996,2021-10-22 06:37:01,8830.0,1000.0,1484000.0
997,2021-10-22 06:37:00,8850.0,500.0,1483000.0
998,2021-10-22 06:37:00,8850.0,200.0,1482500.0
999,2021-10-22 06:36:57,8850.0,1000.0,1482300.0
1000,2021-10-22 06:36:30,8850.0,1000.0,1481300.0
1001,2021-10-22 06:36:28,8850.0,300.0,1480300.0
1002,2021-10-22 06:35:00,8860.0,1000.0,1480000.0
1003,2021-10-22 06:34:58,8860.0,200.0,1479000.0
1004,2021-10-22 06:34:56,8860.0,700.0,1478800.0
1005,2021-10-22 06:34:52,8860.0,500.0,1478100.0
1006,2021-10-22 06:34:34,8860.0,500.0,1477600.0
1007,2021-10-22 06:34:25,8820.0,500.0,1477100.0
1008,2021-10-22 06:32:33,8810.0,4000.0,1476600.0
1009,2021-10-22 06:32:33,8850.0,1000.0,1472600.0
1010,2021-10-22 06:31:45,8800.0,1800.0,1471600.0
1011,2021-10-22 06:31:45,8800.0,500.0,1469800.0
1012,2021-10-22 06:31:45,8800.0,500.0,1469300.0
1013,2021-10-22 06:31:45,8800.0,100.0,1468800.0
1014,2021-10-22 06:31:45,8800.0,200.0,1468700.0
1015,2021-10-22 06:31:45,8800.0,200.0,1468500.0
1016,2021-10-22 06:31:45,8800.0,1000.0,1468300.0
1017,2021-10-22 06:31:45,8800.0,100.0,1467300.0
1018,2021-10-22 06:31:45,8800.0,100.0,1467200.0
1019,2021-10-22 06:31:45,8800.0,200.0,1467100.0
1020,2021-10-22 06:31:45,8800.0,200.0,1466900.0
1021,2021-10-22 06:31:45,8800.0,200.0,1466700.0
1022,2021-10-22 06:31:45,8800.0,1300.0,1466500.0
1023,2021-10-22 06:31:45,8800.0,300.0,1465200.0
1024,2021-10-22 06:31:45,8800.0,100.0,1464900.0
1025,2021-10-22 06:31:45,8800.0,2000.0,1464800.0
1026,2021-10-22 06:31:45,8800.0,200.0,1462800.0
1027,2021-10-22 06:31:45,8800.0,1000.0,1462600.0
1028,2021-10-22 06:31:45,8800.0,1000.0,1461600.0
1029,2021-10-22 06:31:45,8800.0,200.0,1460600.0
1030,2021-10-22 06:31:45,8800.0,100.0,1460400.0
1031,2021-10-22 06:31:45,8800.0,500.0,1460300.0
1032,2021-10-22 06:31:45,8800.0,300.0,1459800.0
1033,2021-10-22 06:31:45,8800.0,1000.0,1459500.0
1034,2021-10-22 06:31:45,8800.0,10000.0,1458500.0
1035,2021-10-22 06:31:45,8800.0,100.0,1448500.0
1036,2021-10-22 06:31:45,8800.0,100.0,1448400.0
1037,2021-10-22 06:31:45,8800.0,100.0,1448300.0
1038,2021-10-22 06:31:45,8800.0,4700.0,1448200.0
1039,2021-10-22 06:31:45,8810.0,1000.0,1443500.0
1040,2021-10-22 06:31:45,8810.0,100.0,1442500.0
1041,2021-10-22 06:31:45,8810.0,1000.0,1442400.0
1042,2021-10-22 06:31:45,8820.0,4000.0,1441400.0
1043,2021-10-22 06:31:01,8800.0,300.0,1437400.0
1044,2021-10-22 06:31:01,8800.0,100.0,1437100.0
1045,2021-10-22 06:31:01,8800.0,5000.0,1437000.0
1046,2021-10-22 06:31:01,8800.0,1000.0,1432000.0
1047,2021-10-22 06:31:01,8800.0,700.0,1431000.0
1048,2021-10-22 06:31:01,8810.0,2000.0,1430300.0
1049,2021-10-22 06:31:01,8810.0,300.0,1428300.0
1050,2021-10-22 06:31:01,8820.0,1000.0,1428000.0
1051,2021-10-22 06:31:01,8820.0,6100.0,1427000.0
1052,2021-10-22 06:31:01,8820.0,1000.0,1420900.0
1053,2021-10-22 06:31:01,8820.0,5000.0,1419900.0
1054,2021-10-22 06:31:01,8820.0,200.0,1414900.0
1055,2021-10-22 06:31:01,8820.0,100.0,1414700.0
1056,2021-10-22 06:31:01,8820.0,500.0,1414600.0
1057,2021-10-22 06:31:01,8820.0,500.0,1414100.0
1058,2021-10-22 06:31:01,8820.0,1000.0,1413600.0
1059,2021-10-22 06:31:01,8820.0,200.0,1412600.0
1060,2021-10-22 06:31:01,8830.0,400.0,1412400.0
1061,2021-10-22 06:31:01,8830.0,1000.0,1412000.0
1062,2021-10-22 06:31:01,8830.0,2000.0,1411000.0
1063,2021-10-22 06:31:01,8830.0,100.0,1409000.0
1064,2021-10-22 06:31:01,8830.0,600.0,1408900.0
1065,2021-10-22 06:31:01,8840.0,3000.0,1408300.0
1066,2021-10-22 06:31:01,8840.0,1000.0,1405300.0
1067,2021-10-22 06:31:01,8850.0,100.0,1404300.0
1068,2021-10-22 06:31:01,8850.0,100.0,1404200.0
1069,2021-10-22 06:31:01,8850.0,10000.0,1404100.0
1070,2021-10-22 06:31:01,8850.0,200.0,1394100.0
1071,2021-10-22 06:31:01,8850.0,1000.0,1393900.0
1072,2021-10-22 06:31:01,8850.0,5500.0,1392900.0
1073,2021-10-22 06:30:33,8850.0,4500.0,1387400.0
1074,2021-10-22 06:30:33,8850.0,1000.0,1382900.0
1075,2021-10-22 06:30:33,8850.0,100.0,1381900.0
1076,2021-10-22 06:30:33,8850.0,600.0,1381800.0
1077,2021-10-22 06:30:33,8850.0,1500.0,1381200.0
1078,2021-10-22 06:30:33,8850.0,500.0,1379700.0
1079,2021-10-22 06:30:33,8860.0,1000.0,1379200.0
1080,2021-10-22 06:30:33,8860.0,800.0,1378200.0
1081,2021-10-22 06:30:17,8870.0,1000.0,1377400.0
1082,2021-10-22 06:30:17,8870.0,100.0,1376400.0
1083,2021-10-22 06:30:17,8870.0,100.0,1376300.0
1084,2021-10-22 06:30:17,8870.0,100.0,1376200.0
1085,2021-10-22 06:30:17,8870.0,800.0,1376100.0
1086,2021-10-22 06:30:17,8870.0,300.0,1375300.0
1087,2021-10-22 06:30:15,8880.0,100.0,1375000.0
1088,2021-10-22 06:30:13,8880.0,100.0,1374900.0
1089,2021-10-22 06:30:12,8880.0,100.0,1374800.0
1090,2021-10-22 06:29:56,8880.0,300.0,1374700.0
1091,2021-10-22 06:29:56,8880.0,1700.0,1374400.0
1092,2021-10-22 06:29:49,8880.0,400.0,1372700.0
1093,2021-10-22 06:29:49,8880.0,400.0,1372300.0
1094,2021-10-22 06:29:49,8880.0,500.0,1371900.0
1095,2021-10-22 06:29:49,8880.0,200.0,1371400.0
1096,2021-10-22 06:29:49,8880.0,2000.0,1371200.0
1097,2021-10-22 06:29:49,8880.0,800.0,1369200.0
1098,2021-10-22 06:29:49,8880.0,100.0,1368400.0
1099,2021-10-22 06:29:49,8880.0,1700.0,1368300.0
1100,2021-10-22 06:29:38,8880.0,900.0,1366600.0
1101,2021-10-22 06:29:28,8880.0,200.0,1365700.0
1102,2021-10-22 06:29:27,8880.0,200.0,1365500.0
1103,2021-10-22 06:29:06,8890.0,200.0,1365300.0
1104,2021-10-22 06:29:02,8890.0,5000.0,1365100.0
1105,2021-10-22 06:29:02,8890.0,100.0,1360100.0
1106,2021-10-22 06:29:02,8890.0,2000.0,1360000.0
1107,2021-10-22 06:29:02,8890.0,100.0,1358000.0
1108,2021-10-22 06:29:02,8890.0,100.0,1357900.0
1109,2021-10-22 06:29:02,8890.0,2000.0,1357800.0
1110,2021-10-22 06:29:02,8890.0,100.0,1355800.0
1111,2021-10-22 06:29:02,8890.0,200.0,1355700.0
1112,2021-10-22 06:29:01,8890.0,700.0,1355500.0
1113,2021-10-22 06:28:41,8900.0,100.0,1354800.0
1114,2021-10-22 06:28:38,8890.0,1100.0,1354700.0
1115,2021-10-22 06:28:38,8890.0,3500.0,1353600.0
1116,2021-10-22 06:28:38,8890.0,6100.0,1350100.0
1117,2021-10-22 06:28:23,8900.0,200.0,1344000.0
1118,2021-10-22 06:28:11,8900.0,100.0,1343800.0
1119,2021-10-22 06:28:03,8900.0,3000.0,1343700.0
1120,2021-10-22 06:26:49,8900.0,1000.0,1340700.0
1121,2021-10-22 06:26:40,8900.0,5000.0,1339700.0
1122,2021-10-22 06:26:40,8900.0,500.0,1334700.0
1123,2021-10-22 06:26:40,8900.0,7000.0,1334200.0
1124,2021-10-22 06:26:40,8900.0,300.0,1327200.0
1125,2021-10-22 06:26:18,8900.0,100.0,1326900.0
1126,2021-10-22 06:26:18,8900.0,900.0,1326800.0
1127,2021-10-22 06:25:32,8900.0,5000.0,1325900.0
1128,2021-10-22 06:25:32,8900.0,600.0,1320900.0
1129,2021-10-22 06:25:32,8900.0,3500.0,1320300.0
1130,2021-10-22 06:25:25,8900.0,500.0,1316800.0
1131,2021-10-22 06:25:25,8900.0,500.0,1316300.0
1132,2021-10-22 06:25:19,8900.0,1000.0,1315800.0
1133,2021-10-22 06:25:10,8900.0,1400.0,1314800.0
1134,2021-10-22 06:25:02,8900.0,100.0,1313400.0
1135,2021-10-22 06:25:02,8900.0,200.0,1313300.0
1136,2021-10-22 06:25:01,8890.0,100.0,1313100.0
1137,2021-10-22 06:24:18,8900.0,200.0,1313000.0
1138,2021-10-22 06:24:15,8890.0,500.0,1312800.0
1139,2021-10-22 06:24:03,8900.0,5000.0,1312300.0
1140,2021-10-22 06:24:03,8900.0,100.0,1307300.0
1141,2021-10-22 06:23:45,8900.0,1000.0,1307200.0
1142,2021-10-22 06:23:37,8890.0,200.0,1306200.0
1143,2021-10-22 06:23:25,8890.0,500.0,1306000.0
1144,2021-10-22 06:23:09,8900.0,100.0,1305500.0
1145,2021-10-22 06:23:03,8890.0,700.0,1305400.0
1146,2021-10-22 06:22:59,8900.0,100.0,1304700.0
1147,2021-10-22 06:22:46,8900.0,1000.0,1304600.0
1148,2021-10-22 06:21:51,8900.0,900.0,1303600.0
1149,2021-10-22 06:21:51,8900.0,100.0,1302700.0
1150,2021-10-22 06:21:36,8900.0,100.0,1302600.0
1151,2021-10-22 06:21:36,8900.0,300.0,1302500.0
1152,2021-10-22 06:21:36,8900.0,200.0,1302200.0
1153,2021-10-22 06:21:36,8900.0,500.0,1302000.0
1154,2021-10-22 06:21:17,8900.0,200.0,1301500.0
1155,2021-10-22 06:21:16,8900.0,600.0,1301300.0
1156,2021-10-22 06:20:52,8900.0,1000.0,1300700.0
1157,2021-10-22 06:20:45,8900.0,1000.0,1299700.0
1158,2021-10-22 06:20:39,8900.0,100.0,1298700.0
1159,2021-10-22 06:20:15,8900.0,500.0,1298600.0
1160,2021-10-22 06:20:08,8890.0,1000.0,1298100.0
1161,2021-10-22 06:20:08,8890.0,900.0,1297100.0
1162,2021-10-22 06:19:37,8890.0,100.0,1296200.0
1163,2021-10-22 06:19:21,8890.0,600.0,1296100.0
1164,2021-10-22 06:19:21,8890.0,2300.0,1295500.0
1165,2021-10-22 06:18:32,8890.0,400.0,1293200.0
1166,2021-10-22 06:18:32,8890.0,500.0,1292800.0
1167,2021-10-22 06:18:20,8900.0,6600.0,1292300.0
1168,2021-10-22 06:18:20,8900.0,6000.0,1285700.0
1169,2021-10-22 06:18:20,8900.0,6500.0,1279700.0
1170,2021-10-22 06:18:20,8900.0,900.0,1273200.0
1171,2021-10-22 06:17:49,8900.0,500.0,1272300.0
1172,2021-10-22 06:16:55,8900.0,200.0,1271800.0
1173,2021-10-22 06:16:25,8900.0,200.0,1271600.0
1174,2021-10-22 06:16:04,8900.0,1000.0,1271400.0
1175,2021-10-22 06:15:52,8900.0,2000.0,1270400.0
1176,2021-10-22 06:15:14,8900.0,200.0,1268400.0
1177,2021-10-22 06:14:47,8890.0,500.0,1268200.0
1178,2021-10-22 06:14:13,8890.0,1000.0,1267700.0
1179,2021-10-22 06:14:05,8880.0,900.0,1266700.0
1180,2021-10-22 06:13:46,8880.0,15600.0,1265800.0
1181,2021-10-22 06:13:46,8880.0,500.0,1250200.0
1182,2021-10-22 06:13:42,8860.0,200.0,1249700.0
1183,2021-10-22 06:12:57,8850.0,100.0,1249500.0
1184,2021-10-22 06:12:45,8850.0,800.0,1249400.0
1185,2021-10-22 06:12:45,8860.0,1000.0,1248600.0
1186,2021-10-22 06:12:45,8860.0,500.0,1247600.0
1187,2021-10-22 06:12:45,8860.0,100.0,1247100.0
1188,2021-10-22 06:12:45,8860.0,600.0,1247000.0
1189,2021-10-22 06:12:11,8860.0,2100.0,1246400.0
1190,2021-10-22 06:12:03,8860.0,400.0,1244300.0
1191,2021-10-22 06:11:33,8860.0,2600.0,1243900.0
1192,2021-10-22 06:11:09,8850.0,400.0,1241300.0
1193,2021-10-22 06:10:49,8850.0,200.0,1240900.0
1194,2021-10-22 06:10:45,8850.0,500.0,1240700.0
1195,2021-10-22 06:10:45,8850.0,100.0,1240200.0
1196,2021-10-22 06:10:45,8850.0,400.0,1240100.0
1197,2021-10-22 06:10:39,8850.0,200.0,1239700.0
1198,2021-10-22 06:10:39,8850.0,1800.0,1239500.0
1199,2021-10-22 06:10:07,8850.0,3000.0,1237700.0
1200,2021-10-22 06:10:00,8850.0,3900.0,1234700.0
1201,2021-10-22 06:09:42,8850.0,100.0,1230800.0
1202,2021-10-22 06:09:20,8830.0,100.0,1230700.0
1203,2021-10-22 06:08:54,8830.0,900.0,1230600.0
1204,2021-10-22 06:08:53,8820.0,1000.0,1229700.0
1205,2021-10-22 06:08:43,8820.0,3000.0,1228700.0
1206,2021-10-22 06:08:35,8820.0,200.0,1225700.0
1207,2021-10-22 06:08:21,8820.0,100.0,1225500.0
1208,2021-10-22 06:08:14,8820.0,10000.0,1225400.0
1209,2021-10-22 06:08:00,8820.0,200.0,1215400.0
1210,2021-10-22 06:07:54,8800.0,200.0,1215200.0
1211,2021-10-22 06:07:48,8800.0,1000.0,1215000.0
1212,2021-10-22 06:07:42,8800.0,100.0,1214000.0
1213,2021-10-22 06:07:42,8800.0,2000.0,1213900.0
1214,2021-10-22 06:07:42,8800.0,500.0,1211900.0
1215,2021-10-22 06:07:42,8800.0,400.0,1211400.0
1216,2021-10-22 06:07:20,8800.0,100.0,1211000.0
1217,2021-10-22 06:07:20,8800.0,1000.0,1210900.0
1218,2021-10-22 06:07:20,8800.0,1900.0,1209900.0
1219,2021-10-22 06:07:20,8810.0,1000.0,1208000.0
1220,2021-10-22 06:07:00,8800.0,1000.0,1207000.0
1221,2021-10-22 06:06:51,8800.0,1000.0,1206000.0
1222,2021-10-22 06:06:51,8810.0,5000.0,1205000.0
1223,2021-10-22 06:06:28,8800.0,1100.0,1200000.0
1224,2021-10-22 06:06:28,8800.0,100.0,1198900.0
1225,2021-10-22 06:06:28,8800.0,500.0,1198800.0
1226,2021-10-22 06:06:28,8800.0,3300.0,1198300.0
1227,2021-10-22 06:06:14,8800.0,800.0,1195000.0
1228,2021-10-22 06:06:14,8810.0,2300.0,1194200.0
1229,2021-10-22 06:05:50,8800.0,900.0,1191900.0
1230,2021-10-22 06:05:50,8800.0,2000.0,1191000.0
1231,2021-10-22 06:05:50,8800.0,2000.0,1189000.0
1232,2021-10-22 06:05:50,8800.0,600.0,1187000.0
1233,2021-10-22 06:05:50,8800.0,200.0,1186400.0
1234,2021-10-22 06:05:50,8800.0,2000.0,1186200.0
1235,2021-10-22 06:05:50,8800.0,2000.0,1184200.0
1236,2021-10-22 06:05:50,8800.0,2000.0,1182200.0
1237,2021-10-22 06:05:50,8800.0,1000.0,1180200.0
1238,2021-10-22 06:05:50,8800.0,1000.0,1179200.0
1239,2021-10-22 06:05:50,8800.0,200.0,1178200.0
1240,2021-10-22 06:05:50,8800.0,100.0,1178000.0
1241,2021-10-22 06:05:47,8800.0,100.0,1177900.0
1242,2021-10-22 06:05:47,8800.0,300.0,1177800.0
1243,2021-10-22 06:05:47,8800.0,1000.0,1177500.0
1244,2021-10-22 06:05:47,8800.0,1000.0,1176500.0
1245,2021-10-22 06:05:47,8800.0,100.0,1175500.0
1246,2021-10-22 06:05:47,8810.0,100.0,1175400.0
1247,2021-10-22 06:05:47,8810.0,1100.0,1175300.0
1248,2021-10-22 06:05:47,8810.0,5000.0,1174200.0
1249,2021-10-22 06:05:47,8810.0,500.0,1169200.0
1250,2021-10-22 06:05:47,8810.0,200.0,1168700.0
1251,2021-10-22 06:05:47,8810.0,1000.0,1168500.0
1252,2021-10-22 06:05:47,8810.0,200.0,1167500.0
1253,2021-10-22 06:05:47,8810.0,2300.0,1167300.0
1254,2021-10-22 06:05:47,8810.0,500.0,1165000.0
1255,2021-10-22 06:05:47,8810.0,100.0,1164500.0
1256,2021-10-22 06:05:47,8810.0,2500.0,1164400.0
1257,2021-10-22 06:05:47,8810.0,1000.0,1161900.0
1258,2021-10-22 06:05:47,8810.0,500.0,1160900.0
1259,2021-10-22 06:05:47,8810.0,800.0,1160400.0
1260,2021-10-22 06:05:28,8820.0,100.0,1159600.0
1261,2021-10-22 06:04:39,8810.0,200.0,1159500.0
1262,2021-10-22 06:04:39,8810.0,1000.0,1159300.0
1263,2021-10-22 06:04:39,8810.0,1500.0,1158300.0
1264,2021-10-22 06:04:39,8810.0,200.0,1156800.0
1265,2021-10-22 06:04:39,8810.0,300.0,1156600.0
1266,2021-10-22 06:04:39,8810.0,100.0,1156300.0
1267,2021-10-22 06:04:39,8810.0,200.0,1156200.0
1268,2021-10-22 06:04:39,8810.0,100.0,1156000.0
1269,2021-10-22 06:04:39,8810.0,100.0,1155900.0
1270,2021-10-22 06:04:39,8810.0,400.0,1155800.0
1271,2021-10-22 06:04:39,8810.0,900.0,1155400.0
1272,2021-10-22 06:04:27,8820.0,200.0,1154500.0
1273,2021-10-22 06:04:08,8810.0,900.0,1154300.0
1274,2021-10-22 06:04:00,8810.0,100.0,1153400.0
1275,2021-10-22 06:03:51,8810.0,1100.0,1153300.0
1276,2021-10-22 06:03:51,8810.0,1000.0,1152200.0
1277,2021-10-22 06:03:51,8810.0,200.0,1151200.0
1278,2021-10-22 06:03:51,8810.0,200.0,1151000.0
1279,2021-10-22 06:03:51,8810.0,100.0,1150800.0
1280,2021-10-22 06:03:51,8810.0,400.0,1150700.0
1281,2021-10-22 06:03:47,8820.0,100.0,1150300.0
1282,2021-10-22 06:03:47,8820.0,1000.0,1150200.0
1283,2021-10-22 06:03:47,8820.0,1000.0,1149200.0
1284,2021-10-22 06:03:47,8820.0,100.0,1148200.0
1285,2021-10-22 06:03:47,8820.0,500.0,1148100.0
1286,2021-10-22 06:03:47,8820.0,300.0,1147600.0
1287,2021-10-22 06:03:47,8820.0,1500.0,1147300.0
1288,2021-10-22 06:03:47,8820.0,1000.0,1145800.0
1289,2021-10-22 06:03:47,8820.0,400.0,1144800.0
1290,2021-10-22 06:03:47,8820.0,300.0,1144400.0
1291,2021-10-22 06:03:46,8830.0,300.0,1144100.0
1292,2021-10-22 06:03:45,8820.0,700.0,1143800.0
1293,2021-10-22 06:03:45,8820.0,500.0,1143100.0
1294,2021-10-22 06:03:45,8820.0,600.0,1142600.0
1295,2021-10-22 06:03:45,8820.0,2000.0,1142000.0
1296,2021-10-22 06:03:45,8820.0,500.0,1140000.0
1297,2021-10-22 06:03:45,8820.0,3000.0,1139500.0
1298,2021-10-22 06:03:45,8820.0,500.0,1136500.0
1299,2021-10-22 06:03:45,8820.0,500.0,1136000.0
1300,2021-10-22 06:03:45,8820.0,3000.0,1135500.0
1301,2021-10-22 06:03:34,8830.0,500.0,1132500.0
1302,2021-10-22 06:03:34,8830.0,500.0,1132000.0
1303,2021-10-22 06:03:34,8830.0,1000.0,1131500.0
1304,2021-10-22 06:03:34,8830.0,200.0,1130500.0
1305,2021-10-22 06:02:50,8830.0,800.0,1130300.0
1306,2021-10-22 06:02:50,8830.0,100.0,1129500.0
1307,2021-10-22 06:02:50,8830.0,100.0,1129400.0
1308,2021-10-22 06:02:23,8840.0,10000.0,1129300.0
1309,2021-10-22 06:02:23,8840.0,100.0,1119300.0
1310,2021-10-22 06:02:23,8840.0,600.0,1119200.0
1311,2021-10-22 06:01:51,8850.0,500.0,1118600.0
1312,2021-10-22 06:01:14,8840.0,400.0,1118100.0
1313,2021-10-22 06:01:14,8840.0,100.0,1117700.0
1314,2021-10-22 06:01:14,8840.0,500.0,1117600.0
1315,2021-10-22 06:01:14,8840.0,600.0,1117100.0
1316,2021-10-22 06:01:14,8840.0,300.0,1116500.0
1317,2021-10-22 06:01:07,8840.0,200.0,1116200.0
1318,2021-10-22 06:01:07,8840.0,100.0,1116000.0
1319,2021-10-22 06:00:56,8840.0,100.0,1115900.0
1320,2021-10-22 06:00:40,8840.0,1000.0,1115800.0
1321,2021-10-22 06:00:29,8840.0,100.0,1114800.0
1322,2021-10-22 06:00:16,8840.0,100.0,1114700.0
1323,2021-10-22 06:00:14,8830.0,500.0,1114600.0
1324,2021-10-22 06:00:14,8830.0,5000.0,1114100.0
1325,2021-10-22 06:00:14,8830.0,100.0,1109100.0
1326,2021-10-22 06:00:11,8830.0,200.0,1109000.0
1327,2021-10-22 06:00:11,8840.0,200.0,1108800.0
1328,2021-10-22 06:00:11,8840.0,400.0,1108600.0
1329,2021-10-22 06:00:11,8840.0,200.0,1108200.0
1330,2021-10-22 06:00:11,8840.0,300.0,1108000.0
1331,2021-10-22 06:00:11,8840.0,100.0,1107700.0
1332,2021-10-22 06:00:11,8840.0,500.0,1107600.0
1333,2021-10-22 06:00:11,8840.0,200.0,1107100.0
1334,2021-10-22 06:00:11,8840.0,500.0,1106900.0
1335,2021-10-22 06:00:11,8840.0,300.0,1106400.0
1336,2021-10-22 06:00:11,8840.0,3900.0,1106100.0
1337,2021-10-22 06:00:09,8840.0,500.0,1102200.0
1338,2021-10-22 06:00:07,8840.0,500.0,1101700.0
1339,2021-10-22 06:00:03,8840.0,100.0,1101200.0
1340,2021-10-22 06:00:03,8840.0,100.0,1101100.0
1341,2021-10-22 06:00:01,8840.0,3000.0,1101000.0
1342,2021-10-22 06:00:01,8840.0,1900.0,1098000.0
1343,2021-10-22 04:29:51,8840.0,700.0,1096100.0
1344,2021-10-22 04:29:43,8840.0,200.0,1095400.0
1345,2021-10-22 04:27:53,8840.0,1000.0,1095200.0
1346,2021-10-22 04:27:47,8840.0,1000.0,1094200.0
1347,2021-10-22 04:27:29,8830.0,600.0,1093200.0
1348,2021-10-22 04:26:45,8820.0,4500.0,1092600.0
1349,2021-10-22 04:26:35,8820.0,100.0,1088100.0
1350,2021-10-22 04:26:35,8820.0,900.0,1088000.0
1351,2021-10-22 04:25:50,8820.0,100.0,1087100.0
1352,2021-10-22 04:25:50,8820.0,400.0,1087000.0
1353,2021-10-22 04:25:50,8820.0,7000.0,1086600.0
1354,2021-10-22 04:25:50,8820.0,500.0,1079600.0
1355,2021-10-22 04:25:50,8820.0,1000.0,1079100.0
1356,2021-10-22 04:25:50,8820.0,2000.0,1078100.0
1357,2021-10-22 04:25:50,8820.0,100.0,1076100.0
1358,2021-10-22 04:25:50,8820.0,100.0,1076000.0
1359,2021-10-22 04:25:50,8820.0,2000.0,1075900.0
1360,2021-10-22 04:25:50,8820.0,1000.0,1073900.0
1361,2021-10-22 04:25:50,8820.0,600.0,1072900.0
1362,2021-10-22 04:25:50,8820.0,100.0,1072300.0
1363,2021-10-22 04:25:50,8820.0,300.0,1072200.0
1364,2021-10-22 04:24:00,8820.0,500.0,1071900.0
1365,2021-10-22 04:23:24,8820.0,300.0,1071400.0
1366,2021-10-22 04:23:20,8840.0,1500.0,1071100.0
1367,2021-10-22 04:22:51,8820.0,900.0,1069600.0
1368,2021-10-22 04:22:50,8820.0,300.0,1068700.0
1369,2021-10-22 04:22:44,8820.0,1000.0,1068400.0
1370,2021-10-22 04:22:25,8820.0,1000.0,1067400.0
1371,2021-10-22 04:21:56,8810.0,600.0,1066400.0
1372,2021-10-22 04:21:56,8810.0,800.0,1065800.0
1373,2021-10-22 04:21:56,8810.0,500.0,1065000.0
1374,2021-10-22 04:21:56,8810.0,800.0,1064500.0
1375,2021-10-22 04:21:56,8810.0,3500.0,1063700.0
1376,2021-10-22 04:21:56,8810.0,500.0,1060200.0
1377,2021-10-22 04:21:56,8810.0,200.0,1059700.0
1378,2021-10-22 04:21:56,8810.0,3100.0,1059500.0
1379,2021-10-22 04:21:46,8820.0,500.0,1056400.0
1380,2021-10-22 04:21:40,8820.0,500.0,1055900.0
1381,2021-10-22 04:21:35,8820.0,200.0,1055400.0
1382,2021-10-22 04:21:19,8810.0,1900.0,1055200.0
1383,2021-10-22 04:21:19,8810.0,1000.0,1053300.0
1384,2021-10-22 04:21:19,8810.0,100.0,1052300.0
1385,2021-10-22 04:21:19,8810.0,1000.0,1052200.0
1386,2021-10-22 04:21:19,8810.0,3000.0,1051200.0
1387,2021-10-22 04:21:19,8810.0,3000.0,1048200.0
1388,2021-10-22 04:21:07,8820.0,1200.0,1045200.0
1389,2021-10-22 04:21:06,8820.0,600.0,1044000.0
1390,2021-10-22 04:20:42,8820.0,200.0,1043400.0
1391,2021-10-22 04:20:41,8820.0,300.0,1043200.0
1392,2021-10-22 04:20:38,8820.0,1000.0,1042900.0
1393,2021-10-22 04:20:35,8820.0,1000.0,1041900.0
1394,2021-10-22 04:20:35,8820.0,1700.0,1040900.0
1395,2021-10-22 04:20:26,8820.0,1300.0,1039200.0
1396,2021-10-22 04:20:26,8820.0,200.0,1037900.0
1397,2021-10-22 04:20:26,8820.0,200.0,1037700.0
1398,2021-10-22 04:20:26,8820.0,100.0,1037500.0
1399,2021-10-22 04:20:26,8820.0,2000.0,1037400.0
1400,2021-10-22 04:20:26,8820.0,500.0,1035400.0
1401,2021-10-22 04:20:26,8820.0,200.0,1034900.0
1402,2021-10-22 04:19:23,8820.0,100.0,1034700.0
1403,2021-10-22 04:19:23,8820.0,1000.0,1034600.0
1404,2021-10-22 04:19:23,8820.0,300.0,1033600.0
1405,2021-10-22 04:19:23,8820.0,1000.0,1033300.0
1406,2021-10-22 04:19:23,8820.0,500.0,1032300.0
1407,2021-10-22 04:19:23,8820.0,200.0,1031800.0
1408,2021-10-22 04:19:23,8820.0,500.0,1031600.0
1409,2021-10-22 04:19:23,8820.0,100.0,1031100.0
1410,2021-10-22 04:19:23,8820.0,1300.0,1031000.0
1411,2021-10-22 04:18:48,8840.0,200.0,1029700.0
1412,2021-10-22 04:18:37,8840.0,100.0,1029500.0
1413,2021-10-22 04:18:05,8840.0,200.0,1029400.0
1414,2021-10-22 04:17:59,8840.0,200.0,1029200.0
1415,2021-10-22 04:17:40,8840.0,500.0,1029000.0
1416,2021-10-22 04:17:30,8840.0,2000.0,1028500.0
1417,2021-10-22 04:17:30,8840.0,300.0,1026500.0
1418,2021-10-22 04:17:18,8840.0,2600.0,1026200.0
1419,2021-10-22 04:16:54,8820.0,700.0,1023600.0
1420,2021-10-22 04:16:54,8820.0,600.0,1022900.0
1421,2021-10-22 04:16:54,8820.0,300.0,1022300.0
1422,2021-10-22 04:16:54,8820.0,200.0,1022000.0
1423,2021-10-22 04:16:54,8820.0,500.0,1021800.0
1424,2021-10-22 04:16:54,8820.0,500.0,1021300.0
1425,2021-10-22 04:16:54,8820.0,800.0,1020800.0
1426,2021-10-22 04:16:54,8820.0,4000.0,1020000.0
1427,2021-10-22 04:16:54,8820.0,500.0,1016000.0
1428,2021-10-22 04:16:54,8820.0,500.0,1015500.0
1429,2021-10-22 04:16:54,8820.0,100.0,1015000.0
1430,2021-10-22 04:16:54,8820.0,300.0,1014900.0
1431,2021-10-22 04:16:54,8820.0,4600.0,1014600.0
1432,2021-10-22 04:16:54,8830.0,14000.0,1010000.0
1433,2021-10-22 04:16:54,8830.0,500.0,996000.0
1434,2021-10-22 04:16:54,8830.0,2000.0,995500.0
1435,2021-10-22 04:16:54,8830.0,700.0,993500.0
1436,2021-10-22 04:16:38,8840.0,200.0,992800.0
1437,2021-10-22 04:15:33,8840.0,1000.0,992600.0
1438,2021-10-22 04:15:29,8840.0,2000.0,991600.0
1439,2021-10-22 04:15:29,8840.0,500.0,989600.0
1440,2021-10-22 04:15:29,8840.0,100.0,989100.0
1441,2021-10-22 04:15:29,8840.0,2400.0,989000.0
1442,2021-10-22 04:15:26,8850.0,700.0,986600.0
1443,2021-10-22 04:15:26,8850.0,200.0,985900.0
1444,2021-10-22 04:15:14,8850.0,1000.0,985700.0
1445,2021-10-22 04:15:11,8850.0,100.0,984700.0
1446,2021-10-22 04:15:07,8850.0,2100.0,984600.0
1447,2021-10-22 04:14:18,8850.0,1600.0,982500.0
1448,2021-10-22 04:14:18,8850.0,3000.0,980900.0
1449,2021-10-22 04:13:33,8840.0,500.0,977900.0
1450,2021-10-22 04:13:16,8840.0,1100.0,977400.0
1451,2021-10-22 04:12:21,8840.0,1000.0,976300.0
1452,2021-10-22 04:12:14,8830.0,300.0,975300.0
1453,2021-10-22 04:11:46,8840.0,100.0,975000.0
1454,2021-10-22 04:11:46,8840.0,1000.0,974900.0
1455,2021-10-22 04:11:43,8850.0,1800.0,973900.0
1456,2021-10-22 04:11:27,8850.0,300.0,972100.0
1457,2021-10-22 04:10:43,8840.0,200.0,971800.0
1458,2021-10-22 04:09:52,8840.0,1300.0,971600.0
1459,2021-10-22 04:09:52,8840.0,700.0,970300.0
1460,2021-10-22 04:09:47,8840.0,100.0,969600.0
1461,2021-10-22 04:09:14,8820.0,400.0,969500.0
1462,2021-10-22 04:08:11,8830.0,200.0,969100.0
1463,2021-10-22 04:08:11,8830.0,300.0,968900.0
1464,2021-10-22 04:08:11,8830.0,200.0,968600.0
1465,2021-10-22 04:08:11,8830.0,2000.0,968400.0
1466,2021-10-22 04:08:11,8830.0,100.0,966400.0
1467,2021-10-22 04:08:11,8830.0,500.0,966300.0
1468,2021-10-22 04:08:11,8830.0,300.0,965800.0
1469,2021-10-22 04:08:11,8830.0,100.0,965500.0
1470,2021-10-22 04:08:11,8830.0,1300.0,965400.0
1471,2021-10-22 04:07:30,8840.0,500.0,964100.0
1472,2021-10-22 04:07:08,8840.0,600.0,963600.0
1473,2021-10-22 04:06:01,8840.0,100.0,963000.0
1474,2021-10-22 04:05:58,8830.0,3700.0,962900.0
1475,2021-10-22 04:05:58,8830.0,600.0,959200.0
1476,2021-10-22 04:05:58,8830.0,100.0,958600.0
1477,2021-10-22 04:05:58,8830.0,1000.0,958500.0
1478,2021-10-22 04:05:58,8830.0,300.0,957500.0
1479,2021-10-22 04:05:58,8830.0,100.0,957200.0
1480,2021-10-22 04:05:58,8830.0,100.0,957100.0
1481,2021-10-22 04:05:58,8830.0,500.0,957000.0
1482,2021-10-22 04:05:58,8830.0,3300.0,956500.0
1483,2021-10-22 04:05:58,8840.0,300.0,953200.0
1484,2021-10-22 04:05:44,8840.0,200.0,952900.0
1485,2021-10-22 04:05:44,8840.0,1000.0,952700.0
1486,2021-10-22 04:05:44,8840.0,500.0,951700.0
1487,2021-10-22 04:05:14,8840.0,200.0,951200.0
1488,2021-10-22 04:04:29,8830.0,1700.0,951000.0
1489,2021-10-22 04:04:29,8830.0,100.0,949300.0
1490,2021-10-22 04:04:29,8830.0,200.0,949200.0
1491,2021-10-22 04:04:28,8840.0,300.0,949000.0
1492,2021-10-22 04:04:26,8840.0,900.0,948700.0
1493,2021-10-22 04:04:26,8840.0,100.0,947800.0
1494,2021-10-22 04:04:26,8840.0,2000.0,947700.0
1495,2021-10-22 04:04:20,8840.0,100.0,945700.0
1496,2021-10-22 04:03:58,8840.0,1000.0,945600.0
1497,2021-10-22 04:03:56,8840.0,100.0,944600.0
1498,2021-10-22 04:02:57,8840.0,200.0,944500.0
1499,2021-10-22 04:02:54,8830.0,800.0,944300.0
1500,2021-10-22 04:02:54,8830.0,1500.0,943500.0
1501,2021-10-22 04:02:52,8840.0,1000.0,942000.0
1502,2021-10-22 04:02:16,8840.0,100.0,941000.0
1503,2021-10-22 04:01:49,8840.0,5000.0,940900.0
1504,2021-10-22 03:59:35,8830.0,1000.0,935900.0
1505,2021-10-22 03:59:28,8830.0,500.0,934900.0
1506,2021-10-22 03:58:53,8830.0,1500.0,934400.0
1507,2021-10-22 03:58:53,8830.0,1300.0,932900.0
1508,2021-10-22 03:58:53,8830.0,7200.0,931600.0
1509,2021-10-22 03:58:20,8830.0,500.0,924400.0
1510,2021-10-22 03:58:19,8820.0,1000.0,923900.0
1511,2021-10-22 03:58:13,8830.0,100.0,922900.0
1512,2021-10-22 03:58:10,8820.0,1000.0,922800.0
1513,2021-10-22 03:58:10,8820.0,500.0,921800.0
1514,2021-10-22 03:58:10,8820.0,500.0,921300.0
1515,2021-10-22 03:58:10,8820.0,800.0,920800.0
1516,2021-10-22 03:58:05,8830.0,100.0,920000.0
1517,2021-10-22 03:57:53,8830.0,100.0,919900.0
1518,2021-10-22 03:57:35,8820.0,200.0,919800.0
1519,2021-10-22 03:57:34,8820.0,1000.0,919600.0
1520,2021-10-22 03:57:26,8820.0,1200.0,918600.0
1521,2021-10-22 03:57:00,8820.0,300.0,917400.0
1522,2021-10-22 03:57:00,8820.0,100.0,917100.0
1523,2021-10-22 03:57:00,8820.0,500.0,917000.0
1524,2021-10-22 03:57:00,8820.0,200.0,916500.0
1525,2021-10-22 03:57:00,8820.0,1500.0,916300.0
1526,2021-10-22 03:56:28,8820.0,500.0,914800.0
1527,2021-10-22 03:56:26,8820.0,2200.0,914300.0
1528,2021-10-22 03:56:02,8820.0,100.0,912100.0
1529,2021-10-22 03:55:38,8820.0,2000.0,912000.0
1530,2021-10-22 03:55:38,8820.0,800.0,910000.0
1531,2021-10-22 03:55:38,8820.0,300.0,909200.0
1532,2021-10-22 03:55:38,8820.0,600.0,908900.0
1533,2021-10-22 03:55:38,8820.0,1000.0,908300.0
1534,2021-10-22 03:55:38,8820.0,200.0,907300.0
1535,2021-10-22 03:55:38,8820.0,100.0,907100.0
1536,2021-10-22 03:55:38,8820.0,400.0,907000.0
1537,2021-10-22 03:55:38,8820.0,300.0,906600.0
1538,2021-10-22 03:55:38,8820.0,3000.0,906300.0
1539,2021-10-22 03:55:38,8820.0,2000.0,903300.0
1540,2021-10-22 03:55:38,8820.0,400.0,901300.0
1541,2021-10-22 03:55:02,8830.0,100.0,900900.0
1542,2021-10-22 03:55:00,8830.0,1000.0,900800.0
1543,2021-10-22 03:54:38,8830.0,1000.0,899800.0
1544,2021-10-22 03:54:36,8830.0,300.0,898800.0
1545,2021-10-22 03:54:34,8830.0,1700.0,898500.0
1546,2021-10-22 03:54:09,8830.0,5000.0,896800.0
1547,2021-10-22 03:54:02,8830.0,500.0,891800.0
1548,2021-10-22 03:53:51,8830.0,400.0,891300.0
1549,2021-10-22 03:53:49,8830.0,900.0,890900.0
1550,2021-10-22 03:53:49,8830.0,500.0,890000.0
1551,2021-10-22 03:53:49,8830.0,500.0,889500.0
1552,2021-10-22 03:53:49,8830.0,3000.0,889000.0
1553,2021-10-22 03:53:49,8830.0,1200.0,886000.0
1554,2021-10-22 03:53:39,8830.0,800.0,884800.0
1555,2021-10-22 03:53:39,8830.0,300.0,884000.0
1556,2021-10-22 03:53:39,8830.0,400.0,883700.0
1557,2021-10-22 03:53:39,8830.0,100.0,883300.0
1558,2021-10-22 03:53:39,8830.0,100.0,883200.0
1559,2021-10-22 03:53:39,8830.0,500.0,883100.0
1560,2021-10-22 03:53:39,8830.0,2000.0,882600.0
1561,2021-10-22 03:53:39,8830.0,300.0,880600.0
1562,2021-10-22 03:53:39,8830.0,100.0,880300.0
1563,2021-10-22 03:53:39,8830.0,100.0,880200.0
1564,2021-10-22 03:53:39,8830.0,100.0,880100.0
1565,2021-10-22 03:53:39,8830.0,100.0,880000.0
1566,2021-10-22 03:53:39,8830.0,100.0,879900.0
1567,2021-10-22 03:53:18,8830.0,100.0,879800.0
1568,2021-10-22 03:53:18,8830.0,600.0,879700.0
1569,2021-10-22 03:53:18,8830.0,300.0,879100.0
1570,2021-10-22 03:53:02,8830.0,200.0,878800.0
1571,2021-10-22 03:53:02,8830.0,300.0,878600.0
1572,2021-10-22 03:52:50,8840.0,3000.0,878300.0
1573,2021-10-22 03:52:32,8840.0,300.0,875300.0
1574,2021-10-22 03:52:31,8840.0,100.0,875000.0
1575,2021-10-22 03:52:29,8840.0,100.0,874900.0
1576,2021-10-22 03:52:23,8840.0,200.0,874800.0
1577,2021-10-22 03:52:21,8840.0,100.0,874600.0
1578,2021-10-22 03:52:13,8840.0,100.0,874500.0
1579,2021-10-22 03:52:11,8850.0,5200.0,874400.0
1580,2021-10-22 03:51:49,8840.0,100.0,869200.0
1581,2021-10-22 03:51:46,8840.0,700.0,869100.0
1582,2021-10-22 03:51:35,8840.0,1000.0,868400.0
1583,2021-10-22 03:51:35,8840.0,100.0,867400.0
1584,2021-10-22 03:51:35,8840.0,100.0,867300.0
1585,2021-10-22 03:51:35,8840.0,100.0,867200.0
1586,2021-10-22 03:50:49,8840.0,900.0,867100.0
1587,2021-10-22 03:50:44,8840.0,2000.0,866200.0
1588,2021-10-22 03:50:34,8840.0,1000.0,864200.0
1589,2021-10-22 03:50:32,8840.0,300.0,863200.0
1590,2021-10-22 03:50:15,8840.0,500.0,862900.0
1591,2021-10-22 03:50:11,8840.0,200.0,862400.0
1592,2021-10-22 03:50:06,8840.0,100.0,862200.0
1593,2021-10-22 03:50:06,8840.0,300.0,862100.0
1594,2021-10-22 03:50:00,8840.0,100.0,861800.0
1595,2021-10-22 03:50:00,8840.0,100.0,861700.0
1596,2021-10-22 03:49:51,8840.0,100.0,861600.0
1597,2021-10-22 03:49:37,8840.0,1000.0,861500.0
1598,2021-10-22 03:48:51,8840.0,100.0,860500.0
1599,2021-10-22 03:48:18,8840.0,100.0,860400.0
1600,2021-10-22 03:48:10,8830.0,1700.0,860300.0
1601,2021-10-22 03:48:10,8830.0,300.0,858600.0
1602,2021-10-22 03:47:48,8840.0,100.0,858300.0
1603,2021-10-22 03:47:48,8840.0,500.0,858200.0
1604,2021-10-22 03:47:45,8840.0,500.0,857700.0
1605,2021-10-22 03:47:39,8840.0,2600.0,857200.0
1606,2021-10-22 03:47:39,8840.0,900.0,854600.0
1607,2021-10-22 03:47:29,8840.0,1700.0,853700.0
1608,2021-10-22 03:47:26,8840.0,400.0,852000.0
1609,2021-10-22 03:47:26,8840.0,1000.0,851600.0
1610,2021-10-22 03:47:26,8840.0,100.0,850600.0
1611,2021-10-22 03:47:26,8840.0,400.0,850500.0
1612,2021-10-22 03:47:07,8840.0,2700.0,850100.0
1613,2021-10-22 03:46:35,8840.0,900.0,847400.0
1614,2021-10-22 03:46:35,8840.0,900.0,846500.0
1615,2021-10-22 03:46:35,8840.0,200.0,845600.0
1616,2021-10-22 03:46:35,8840.0,3000.0,845400.0
1617,2021-10-22 03:46:33,8850.0,2000.0,842400.0
1618,2021-10-22 03:46:27,8850.0,1000.0,840400.0
1619,2021-10-22 03:46:19,8850.0,100.0,839400.0
1620,2021-10-22 03:46:19,8850.0,6600.0,839300.0
1621,2021-10-22 03:46:19,8850.0,4000.0,832700.0
1622,2021-10-22 03:46:12,8850.0,7400.0,828700.0
1623,2021-10-22 03:46:04,8850.0,1000.0,821300.0
1624,2021-10-22 03:46:04,8850.0,1000.0,820300.0
1625,2021-10-22 03:46:04,8850.0,200.0,819300.0
1626,2021-10-22 03:46:04,8850.0,300.0,819100.0
1627,2021-10-22 03:46:04,8850.0,100.0,818800.0
1628,2021-10-22 03:45:34,8850.0,400.0,818700.0
1629,2021-10-22 03:45:34,8850.0,2000.0,818300.0
1630,2021-10-22 03:45:34,8850.0,500.0,816300.0
1631,2021-10-22 03:45:34,8850.0,500.0,815800.0
1632,2021-10-22 03:45:34,8850.0,200.0,815300.0
1633,2021-10-22 03:45:34,8850.0,500.0,815100.0
1634,2021-10-22 03:45:34,8850.0,3000.0,814600.0
1635,2021-10-22 03:45:34,8850.0,700.0,811600.0
1636,2021-10-22 03:45:34,8850.0,100.0,810900.0
1637,2021-10-22 03:45:34,8850.0,100.0,810800.0
1638,2021-10-22 03:45:34,8850.0,700.0,810700.0
1639,2021-10-22 03:45:34,8850.0,100.0,810000.0
1640,2021-10-22 03:45:34,8850.0,1200.0,809900.0
1641,2021-10-22 03:45:20,8850.0,200.0,808700.0
1642,2021-10-22 03:45:20,8850.0,500.0,808500.0
1643,2021-10-22 03:45:20,8850.0,500.0,808000.0
1644,2021-10-22 03:44:58,8850.0,1000.0,807500.0
1645,2021-10-22 03:44:58,8850.0,1000.0,806500.0
1646,2021-10-22 03:44:58,8850.0,900.0,805500.0
1647,2021-10-22 03:44:35,8850.0,100.0,804600.0
1648,2021-10-22 03:44:35,8850.0,1000.0,804500.0
1649,2021-10-22 03:44:35,8850.0,200.0,803500.0
1650,2021-10-22 03:44:35,8850.0,100.0,803300.0
1651,2021-10-22 03:44:35,8850.0,2000.0,803200.0
1652,2021-10-22 03:44:35,8850.0,200.0,801200.0
1653,2021-10-22 03:44:35,8850.0,1000.0,801000.0
1654,2021-10-22 03:44:35,8850.0,100.0,800000.0
1655,2021-10-22 03:44:35,8850.0,4400.0,799900.0
1656,2021-10-22 03:44:30,8850.0,300.0,795500.0
1657,2021-10-22 03:44:27,8850.0,300.0,795200.0
1658,2021-10-22 03:44:27,8850.0,200.0,794900.0
1659,2021-10-22 03:44:17,8850.0,200.0,794700.0
1660,2021-10-22 03:44:17,8850.0,500.0,794500.0
1661,2021-10-22 03:44:17,8850.0,2000.0,794000.0
1662,2021-10-22 03:44:17,8850.0,200.0,792000.0
1663,2021-10-22 03:44:17,8850.0,100.0,791800.0
1664,2021-10-22 03:44:17,8850.0,100.0,791700.0
1665,2021-10-22 03:44:17,8850.0,100.0,791600.0
1666,2021-10-22 03:44:17,8850.0,100.0,791500.0
1667,2021-10-22 03:44:17,8850.0,1000.0,791400.0
1668,2021-10-22 03:44:17,8850.0,500.0,790400.0
1669,2021-10-22 03:44:17,8850.0,1400.0,789900.0
1670,2021-10-22 03:44:08,8850.0,1000.0,788500.0
1671,2021-10-22 03:43:39,8860.0,100.0,787500.0
1672,2021-10-22 03:43:35,8860.0,1000.0,787400.0
1673,2021-10-22 03:43:17,8860.0,600.0,786400.0
1674,2021-10-22 03:43:17,8860.0,400.0,785800.0
1675,2021-10-22 03:43:08,8850.0,2000.0,785400.0
1676,2021-10-22 03:42:54,8850.0,600.0,783400.0
1677,2021-10-22 03:42:54,8850.0,100.0,782800.0
1678,2021-10-22 03:42:54,8850.0,200.0,782700.0
1679,2021-10-22 03:42:54,8850.0,1100.0,782500.0
1680,2021-10-22 03:42:39,8850.0,3900.0,781400.0
1681,2021-10-22 03:42:39,8850.0,100.0,777500.0
1682,2021-10-22 03:42:39,8850.0,100.0,777400.0
1683,2021-10-22 03:42:39,8850.0,200.0,777300.0
1684,2021-10-22 03:42:39,8850.0,200.0,777100.0
1685,2021-10-22 03:42:39,8850.0,1000.0,776900.0
1686,2021-10-22 03:42:39,8850.0,200.0,775900.0
1687,2021-10-22 03:42:39,8850.0,800.0,775700.0
1688,2021-10-22 03:42:35,8860.0,1000.0,774900.0
1689,2021-10-22 03:42:26,8850.0,400.0,773900.0
1690,2021-10-22 03:42:26,8850.0,300.0,773500.0
1691,2021-10-22 03:42:26,8850.0,1000.0,773200.0
1692,2021-10-22 03:42:26,8850.0,500.0,772200.0
1693,2021-10-22 03:42:26,8850.0,500.0,771700.0
1694,2021-10-22 03:42:26,8850.0,200.0,771200.0
1695,2021-10-22 03:42:26,8850.0,800.0,771000.0
1696,2021-10-22 03:42:24,8860.0,200.0,770200.0
1697,2021-10-22 03:41:37,8860.0,100.0,770000.0
1698,2021-10-22 03:41:37,8860.0,200.0,769900.0
1699,2021-10-22 03:41:36,8860.0,1000.0,769700.0
1700,2021-10-22 03:41:25,8860.0,400.0,768700.0
1701,2021-10-22 03:41:10,8860.0,200.0,768300.0
1702,2021-10-22 03:41:09,8860.0,500.0,768100.0
1703,2021-10-22 03:41:05,8860.0,100.0,767600.0
1704,2021-10-22 03:41:05,8860.0,500.0,767500.0
1705,2021-10-22 03:40:49,8860.0,400.0,767000.0
1706,2021-10-22 03:40:17,8850.0,100.0,766600.0
1707,2021-10-22 03:40:17,8850.0,300.0,766500.0
1708,2021-10-22 03:40:17,8850.0,500.0,766200.0
1709,2021-10-22 03:40:17,8850.0,300.0,765700.0
1710,2021-10-22 03:40:17,8850.0,2000.0,765400.0
1711,2021-10-22 03:40:17,8850.0,300.0,763400.0
1712,2021-10-22 03:40:17,8850.0,1000.0,763100.0
1713,2021-10-22 03:39:43,8860.0,300.0,762100.0
1714,2021-10-22 03:39:37,8860.0,100.0,761800.0
1715,2021-10-22 03:39:37,8860.0,100.0,761700.0
1716,2021-10-22 03:39:30,8860.0,100.0,761600.0
1717,2021-10-22 03:39:27,8860.0,400.0,761500.0
1718,2021-10-22 03:39:27,8860.0,300.0,761100.0
1719,2021-10-22 03:39:27,8860.0,3000.0,760800.0
1720,2021-10-22 03:39:27,8860.0,1300.0,757800.0
1721,2021-10-22 03:39:20,8870.0,200.0,756500.0
1722,2021-10-22 03:39:12,8860.0,700.0,756300.0
1723,2021-10-22 03:39:12,8860.0,400.0,755600.0
1724,2021-10-22 03:39:12,8860.0,200.0,755200.0
1725,2021-10-22 03:39:12,8860.0,200.0,755000.0
1726,2021-10-22 03:39:12,8860.0,200.0,754800.0
1727,2021-10-22 03:39:12,8860.0,200.0,754600.0
1728,2021-10-22 03:39:12,8860.0,200.0,754400.0
1729,2021-10-22 03:39:12,8860.0,900.0,754200.0
1730,2021-10-22 03:39:12,8860.0,200.0,753300.0
1731,2021-10-22 03:39:12,8860.0,200.0,753100.0
1732,2021-10-22 03:39:12,8860.0,200.0,752900.0
1733,2021-10-22 03:39:12,8860.0,300.0,752700.0
1734,2021-10-22 03:39:12,8860.0,500.0,752400.0
1735,2021-10-22 03:39:12,8860.0,1000.0,751900.0
1736,2021-10-22 03:39:12,8860.0,1000.0,750900.0
1737,2021-10-22 03:39:12,8860.0,100.0,749900.0
1738,2021-10-22 03:39:12,8860.0,100.0,749800.0
1739,2021-10-22 03:39:12,8860.0,100.0,749700.0
1740,2021-10-22 03:39:12,8860.0,100.0,749600.0
1741,2021-10-22 03:39:12,8860.0,100.0,749500.0
1742,2021-10-22 03:39:12,8860.0,3100.0,749400.0
1743,2021-10-22 03:39:03,8870.0,1300.0,746300.0
1744,2021-10-22 03:38:55,8870.0,200.0,745000.0
1745,2021-10-22 03:38:52,8870.0,100.0,744800.0
1746,2021-10-22 03:38:51,8860.0,3900.0,744700.0
1747,2021-10-22 03:38:51,8860.0,100.0,740800.0
1748,2021-10-22 03:38:41,8870.0,1000.0,740700.0
1749,2021-10-22 03:38:38,8870.0,100.0,739700.0
1750,2021-10-22 03:38:38,8870.0,3500.0,739600.0
1751,2021-10-22 03:38:38,8870.0,100.0,736100.0
1752,2021-10-22 03:38:35,8870.0,100.0,736000.0
1753,2021-10-22 03:38:35,8870.0,100.0,735900.0
1754,2021-10-22 03:38:35,8870.0,100.0,735800.0
1755,2021-10-22 03:38:35,8870.0,300.0,735700.0
1756,2021-10-22 03:38:35,8870.0,400.0,735400.0
1757,2021-10-22 03:38:07,8870.0,100.0,735000.0
1758,2021-10-22 03:38:07,8870.0,500.0,734900.0
1759,2021-10-22 03:38:07,8870.0,100.0,734400.0
1760,2021-10-22 03:38:07,8870.0,200.0,734300.0
1761,2021-10-22 03:38:07,8870.0,100.0,734100.0
1762,2021-10-22 03:37:50,8870.0,1200.0,734000.0
1763,2021-10-22 03:37:50,8870.0,500.0,732800.0
1764,2021-10-22 03:37:50,8870.0,500.0,732300.0
1765,2021-10-22 03:37:50,8870.0,2800.0,731800.0
1766,2021-10-22 03:37:42,8870.0,1000.0,729000.0
1767,2021-10-22 03:37:26,8870.0,600.0,728000.0
1768,2021-10-22 03:36:48,8870.0,1900.0,727400.0
1769,2021-10-22 03:36:29,8880.0,300.0,725500.0
1770,2021-10-22 03:36:29,8880.0,200.0,725200.0
1771,2021-10-22 03:36:21,8870.0,200.0,725000.0
1772,2021-10-22 03:36:17,8870.0,500.0,724800.0
1773,2021-10-22 03:36:17,8870.0,100.0,724300.0
1774,2021-10-22 03:36:17,8870.0,100.0,724200.0
1775,2021-10-22 03:36:17,8870.0,300.0,724100.0
1776,2021-10-22 03:35:13,8870.0,1000.0,723800.0
1777,2021-10-22 03:35:13,8870.0,700.0,722800.0
1778,2021-10-22 03:35:12,8870.0,1000.0,722100.0
1779,2021-10-22 03:34:49,8870.0,100.0,721100.0
1780,2021-10-22 03:34:47,8870.0,2000.0,721000.0
1781,2021-10-22 03:34:46,8870.0,1200.0,719000.0
1782,2021-10-22 03:34:46,8870.0,800.0,717800.0
1783,2021-10-22 03:34:42,8870.0,1500.0,717000.0
1784,2021-10-22 03:34:24,8870.0,1000.0,715500.0
1785,2021-10-22 03:34:12,8870.0,200.0,714500.0
1786,2021-10-22 03:34:08,8870.0,700.0,714300.0
1787,2021-10-22 03:34:08,8870.0,300.0,713600.0
1788,2021-10-22 03:34:08,8870.0,1200.0,713300.0
1789,2021-10-22 03:34:08,8870.0,3900.0,712100.0
1790,2021-10-22 03:34:08,8870.0,400.0,708200.0
1791,2021-10-22 03:34:08,8870.0,500.0,707800.0
1792,2021-10-22 03:34:08,8870.0,1000.0,707300.0
1793,2021-10-22 03:34:08,8870.0,5000.0,706300.0
1794,2021-10-22 03:34:08,8870.0,3500.0,701300.0
1795,2021-10-22 03:33:39,8870.0,100.0,697800.0
1796,2021-10-22 03:33:39,8870.0,200.0,697700.0
1797,2021-10-22 03:33:39,8870.0,100.0,697500.0
1798,2021-10-22 03:33:39,8870.0,200.0,697400.0
1799,2021-10-22 03:33:33,8880.0,500.0,697200.0
1800,2021-10-22 03:33:24,8880.0,300.0,696700.0
1801,2021-10-22 03:33:23,8880.0,500.0,696400.0
1802,2021-10-22 03:32:50,8880.0,900.0,695900.0
1803,2021-10-22 03:32:25,8880.0,100.0,695000.0
1804,2021-10-22 03:32:21,8870.0,2800.0,694900.0
1805,2021-10-22 03:32:21,8870.0,200.0,692100.0
1806,2021-10-22 03:32:21,8870.0,200.0,691900.0
1807,2021-10-22 03:32:21,8870.0,500.0,691700.0
1808,2021-10-22 03:32:21,8870.0,100.0,691200.0
1809,2021-10-22 03:32:21,8870.0,5000.0,691100.0
1810,2021-10-22 03:32:21,8870.0,3000.0,686100.0
1811,2021-10-22 03:32:21,8870.0,1000.0,683100.0
1812,2021-10-22 03:32:21,8870.0,200.0,682100.0
1813,2021-10-22 03:32:18,8880.0,100.0,681900.0
1814,2021-10-22 03:31:56,8880.0,1000.0,681800.0
1815,2021-10-22 03:31:55,8880.0,200.0,680800.0
1816,2021-10-22 03:31:45,8880.0,100.0,680600.0
1817,2021-10-22 03:31:27,8880.0,1100.0,680500.0
1818,2021-10-22 03:31:02,8870.0,800.0,679400.0
1819,2021-10-22 03:31:02,8870.0,200.0,678600.0
1820,2021-10-22 03:30:44,8880.0,1000.0,678400.0
1821,2021-10-22 03:30:40,8880.0,1000.0,677400.0
1822,2021-10-22 03:30:40,8880.0,3600.0,676400.0
1823,2021-10-22 03:30:30,8870.0,200.0,672800.0
1824,2021-10-22 03:30:30,8870.0,300.0,672600.0
1825,2021-10-22 03:30:30,8870.0,200.0,672300.0
1826,2021-10-22 03:30:30,8870.0,200.0,672100.0
1827,2021-10-22 03:30:30,8870.0,200.0,671900.0
1828,2021-10-22 03:30:30,8870.0,200.0,671700.0
1829,2021-10-22 03:30:30,8870.0,300.0,671500.0
1830,2021-10-22 03:30:30,8870.0,300.0,671200.0
1831,2021-10-22 03:30:22,8880.0,1400.0,670900.0
1832,2021-10-22 03:30:22,8880.0,500.0,669500.0
1833,2021-10-22 03:30:03,8880.0,1000.0,669000.0
1834,2021-10-22 03:29:48,8880.0,500.0,668000.0
1835,2021-10-22 03:29:43,8880.0,300.0,667500.0
1836,2021-10-22 03:29:33,8880.0,4000.0,667200.0
1837,2021-10-22 03:29:33,8880.0,200.0,663200.0
1838,2021-10-22 03:29:17,8880.0,1000.0,663000.0
1839,2021-10-22 03:29:05,8880.0,600.0,662000.0
1840,2021-10-22 03:29:01,8870.0,100.0,661400.0
1841,2021-10-22 03:28:59,8880.0,300.0,661300.0
1842,2021-10-22 03:28:46,8880.0,300.0,661000.0
1843,2021-10-22 03:28:38,8880.0,200.0,660700.0
1844,2021-10-22 03:28:26,8880.0,1300.0,660500.0
1845,2021-10-22 03:28:26,8880.0,1000.0,659200.0
1846,2021-10-22 03:28:26,8880.0,200.0,658200.0
1847,2021-10-22 03:28:26,8880.0,500.0,658000.0
1848,2021-10-22 03:28:26,8880.0,100.0,657500.0
1849,2021-10-22 03:28:26,8880.0,1000.0,657400.0
1850,2021-10-22 03:28:26,8880.0,5000.0,656400.0
1851,2021-10-22 03:28:26,8880.0,200.0,651400.0
1852,2021-10-22 03:28:26,8880.0,1500.0,651200.0
1853,2021-10-22 03:28:26,8880.0,300.0,649700.0
1854,2021-10-22 03:28:26,8880.0,10000.0,649400.0
1855,2021-10-22 03:28:21,8900.0,500.0,639400.0
1856,2021-10-22 03:27:34,8900.0,300.0,638900.0
1857,2021-10-22 03:27:05,8900.0,100.0,638600.0
1858,2021-10-22 03:26:13,8900.0,400.0,638500.0
1859,2021-10-22 03:25:10,8900.0,2000.0,638100.0
1860,2021-10-22 03:25:08,8900.0,2000.0,636100.0
1861,2021-10-22 03:25:08,8900.0,500.0,634100.0
1862,2021-10-22 03:25:08,8900.0,100.0,633600.0
1863,2021-10-22 03:25:08,8900.0,300.0,633500.0
1864,2021-10-22 03:25:08,8900.0,2000.0,633200.0
1865,2021-10-22 03:25:08,8900.0,1000.0,631200.0
1866,2021-10-22 03:25:08,8900.0,2000.0,630200.0
1867,2021-10-22 03:25:08,8900.0,4400.0,628200.0
1868,2021-10-22 03:24:05,8900.0,4000.0,623800.0
1869,2021-10-22 03:23:39,8900.0,5800.0,619800.0
1870,2021-10-22 03:23:20,8910.0,1000.0,614000.0
1871,2021-10-22 03:22:52,8900.0,2000.0,613000.0
1872,2021-10-22 03:22:22,8900.0,300.0,611000.0
1873,2021-10-22 03:22:21,8900.0,600.0,610700.0
1874,2021-10-22 03:22:21,8900.0,100.0,610100.0
1875,2021-10-22 03:22:21,8900.0,200.0,610000.0
1876,2021-10-22 03:22:21,8900.0,5600.0,609800.0
1877,2021-10-22 03:22:21,8900.0,100.0,604200.0
1878,2021-10-22 03:22:21,8900.0,800.0,604100.0
1879,2021-10-22 03:22:21,8900.0,200.0,603300.0
1880,2021-10-22 03:22:21,8900.0,1000.0,603100.0
1881,2021-10-22 03:22:21,8900.0,400.0,602100.0
1882,2021-10-22 03:22:21,8900.0,1000.0,601700.0
1883,2021-10-22 03:22:21,8900.0,500.0,600700.0
1884,2021-10-22 03:22:21,8900.0,3200.0,600200.0
1885,2021-10-22 03:22:21,8890.0,8300.0,597000.0
1886,2021-10-22 03:22:21,8890.0,1500.0,588700.0
1887,2021-10-22 03:21:55,8880.0,100.0,587200.0
1888,2021-10-22 03:21:53,8890.0,1500.0,587100.0
1889,2021-10-22 03:21:45,8880.0,200.0,585600.0
1890,2021-10-22 03:21:45,8880.0,800.0,585400.0
1891,2021-10-22 03:21:43,8880.0,200.0,584600.0
1892,2021-10-22 03:21:36,8880.0,1500.0,584400.0
1893,2021-10-22 03:21:33,8880.0,500.0,582900.0
1894,2021-10-22 03:21:17,8880.0,600.0,582400.0
1895,2021-10-22 03:21:17,8870.0,100.0,581800.0
1896,2021-10-22 03:20:57,8880.0,3000.0,581700.0
1897,2021-10-22 03:20:50,8880.0,6000.0,578700.0
1898,2021-10-22 03:20:40,8880.0,400.0,572700.0
1899,2021-10-22 03:20:40,8880.0,600.0,572300.0
1900,2021-10-22 03:20:11,8880.0,600.0,571700.0
1901,2021-10-22 03:20:06,8880.0,500.0,571100.0
1902,2021-10-22 03:20:05,8880.0,300.0,570600.0
1903,2021-10-22 03:20:05,8880.0,700.0,570300.0
1904,2021-10-22 03:20:00,8880.0,300.0,569600.0
1905,2021-10-22 03:19:56,8880.0,100.0,569300.0
1906,2021-10-22 03:19:16,8880.0,2700.0,569200.0
1907,2021-10-22 03:19:10,8880.0,2300.0,566500.0
1908,2021-10-22 03:18:58,8880.0,1000.0,564200.0
1909,2021-10-22 03:18:29,8880.0,500.0,563200.0
1910,2021-10-22 03:18:28,8880.0,2000.0,562700.0
1911,2021-10-22 03:18:28,8880.0,400.0,560700.0
1912,2021-10-22 03:18:28,8880.0,600.0,560300.0
1913,2021-10-22 03:18:23,8880.0,100.0,559700.0
1914,2021-10-22 03:18:23,8880.0,3500.0,559600.0
1915,2021-10-22 03:18:23,8880.0,1000.0,556100.0
1916,2021-10-22 03:18:23,8880.0,100.0,555100.0
1917,2021-10-22 03:18:23,8880.0,400.0,555000.0
1918,2021-10-22 03:18:14,8880.0,300.0,554600.0
1919,2021-10-22 03:18:11,8880.0,200.0,554300.0
1920,2021-10-22 03:18:08,8880.0,1000.0,554100.0
1921,2021-10-22 03:18:04,8880.0,200.0,553100.0
1922,2021-10-22 03:18:01,8880.0,2000.0,552900.0
1923,2021-10-22 03:17:30,8880.0,200.0,550900.0
1924,2021-10-22 03:17:27,8880.0,100.0,550700.0
1925,2021-10-22 03:17:16,8880.0,500.0,550600.0
1926,2021-10-22 03:17:16,8880.0,500.0,550100.0
1927,2021-10-22 03:17:16,8880.0,100.0,549600.0
1928,2021-10-22 03:17:16,8880.0,100.0,549500.0
1929,2021-10-22 03:17:16,8880.0,700.0,549400.0
1930,2021-10-22 03:17:16,8880.0,200.0,548700.0
1931,2021-10-22 03:17:16,8880.0,3500.0,548500.0
1932,2021-10-22 03:16:35,8880.0,1500.0,545000.0
1933,2021-10-22 03:16:35,8880.0,100.0,543500.0
1934,2021-10-22 03:16:35,8880.0,200.0,543400.0
1935,2021-10-22 03:16:35,8880.0,200.0,543200.0
1936,2021-10-22 03:15:46,8880.0,1800.0,543000.0
1937,2021-10-22 03:15:41,8880.0,100.0,541200.0
1938,2021-10-22 03:15:22,8880.0,100.0,541100.0
1939,2021-10-22 03:15:09,8880.0,200.0,541000.0
1940,2021-10-22 03:15:09,8880.0,1000.0,540800.0
1941,2021-10-22 03:15:03,8880.0,100.0,539800.0
1942,2021-10-22 03:14:58,8880.0,100.0,539700.0
1943,2021-10-22 03:14:57,8880.0,1000.0,539600.0
1944,2021-10-22 03:14:57,8880.0,100.0,538600.0
1945,2021-10-22 03:14:55,8880.0,500.0,538500.0
1946,2021-10-22 03:14:48,8880.0,10000.0,538000.0
1947,2021-10-22 03:14:24,8880.0,2000.0,528000.0
1948,2021-10-22 03:14:24,8880.0,1000.0,526000.0
1949,2021-10-22 03:14:24,8880.0,200.0,525000.0
1950,2021-10-22 03:14:24,8880.0,500.0,524800.0
1951,2021-10-22 03:14:24,8880.0,500.0,524300.0
1952,2021-10-22 03:14:24,8880.0,100.0,523800.0
1953,2021-10-22 03:14:24,8880.0,200.0,523700.0
1954,2021-10-22 03:14:24,8880.0,100.0,523500.0
1955,2021-10-22 03:14:24,8880.0,500.0,523400.0
1956,2021-10-22 03:14:24,8880.0,300.0,522900.0
1957,2021-10-22 03:14:24,8880.0,1000.0,522600.0
1958,2021-10-22 03:14:24,8880.0,100.0,521600.0
1959,2021-10-22 03:14:24,8880.0,700.0,521500.0
1960,2021-10-22 03:14:24,8880.0,2000.0,520800.0
1961,2021-10-22 03:14:24,8880.0,1000.0,518800.0
1962,2021-10-22 03:14:24,8880.0,1800.0,517800.0
1963,2021-10-22 03:14:24,8880.0,600.0,516000.0
1964,2021-10-22 03:14:24,8880.0,2000.0,515400.0
1965,2021-10-22 03:14:24,8880.0,1500.0,513400.0
1966,2021-10-22 03:14:24,8880.0,300.0,511900.0
1967,2021-10-22 03:14:24,8880.0,100.0,511600.0
1968,2021-10-22 03:14:24,8880.0,100.0,511500.0
1969,2021-10-22 03:14:24,8880.0,500.0,511400.0
1970,2021-10-22 03:14:24,8880.0,100.0,510900.0
1971,2021-10-22 03:14:24,8880.0,300.0,510800.0
1972,2021-10-22 03:14:24,8880.0,100.0,510500.0
1973,2021-10-22 03:14:24,8880.0,500.0,510400.0
1974,2021-10-22 03:14:24,8880.0,300.0,509900.0
1975,2021-10-22 03:14:24,8880.0,600.0,509600.0
1976,2021-10-22 03:14:24,8880.0,2000.0,509000.0
1977,2021-10-22 03:14:24,8880.0,300.0,507000.0
1978,2021-10-22 03:14:24,8880.0,1000.0,506700.0
1979,2021-10-22 03:14:24,8880.0,300.0,505700.0
1980,2021-10-22 03:14:24,8880.0,100.0,505400.0
1981,2021-10-22 03:14:24,8880.0,100.0,505300.0
1982,2021-10-22 03:14:24,8880.0,100.0,505200.0
1983,2021-10-22 03:14:24,8880.0,100.0,505100.0
1984,2021-10-22 03:14:24,8880.0,100.0,505000.0
1985,2021-10-22 03:14:24,8880.0,100.0,504900.0
1986,2021-10-22 03:14:24,8880.0,500.0,504800.0
1987,2021-10-22 03:14:24,8890.0,100.0,504300.0
1988,2021-10-22 03:14:24,8890.0,100.0,504200.0
1989,2021-10-22 03:14:24,8890.0,100.0,504100.0
1990,2021-10-22 03:14:24,8890.0,200.0,504000.0
1991,2021-10-22 03:14:24,8890.0,10000.0,503800.0
1992,2021-10-22 03:14:24,8890.0,2000.0,493800.0
1993,2021-10-22 03:14:24,8890.0,800.0,491800.0
1994,2021-10-22 03:14:18,8890.0,200.0,491000.0
1995,2021-10-22 03:14:18,8890.0,300.0,490800.0
1996,2021-10-22 03:14:18,8890.0,700.0,490500.0
1997,2021-10-22 03:12:50,8890.0,100.0,489800.0
1998,2021-10-22 03:12:33,8900.0,200.0,489700.0
1999,2021-10-22 03:11:39,8890.0,100.0,489500.0
2000,2021-10-22 03:11:23,8900.0,200.0,489400.0
2001,2021-10-22 03:11:09,8890.0,300.0,489200.0
2002,2021-10-22 03:10:14,8890.0,800.0,488900.0
2003,2021-10-22 03:10:14,8890.0,600.0,488100.0
2004,2021-10-22 03:10:01,8890.0,400.0,487500.0
2005,2021-10-22 03:10:01,8890.0,200.0,487100.0
2006,2021-10-22 03:10:01,8890.0,400.0,486900.0
2007,2021-10-22 03:09:35,8890.0,1200.0,486500.0
2008,2021-10-22 03:09:35,8890.0,300.0,485300.0
2009,2021-10-22 03:09:17,8890.0,700.0,485000.0
2010,2021-10-22 03:09:17,8890.0,1600.0,484300.0
2011,2021-10-22 03:08:50,8890.0,8400.0,482700.0
2012,2021-10-22 03:08:50,8890.0,1000.0,474300.0
2013,2021-10-22 03:08:50,8890.0,600.0,473300.0
2014,2021-10-22 03:08:49,8900.0,1000.0,472700.0
2015,2021-10-22 03:08:20,8900.0,200.0,471700.0
2016,2021-10-22 03:08:10,8900.0,1000.0,471500.0
2017,2021-10-22 03:07:30,8900.0,2000.0,470500.0
2018,2021-10-22 03:06:39,8900.0,700.0,468500.0
2019,2021-10-22 03:06:39,8900.0,1500.0,467800.0
2020,2021-10-22 03:06:19,8900.0,500.0,466300.0
2021,2021-10-22 03:06:19,8900.0,100.0,465800.0
2022,2021-10-22 03:05:31,8910.0,200.0,465700.0
2023,2021-10-22 03:05:06,8900.0,2500.0,465500.0
2024,2021-10-22 03:04:43,8900.0,500.0,463000.0
2025,2021-10-22 03:04:43,8900.0,100.0,462500.0
2026,2021-10-22 03:04:43,8900.0,100.0,462400.0
2027,2021-10-22 03:04:43,8900.0,200.0,462300.0
2028,2021-10-22 03:04:43,8900.0,200.0,462100.0
2029,2021-10-22 03:04:43,8900.0,100.0,461900.0
2030,2021-10-22 03:04:43,8900.0,200.0,461800.0
2031,2021-10-22 03:04:43,8900.0,2400.0,461600.0
2032,2021-10-22 03:04:43,8900.0,1000.0,459200.0
2033,2021-10-22 03:04:43,8900.0,200.0,458200.0
2034,2021-10-22 03:04:24,8910.0,100.0,458000.0
2035,2021-10-22 03:03:54,8910.0,100.0,457900.0
2036,2021-10-22 03:03:41,8900.0,1900.0,457800.0
2037,2021-10-22 03:03:27,8910.0,200.0,455900.0
2038,2021-10-22 03:02:18,8900.0,4000.0,455700.0
2039,2021-10-22 03:01:46,8900.0,1000.0,451700.0
2040,2021-10-22 03:01:40,8900.0,900.0,450700.0
2041,2021-10-22 03:01:08,8910.0,400.0,449800.0
2042,2021-10-22 03:00:57,8900.0,1000.0,449400.0
2043,2021-10-22 03:00:43,8910.0,100.0,448400.0
2044,2021-10-22 03:00:43,8910.0,400.0,448300.0
2045,2021-10-22 03:00:06,8900.0,1000.0,447900.0
2046,2021-10-22 02:59:56,8900.0,100.0,446900.0
2047,2021-10-22 02:59:41,8900.0,100.0,446800.0
2048,2021-10-22 02:59:35,8890.0,400.0,446700.0
2049,2021-10-22 02:59:35,8890.0,100.0,446300.0
2050,2021-10-22 02:59:20,8900.0,1000.0,446200.0
2051,2021-10-22 02:59:17,8900.0,300.0,445200.0
2052,2021-10-22 02:59:17,8900.0,100.0,444900.0
2053,2021-10-22 02:59:17,8900.0,300.0,444800.0
2054,2021-10-22 02:59:17,8900.0,200.0,444500.0
2055,2021-10-22 02:59:17,8900.0,200.0,444300.0
2056,2021-10-22 02:58:52,8900.0,100.0,444100.0
2057,2021-10-22 02:58:23,8900.0,100.0,444000.0
2058,2021-10-22 02:58:23,8900.0,100.0,443900.0
2059,2021-10-22 02:58:23,8900.0,500.0,443800.0
2060,2021-10-22 02:58:23,8900.0,100.0,443300.0
2061,2021-10-22 02:58:23,8900.0,300.0,443200.0
2062,2021-10-22 02:58:23,8900.0,500.0,442900.0
2063,2021-10-22 02:58:23,8900.0,1000.0,442400.0
2064,2021-10-22 02:58:23,8900.0,500.0,441400.0
2065,2021-10-22 02:58:23,8900.0,200.0,440900.0
2066,2021-10-22 02:58:23,8900.0,5000.0,440700.0
2067,2021-10-22 02:58:23,8900.0,5000.0,435700.0
2068,2021-10-22 02:58:23,8900.0,2000.0,430700.0
2069,2021-10-22 02:58:23,8900.0,100.0,428700.0
2070,2021-10-22 02:58:23,8900.0,1200.0,428600.0
2071,2021-10-22 02:58:23,8900.0,1400.0,427400.0
2072,2021-10-22 02:58:13,8910.0,2500.0,426000.0
2073,2021-10-22 02:58:13,8910.0,1900.0,423500.0
2074,2021-10-22 02:58:06,8900.0,100.0,421600.0
2075,2021-10-22 02:57:58,8900.0,100.0,421500.0
2076,2021-10-22 02:57:54,8900.0,100.0,421400.0
2077,2021-10-22 02:57:50,8900.0,1000.0,421300.0
2078,2021-10-22 02:57:41,8900.0,200.0,420300.0
2079,2021-10-22 02:56:55,8910.0,100.0,420100.0
2080,2021-10-22 02:56:55,8910.0,100.0,420000.0
2081,2021-10-22 02:56:44,8900.0,200.0,419900.0
2082,2021-10-22 02:56:37,8900.0,3600.0,419700.0
2083,2021-10-22 02:56:37,8900.0,1000.0,416100.0
2084,2021-10-22 02:56:37,8900.0,300.0,415100.0
2085,2021-10-22 02:56:37,8900.0,8300.0,414800.0
2086,2021-10-22 02:56:33,8910.0,400.0,406500.0
2087,2021-10-22 02:55:52,8910.0,1000.0,406100.0
2088,2021-10-22 02:55:51,8900.0,1700.0,405100.0
2089,2021-10-22 02:55:51,8900.0,300.0,403400.0
2090,2021-10-22 02:55:42,8910.0,1000.0,403100.0
2091,2021-10-22 02:55:05,8900.0,100.0,402100.0
2092,2021-10-22 02:54:33,8900.0,100.0,402000.0
2093,2021-10-22 02:54:33,8900.0,300.0,401900.0
2094,2021-10-22 02:54:33,8900.0,100.0,401600.0
2095,2021-10-22 02:54:00,8910.0,100.0,401500.0
2096,2021-10-22 02:53:46,8900.0,1100.0,401400.0
2097,2021-10-22 02:53:46,8900.0,300.0,400300.0
2098,2021-10-22 02:53:46,8900.0,100.0,400000.0
2099,2021-10-22 02:53:46,8900.0,200.0,399900.0
2100,2021-10-22 02:53:46,8900.0,500.0,399700.0
2101,2021-10-22 02:53:46,8900.0,1700.0,399200.0
2102,2021-10-22 02:53:38,8910.0,100.0,397500.0
