,Time,Price,Volume_per_trade,Volume
0,2021-10-06 07:45:00,32300.0,100.0,179600.0
1,2021-10-06 07:45:00,32300.0,500.0,179500.0
2,2021-10-06 07:45:00,32300.0,300.0,179000.0
3,2021-10-06 07:28:05,32300.0,500.0,178700.0
4,2021-10-06 07:26:37,32300.0,100.0,178200.0
5,2021-10-06 07:22:02,32300.0,100.0,178100.0
6,2021-10-06 07:21:32,32300.0,100.0,178000.0
7,2021-10-06 07:19:21,32300.0,700.0,177900.0
8,2021-10-06 07:17:12,32300.0,200.0,177200.0
9,2021-10-06 07:15:18,32300.0,200.0,177000.0
10,2021-10-06 07:15:18,32300.0,200.0,176800.0
11,2021-10-06 07:13:00,32200.0,200.0,176600.0
12,2021-10-06 07:12:35,32300.0,1300.0,176400.0
13,2021-10-06 07:12:35,32300.0,700.0,175100.0
14,2021-10-06 07:11:05,32200.0,600.0,174400.0
15,2021-10-06 07:11:05,32200.0,400.0,173800.0
16,2021-10-06 07:10:49,32300.0,1000.0,173400.0
17,2021-10-06 07:10:49,32300.0,1400.0,172400.0
18,2021-10-06 07:10:49,32300.0,500.0,171000.0
19,2021-10-06 07:07:49,32300.0,100.0,170500.0
20,2021-10-06 07:07:14,32300.0,2000.0,170400.0
21,2021-10-06 07:07:14,32300.0,400.0,168400.0
22,2021-10-06 07:06:54,32300.0,100.0,168000.0
23,2021-10-06 07:05:09,32300.0,2000.0,167900.0
24,2021-10-06 07:02:03,32300.0,1000.0,165900.0
25,2021-10-06 07:00:00,32300.0,1500.0,164900.0
26,2021-10-06 06:57:57,32400.0,500.0,163400.0
27,2021-10-06 06:54:47,32400.0,3000.0,162900.0
28,2021-10-06 06:54:47,32400.0,500.0,159900.0
29,2021-10-06 06:54:03,32400.0,100.0,159400.0
30,2021-10-06 06:54:00,32400.0,100.0,159300.0
31,2021-10-06 06:52:27,32400.0,1000.0,159200.0
32,2021-10-06 06:51:58,32400.0,100.0,158200.0
33,2021-10-06 06:51:49,32400.0,2000.0,158100.0
34,2021-10-06 06:51:32,32400.0,1000.0,156100.0
35,2021-10-06 06:51:14,32400.0,200.0,155100.0
36,2021-10-06 06:50:49,32400.0,100.0,154900.0
37,2021-10-06 06:50:35,32400.0,200.0,154800.0
38,2021-10-06 06:50:21,32400.0,3000.0,154600.0
39,2021-10-06 06:49:27,32400.0,100.0,151600.0
40,2021-10-06 06:49:20,32400.0,600.0,151500.0
41,2021-10-06 06:49:20,32400.0,400.0,150900.0
42,2021-10-06 06:48:49,32400.0,500.0,150500.0
43,2021-10-06 06:48:20,32400.0,1000.0,150000.0
44,2021-10-06 06:48:20,32400.0,100.0,149000.0
45,2021-10-06 06:47:15,32300.0,200.0,148900.0
46,2021-10-06 06:47:15,32300.0,100.0,148700.0
47,2021-10-06 06:47:15,32300.0,2000.0,148600.0
48,2021-10-06 06:47:15,32300.0,1300.0,146600.0
49,2021-10-06 06:44:36,32200.0,1000.0,145300.0
50,2021-10-06 06:43:20,32100.0,200.0,144300.0
51,2021-10-06 06:42:50,32100.0,100.0,144100.0
52,2021-10-06 06:42:16,32300.0,700.0,144000.0
53,2021-10-06 06:42:07,32250.0,100.0,143300.0
54,2021-10-06 06:42:01,32250.0,900.0,143200.0
55,2021-10-06 06:42:01,32250.0,100.0,142300.0
56,2021-10-06 06:41:26,32200.0,300.0,142200.0
57,2021-10-06 06:41:13,32200.0,1700.0,141900.0
58,2021-10-06 06:41:13,32200.0,300.0,140200.0
59,2021-10-06 06:41:13,32200.0,1000.0,139900.0
60,2021-10-06 06:41:13,32200.0,1000.0,138900.0
61,2021-10-06 06:40:28,32200.0,200.0,137900.0
62,2021-10-06 06:39:59,32200.0,300.0,137700.0
63,2021-10-06 06:39:59,32200.0,1500.0,137400.0
64,2021-10-06 06:39:59,32150.0,100.0,135900.0
65,2021-10-06 06:39:59,32100.0,100.0,135800.0
66,2021-10-06 06:39:59,32100.0,1000.0,135700.0
67,2021-10-06 06:39:42,32050.0,100.0,134700.0
68,2021-10-06 06:39:38,32050.0,200.0,134600.0
69,2021-10-06 06:39:38,32050.0,2000.0,134400.0
70,2021-10-06 06:39:38,32050.0,500.0,132400.0
71,2021-10-06 06:39:38,32050.0,100.0,131900.0
72,2021-10-06 06:39:38,32050.0,200.0,131800.0
73,2021-10-06 06:38:45,32000.0,100.0,131600.0
74,2021-10-06 06:38:29,32000.0,100.0,131500.0
75,2021-10-06 06:38:29,32000.0,1000.0,131400.0
76,2021-10-06 06:38:29,32000.0,200.0,130400.0
77,2021-10-06 06:38:29,32000.0,200.0,130200.0
78,2021-10-06 06:38:29,32000.0,500.0,130000.0
79,2021-10-06 06:38:28,32000.0,100.0,129500.0
80,2021-10-06 06:38:14,32000.0,1400.0,129400.0
81,2021-10-06 06:38:14,32000.0,1500.0,128000.0
82,2021-10-06 06:38:14,32000.0,100.0,126500.0
83,2021-10-06 06:38:03,32000.0,100.0,126400.0
84,2021-10-06 06:38:03,32000.0,100.0,126300.0
85,2021-10-06 06:38:03,32000.0,800.0,126200.0
86,2021-10-06 06:38:01,32000.0,200.0,125400.0
87,2021-10-06 06:38:01,32000.0,1900.0,125200.0
88,2021-10-06 06:38:01,32000.0,1200.0,123300.0
89,2021-10-06 06:38:01,32000.0,500.0,122100.0
90,2021-10-06 06:38:01,32000.0,1200.0,121600.0
91,2021-10-06 06:37:58,32000.0,3800.0,120400.0
92,2021-10-06 06:37:58,32000.0,1000.0,116600.0
93,2021-10-06 06:37:58,32000.0,200.0,115600.0
94,2021-10-06 06:28:42,31900.0,200.0,115400.0
95,2021-10-06 06:25:51,31900.0,1400.0,115200.0
96,2021-10-06 06:25:41,31900.0,1000.0,113800.0
97,2021-10-06 06:25:41,31900.0,1600.0,112800.0
98,2021-10-06 06:24:39,31900.0,400.0,111200.0
99,2021-10-06 06:24:20,31900.0,100.0,110800.0
100,2021-10-06 06:24:06,31900.0,1000.0,110700.0
101,2021-10-06 06:24:03,31900.0,300.0,109700.0
102,2021-10-06 06:24:03,31900.0,200.0,109400.0
103,2021-10-06 06:23:01,31900.0,100.0,109200.0
104,2021-10-06 06:22:59,31900.0,100.0,109100.0
105,2021-10-06 06:22:59,31900.0,900.0,109000.0
106,2021-10-06 06:22:50,31900.0,800.0,108100.0
107,2021-10-06 06:22:50,31900.0,200.0,107300.0
108,2021-10-06 06:22:38,31900.0,200.0,107100.0
109,2021-10-06 06:22:32,31900.0,1000.0,106900.0
110,2021-10-06 06:22:32,31900.0,1000.0,105900.0
111,2021-10-06 06:22:18,31900.0,500.0,104900.0
112,2021-10-06 06:22:17,31900.0,500.0,104400.0
113,2021-10-06 06:21:04,31850.0,1600.0,103900.0
114,2021-10-06 06:21:04,31850.0,400.0,102300.0
115,2021-10-06 06:20:39,31850.0,300.0,101900.0
116,2021-10-06 06:20:27,31850.0,1300.0,101600.0
117,2021-10-06 06:19:33,31850.0,500.0,100300.0
118,2021-10-06 06:19:33,31850.0,200.0,99800.0
119,2021-10-06 06:18:30,31850.0,1800.0,99600.0
120,2021-10-06 06:18:30,31850.0,200.0,97800.0
121,2021-10-06 06:17:40,31850.0,300.0,97600.0
122,2021-10-06 06:17:40,31850.0,1000.0,97300.0
123,2021-10-06 06:17:08,31750.0,1100.0,96300.0
124,2021-10-06 06:17:08,31750.0,300.0,95200.0
125,2021-10-06 06:14:03,31750.0,100.0,94900.0
126,2021-10-06 06:14:03,31750.0,500.0,94800.0
127,2021-10-06 06:14:03,31750.0,200.0,94300.0
128,2021-10-06 06:14:03,31750.0,2000.0,94100.0
129,2021-10-06 06:14:03,31750.0,800.0,92100.0
130,2021-10-06 06:12:11,31750.0,200.0,91300.0
131,2021-10-06 06:11:27,31750.0,1000.0,91100.0
132,2021-10-06 06:09:17,31850.0,500.0,90100.0
133,2021-10-06 06:08:35,31800.0,300.0,89600.0
134,2021-10-06 06:05:43,31800.0,300.0,89300.0
135,2021-10-06 06:05:43,31800.0,300.0,89000.0
136,2021-10-06 06:05:43,31800.0,500.0,88700.0
137,2021-10-06 06:05:43,31800.0,200.0,88200.0
138,2021-10-06 06:05:43,31800.0,200.0,88000.0
139,2021-10-06 06:05:43,31800.0,200.0,87800.0
140,2021-10-06 06:04:07,31800.0,600.0,87600.0
141,2021-10-06 06:02:30,31800.0,200.0,87000.0
142,2021-10-06 06:02:03,31850.0,1000.0,86800.0
143,2021-10-06 04:28:28,31800.0,100.0,85800.0
144,2021-10-06 04:24:27,31800.0,100.0,85700.0
145,2021-10-06 04:18:45,31800.0,100.0,85600.0
146,2021-10-06 04:12:09,31800.0,100.0,85500.0
147,2021-10-06 04:11:29,31750.0,2000.0,85400.0
148,2021-10-06 04:11:21,31800.0,600.0,83400.0
149,2021-10-06 04:11:21,31800.0,400.0,82800.0
150,2021-10-06 04:10:59,31800.0,200.0,82400.0
151,2021-10-06 04:10:51,31800.0,100.0,82200.0
152,2021-10-06 04:06:37,31800.0,100.0,82100.0
153,2021-10-06 04:06:37,31800.0,1600.0,82000.0
154,2021-10-06 04:05:47,31800.0,1000.0,80400.0
155,2021-10-06 04:05:41,31800.0,500.0,79400.0
156,2021-10-06 04:05:41,31800.0,700.0,78900.0
157,2021-10-06 04:05:06,31800.0,1300.0,78200.0
158,2021-10-06 04:05:06,31800.0,500.0,76900.0
159,2021-10-06 04:05:06,31800.0,200.0,76400.0
160,2021-10-06 04:03:53,31800.0,300.0,76200.0
161,2021-10-06 04:03:53,31800.0,500.0,75900.0
162,2021-10-06 04:03:53,31800.0,500.0,75400.0
163,2021-10-06 04:03:53,31800.0,2000.0,74900.0
164,2021-10-06 04:03:53,31800.0,2000.0,72900.0
165,2021-10-06 04:03:53,31800.0,200.0,70900.0
166,2021-10-06 04:03:53,31800.0,2000.0,70700.0
167,2021-10-06 04:03:53,31800.0,1000.0,68700.0
168,2021-10-06 04:03:53,31800.0,1500.0,67700.0
169,2021-10-06 04:03:35,31800.0,1000.0,66200.0
170,2021-10-06 04:03:34,31800.0,100.0,65200.0
171,2021-10-06 04:03:27,31800.0,1000.0,65100.0
172,2021-10-06 04:03:18,31800.0,300.0,64100.0
173,2021-10-06 04:01:30,31800.0,6100.0,63800.0
174,2021-10-06 04:01:30,31850.0,500.0,57700.0
175,2021-10-06 04:01:30,31850.0,300.0,57200.0
176,2021-10-06 03:59:20,31850.0,100.0,56900.0
177,2021-10-06 03:59:06,31850.0,100.0,56800.0
178,2021-10-06 03:59:06,31850.0,200.0,56700.0
179,2021-10-06 03:58:40,31850.0,100.0,56500.0
180,2021-10-06 03:58:40,31850.0,100.0,56400.0
181,2021-10-06 03:58:40,31850.0,400.0,56300.0
182,2021-10-06 03:55:04,31850.0,100.0,55900.0
183,2021-10-06 03:55:04,31850.0,200.0,55800.0
184,2021-10-06 03:49:39,31850.0,200.0,55600.0
185,2021-10-06 03:48:02,31850.0,200.0,55400.0
186,2021-10-06 03:48:02,31850.0,100.0,55200.0
187,2021-10-06 03:48:02,31850.0,500.0,55100.0
188,2021-10-06 03:48:02,31850.0,300.0,54600.0
189,2021-10-06 03:48:02,31850.0,500.0,54300.0
190,2021-10-06 03:48:02,31850.0,2300.0,53800.0
191,2021-10-06 03:46:41,31850.0,500.0,51500.0
192,2021-10-06 03:46:08,31850.0,200.0,51000.0
193,2021-10-06 03:46:08,31850.0,500.0,50800.0
194,2021-10-06 03:46:08,31850.0,500.0,50300.0
195,2021-10-06 03:46:08,31850.0,5100.0,49800.0
196,2021-10-06 03:41:50,31850.0,1000.0,44700.0
197,2021-10-06 03:38:29,31900.0,1000.0,43700.0
198,2021-10-06 03:38:29,31900.0,1000.0,42700.0
199,2021-10-06 03:35:18,31900.0,800.0,41700.0
200,2021-10-06 03:35:10,31900.0,200.0,40900.0
201,2021-10-06 03:35:10,31900.0,300.0,40700.0
202,2021-10-06 03:34:59,31900.0,400.0,40400.0
203,2021-10-06 03:33:23,31900.0,300.0,40000.0
204,2021-10-06 03:33:23,31900.0,100.0,39700.0
205,2021-10-06 03:32:34,31900.0,1000.0,39600.0
206,2021-10-06 03:30:16,31850.0,100.0,38600.0
207,2021-10-06 03:28:09,31850.0,1000.0,38500.0
208,2021-10-06 03:27:33,31850.0,800.0,37500.0
209,2021-10-06 03:27:33,31850.0,100.0,36700.0
210,2021-10-06 03:27:33,31850.0,300.0,36600.0
211,2021-10-06 03:27:33,31850.0,1000.0,36300.0
212,2021-10-06 03:27:33,31850.0,300.0,35300.0
213,2021-10-06 03:25:41,31900.0,1000.0,35000.0
214,2021-10-06 03:22:45,31900.0,1000.0,34000.0
215,2021-10-06 03:20:15,31900.0,1000.0,33000.0
216,2021-10-06 03:18:31,31900.0,1800.0,32000.0
217,2021-10-06 03:18:31,31900.0,400.0,30200.0
218,2021-10-06 03:13:32,31900.0,600.0,29800.0
219,2021-10-06 03:13:32,31900.0,200.0,29200.0
220,2021-10-06 03:13:03,32000.0,800.0,29000.0
221,2021-10-06 03:13:03,32000.0,1000.0,28200.0
222,2021-10-06 03:10:32,32000.0,100.0,27200.0
223,2021-10-06 03:10:32,32000.0,1000.0,27100.0
224,2021-10-06 03:10:32,32000.0,100.0,26100.0
225,2021-10-06 03:09:59,31900.0,100.0,26000.0
226,2021-10-06 03:09:51,31900.0,200.0,25900.0
227,2021-10-06 03:07:38,31900.0,500.0,25700.0
228,2021-10-06 03:07:38,31900.0,100.0,25200.0
229,2021-10-06 03:07:38,31900.0,1000.0,25100.0
230,2021-10-06 03:07:38,31900.0,1300.0,24100.0
231,2021-10-06 03:05:30,31900.0,300.0,22800.0
232,2021-10-06 02:54:51,31900.0,400.0,22500.0
233,2021-10-06 02:53:40,31900.0,2000.0,22100.0
234,2021-10-06 02:52:56,31900.0,100.0,20100.0
235,2021-10-06 02:52:56,31900.0,1300.0,20000.0
236,2021-10-06 02:50:19,31900.0,500.0,18700.0
237,2021-10-06 02:48:45,31900.0,600.0,18200.0
238,2021-10-06 02:45:42,31900.0,100.0,17600.0
239,2021-10-06 02:40:47,31900.0,300.0,17500.0
240,2021-10-06 02:40:47,31900.0,200.0,17200.0
241,2021-10-06 02:40:47,31900.0,500.0,17000.0
242,2021-10-06 02:34:56,31850.0,900.0,16500.0
243,2021-10-06 02:34:56,31900.0,500.0,15600.0
244,2021-10-06 02:34:56,31900.0,500.0,15100.0
245,2021-10-06 02:34:56,31900.0,100.0,14600.0
246,2021-10-06 02:31:20,31850.0,1200.0,14500.0
247,2021-10-06 02:31:20,32000.0,800.0,13300.0
248,2021-10-06 02:29:54,32000.0,100.0,12500.0
249,2021-10-06 02:26:56,32000.0,500.0,12400.0
250,2021-10-06 02:26:56,32000.0,100.0,11900.0
251,2021-10-06 02:26:56,32000.0,400.0,11800.0
252,2021-10-06 02:26:08,31850.0,2500.0,11400.0
253,2021-10-06 02:24:07,31850.0,3600.0,8900.0
254,2021-10-06 02:23:19,32000.0,300.0,5300.0
255,2021-10-06 02:21:44,32000.0,400.0,5000.0
256,2021-10-06 02:21:44,32000.0,300.0,4600.0
257,2021-10-06 02:20:02,32050.0,500.0,4300.0
258,2021-10-06 02:19:02,32050.0,300.0,3800.0
259,2021-10-06 02:16:50,32050.0,700.0,3500.0
260,2021-10-06 02:16:29,32050.0,400.0,2800.0
261,2021-10-06 02:16:19,32050.0,1100.0,2400.0
262,2021-10-06 02:15:31,32000.0,200.0,1300.0
263,2021-10-06 02:15:31,32000.0,100.0,1100.0
264,2021-10-06 02:15:00,31900.0,100.0,1000.0
265,2021-10-06 02:15:00,31900.0,100.0,900.0
266,2021-10-06 02:15:00,31900.0,800.0,800.0
