,Time,Price,Volume_per_trade,Volume
0,2021-10-11 07:45:01,37800.0,500.0,2921200.0
1,2021-10-11 07:45:01,37800.0,100.0,2920700.0
2,2021-10-11 07:45:01,37800.0,100.0,2920600.0
3,2021-10-11 07:45:01,37800.0,1300.0,2920500.0
4,2021-10-11 07:45:01,37800.0,100.0,2919200.0
5,2021-10-11 07:45:01,37800.0,900.0,2919100.0
6,2021-10-11 07:45:01,37800.0,200.0,2918200.0
7,2021-10-11 07:45:01,37800.0,200.0,2918000.0
8,2021-10-11 07:45:01,37800.0,100.0,2917800.0
9,2021-10-11 07:45:01,37800.0,2200.0,2917700.0
10,2021-10-11 07:45:01,37800.0,500.0,2915500.0
11,2021-10-11 07:45:01,37800.0,2000.0,2915000.0
12,2021-10-11 07:45:01,37800.0,300.0,2913000.0
13,2021-10-11 07:45:01,37800.0,100.0,2912700.0
14,2021-10-11 07:45:01,37800.0,100.0,2912600.0
15,2021-10-11 07:45:01,37800.0,600.0,2912500.0
16,2021-10-11 07:45:01,37800.0,2300.0,2911900.0
17,2021-10-11 07:45:01,37800.0,100.0,2909600.0
18,2021-10-11 07:45:01,37800.0,700.0,2909500.0
19,2021-10-11 07:45:01,37800.0,600.0,2908800.0
20,2021-10-11 07:45:01,37800.0,1200.0,2908200.0
21,2021-10-11 07:45:01,37800.0,1000.0,2907000.0
22,2021-10-11 07:45:01,37800.0,300.0,2906000.0
23,2021-10-11 07:45:01,37800.0,1200.0,2905700.0
24,2021-10-11 07:45:01,37800.0,300.0,2904500.0
25,2021-10-11 07:45:01,37800.0,4500.0,2904200.0
26,2021-10-11 07:45:01,37800.0,400.0,2899700.0
27,2021-10-11 07:45:01,37800.0,300.0,2899300.0
28,2021-10-11 07:45:01,37800.0,1700.0,2899000.0
29,2021-10-11 07:45:01,37800.0,900.0,2897300.0
30,2021-10-11 07:45:01,37800.0,1000.0,2896400.0
31,2021-10-11 07:45:01,37800.0,200.0,2895400.0
32,2021-10-11 07:45:01,37800.0,100.0,2895200.0
33,2021-10-11 07:45:01,37800.0,200.0,2895100.0
34,2021-10-11 07:45:01,37800.0,500.0,2894900.0
35,2021-10-11 07:45:01,37800.0,200.0,2894400.0
36,2021-10-11 07:45:01,37800.0,100.0,2894200.0
37,2021-10-11 07:45:01,37800.0,400.0,2894100.0
38,2021-10-11 07:45:01,37800.0,1100.0,2893700.0
39,2021-10-11 07:45:01,37800.0,1000.0,2892600.0
40,2021-10-11 07:45:01,37800.0,500.0,2891600.0
41,2021-10-11 07:45:01,37800.0,500.0,2891100.0
42,2021-10-11 07:45:01,37800.0,500.0,2890600.0
43,2021-10-11 07:45:01,37800.0,900.0,2890100.0
44,2021-10-11 07:45:01,37800.0,1000.0,2889200.0
45,2021-10-11 07:45:01,37800.0,47600.0,2888200.0
46,2021-10-11 07:45:01,37800.0,300.0,2840600.0
47,2021-10-11 07:45:01,37800.0,1000.0,2840300.0
48,2021-10-11 07:45:01,37800.0,1100.0,2839300.0
49,2021-10-11 07:45:01,37800.0,2400.0,2838200.0
50,2021-10-11 07:45:01,37800.0,200.0,2835800.0
51,2021-10-11 07:45:01,37800.0,200.0,2835600.0
52,2021-10-11 07:45:01,37800.0,100.0,2835400.0
53,2021-10-11 07:45:01,37800.0,200.0,2835300.0
54,2021-10-11 07:45:01,37800.0,1000.0,2835100.0
55,2021-10-11 07:45:01,37800.0,100.0,2834100.0
56,2021-10-11 07:45:01,37800.0,800.0,2834000.0
57,2021-10-11 07:45:01,37800.0,1400.0,2833200.0
58,2021-10-11 07:45:01,37800.0,1600.0,2831800.0
59,2021-10-11 07:45:01,37800.0,10000.0,2830200.0
60,2021-10-11 07:45:01,37800.0,600.0,2820200.0
61,2021-10-11 07:45:01,37800.0,10000.0,2819600.0
62,2021-10-11 07:45:01,37800.0,1000.0,2809600.0
63,2021-10-11 07:45:01,37800.0,600.0,2808600.0
64,2021-10-11 07:45:01,37800.0,1200.0,2808000.0
65,2021-10-11 07:45:01,37800.0,6500.0,2806800.0
66,2021-10-11 07:45:01,37800.0,600.0,2800300.0
67,2021-10-11 07:45:01,37800.0,500.0,2799700.0
68,2021-10-11 07:45:01,37800.0,5000.0,2799200.0
69,2021-10-11 07:45:01,37800.0,3000.0,2794200.0
70,2021-10-11 07:45:01,37800.0,1000.0,2791200.0
71,2021-10-11 07:45:01,37800.0,100.0,2790200.0
72,2021-10-11 07:45:01,37800.0,100.0,2790100.0
73,2021-10-11 07:45:01,37800.0,100.0,2790000.0
74,2021-10-11 07:45:01,37800.0,100.0,2789900.0
75,2021-10-11 07:45:01,37800.0,500.0,2789800.0
76,2021-10-11 07:45:01,37800.0,400.0,2789300.0
77,2021-10-11 07:45:01,37800.0,300.0,2788900.0
78,2021-10-11 07:45:01,37800.0,100.0,2788600.0
79,2021-10-11 07:45:01,37800.0,500.0,2788500.0
80,2021-10-11 07:45:01,37800.0,200.0,2788000.0
81,2021-10-11 07:45:01,37800.0,300.0,2787800.0
82,2021-10-11 07:45:01,37800.0,100.0,2787500.0
83,2021-10-11 07:45:01,37800.0,500.0,2787400.0
84,2021-10-11 07:45:01,37800.0,100.0,2786900.0
85,2021-10-11 07:45:01,37800.0,100.0,2786800.0
86,2021-10-11 07:45:01,37800.0,200.0,2786700.0
87,2021-10-11 07:45:01,37800.0,200.0,2786500.0
88,2021-10-11 07:45:01,37800.0,600.0,2786300.0
89,2021-10-11 07:45:01,37800.0,100.0,2785700.0
90,2021-10-11 07:45:01,37800.0,100.0,2785600.0
91,2021-10-11 07:45:01,37800.0,200.0,2785500.0
92,2021-10-11 07:29:56,37750.0,1800.0,2785300.0
93,2021-10-11 07:29:56,37750.0,600.0,2783500.0
94,2021-10-11 07:29:56,37750.0,500.0,2782900.0
95,2021-10-11 07:29:56,37750.0,200.0,2782400.0
96,2021-10-11 07:29:56,37750.0,100.0,2782200.0
97,2021-10-11 07:29:56,37750.0,500.0,2782100.0
98,2021-10-11 07:29:56,37750.0,100.0,2781600.0
99,2021-10-11 07:29:56,37750.0,500.0,2781500.0
100,2021-10-11 07:29:56,37750.0,200.0,2781000.0
101,2021-10-11 07:29:56,37750.0,200.0,2780800.0
102,2021-10-11 07:29:56,37750.0,100.0,2780600.0
103,2021-10-11 07:29:56,37750.0,200.0,2780500.0
104,2021-10-11 07:29:50,37750.0,100.0,2780300.0
105,2021-10-11 07:29:47,37750.0,300.0,2780200.0
106,2021-10-11 07:29:47,37750.0,100.0,2779900.0
107,2021-10-11 07:29:29,37750.0,400.0,2779800.0
108,2021-10-11 07:29:27,37750.0,1200.0,2779400.0
109,2021-10-11 07:29:25,37650.0,500.0,2778200.0
110,2021-10-11 07:29:24,37750.0,1300.0,2777700.0
111,2021-10-11 07:29:24,37700.0,700.0,2776400.0
112,2021-10-11 07:29:23,37700.0,100.0,2775700.0
113,2021-10-11 07:29:23,37700.0,100.0,2775600.0
114,2021-10-11 07:29:23,37700.0,100.0,2775500.0
115,2021-10-11 07:29:19,37750.0,1000.0,2775400.0
116,2021-10-11 07:29:18,37750.0,500.0,2774400.0
117,2021-10-11 07:29:16,37750.0,1700.0,2773900.0
118,2021-10-11 07:29:12,37750.0,1000.0,2772200.0
119,2021-10-11 07:29:05,37750.0,500.0,2771200.0
120,2021-10-11 07:29:04,37750.0,1200.0,2770700.0
121,2021-10-11 07:29:02,37750.0,500.0,2769500.0
122,2021-10-11 07:29:01,37700.0,3300.0,2769000.0
123,2021-10-11 07:29:00,37700.0,300.0,2765700.0
124,2021-10-11 07:29:00,37700.0,5000.0,2765400.0
125,2021-10-11 07:29:00,37700.0,1000.0,2760400.0
126,2021-10-11 07:29:00,37700.0,400.0,2759400.0
127,2021-10-11 07:28:53,37750.0,500.0,2759000.0
128,2021-10-11 07:28:49,37750.0,300.0,2758500.0
129,2021-10-11 07:28:43,37750.0,1200.0,2758200.0
130,2021-10-11 07:28:42,37700.0,200.0,2757000.0
131,2021-10-11 07:28:32,37700.0,400.0,2756800.0
132,2021-10-11 07:28:30,37700.0,500.0,2756400.0
133,2021-10-11 07:28:28,37700.0,100.0,2755900.0
134,2021-10-11 07:28:23,37750.0,1200.0,2755800.0
135,2021-10-11 07:28:19,37750.0,400.0,2754600.0
136,2021-10-11 07:28:12,37750.0,2500.0,2754200.0
137,2021-10-11 07:28:08,37700.0,400.0,2751700.0
138,2021-10-11 07:28:08,37700.0,500.0,2751300.0
139,2021-10-11 07:28:08,37700.0,300.0,2750800.0
140,2021-10-11 07:28:08,37700.0,500.0,2750500.0
141,2021-10-11 07:28:08,37700.0,300.0,2750000.0
142,2021-10-11 07:28:08,37700.0,300.0,2749700.0
143,2021-10-11 07:28:08,37700.0,1000.0,2749400.0
144,2021-10-11 07:28:08,37700.0,300.0,2748400.0
145,2021-10-11 07:28:08,37700.0,100.0,2748100.0
146,2021-10-11 07:28:08,37700.0,700.0,2748000.0
147,2021-10-11 07:28:08,37700.0,100.0,2747300.0
148,2021-10-11 07:28:08,37700.0,300.0,2747200.0
149,2021-10-11 07:28:08,37700.0,100.0,2746900.0
150,2021-10-11 07:28:08,37700.0,100.0,2746800.0
151,2021-10-11 07:28:06,37750.0,500.0,2746700.0
152,2021-10-11 07:28:03,37700.0,2900.0,2746200.0
153,2021-10-11 07:28:03,37700.0,100.0,2743300.0
154,2021-10-11 07:28:03,37700.0,300.0,2743200.0
155,2021-10-11 07:28:02,37750.0,3000.0,2742900.0
156,2021-10-11 07:27:46,37750.0,100.0,2739900.0
157,2021-10-11 07:27:43,37750.0,900.0,2739800.0
158,2021-10-11 07:27:43,37750.0,100.0,2738900.0
159,2021-10-11 07:27:43,37750.0,200.0,2738800.0
160,2021-10-11 07:27:41,37750.0,2500.0,2738600.0
161,2021-10-11 07:27:33,37750.0,200.0,2736100.0
162,2021-10-11 07:27:33,37750.0,1200.0,2735900.0
163,2021-10-11 07:27:33,37750.0,900.0,2734700.0
164,2021-10-11 07:27:25,37750.0,100.0,2733800.0
165,2021-10-11 07:27:23,37750.0,700.0,2733700.0
166,2021-10-11 07:27:22,37750.0,100.0,2733000.0
167,2021-10-11 07:27:20,37750.0,1000.0,2732900.0
168,2021-10-11 07:27:20,37750.0,100.0,2731900.0
169,2021-10-11 07:27:20,37750.0,700.0,2731800.0
170,2021-10-11 07:27:20,37750.0,300.0,2731100.0
171,2021-10-11 07:27:20,37750.0,300.0,2730800.0
172,2021-10-11 07:27:20,37750.0,200.0,2730500.0
173,2021-10-11 07:27:20,37750.0,400.0,2730300.0
174,2021-10-11 07:27:12,37750.0,500.0,2729900.0
175,2021-10-11 07:27:10,37750.0,300.0,2729400.0
176,2021-10-11 07:27:09,37750.0,1000.0,2729100.0
177,2021-10-11 07:27:06,37700.0,800.0,2728100.0
178,2021-10-11 07:27:06,37700.0,100.0,2727300.0
179,2021-10-11 07:27:06,37700.0,100.0,2727200.0
180,2021-10-11 07:27:06,37700.0,1000.0,2727100.0
181,2021-10-11 07:27:06,37700.0,2000.0,2726100.0
182,2021-10-11 07:27:06,37700.0,500.0,2724100.0
183,2021-10-11 07:27:06,37700.0,300.0,2723600.0
184,2021-10-11 07:27:06,37700.0,500.0,2723300.0
185,2021-10-11 07:27:06,37700.0,4700.0,2722800.0
186,2021-10-11 07:27:04,37750.0,800.0,2718100.0
187,2021-10-11 07:27:04,37750.0,100.0,2717300.0
188,2021-10-11 07:27:04,37750.0,600.0,2717200.0
189,2021-10-11 07:27:02,37750.0,100.0,2716600.0
190,2021-10-11 07:27:02,37750.0,100.0,2716500.0
191,2021-10-11 07:27:02,37750.0,100.0,2716400.0
192,2021-10-11 07:27:02,37750.0,900.0,2716300.0
193,2021-10-11 07:26:56,37750.0,1000.0,2715400.0
194,2021-10-11 07:26:53,37750.0,500.0,2714400.0
195,2021-10-11 07:26:44,37750.0,1600.0,2713900.0
196,2021-10-11 07:26:44,37750.0,100.0,2712300.0
197,2021-10-11 07:26:44,37750.0,500.0,2712200.0
198,2021-10-11 07:26:44,37750.0,200.0,2711700.0
199,2021-10-11 07:26:44,37750.0,1000.0,2711500.0
200,2021-10-11 07:26:44,37750.0,1000.0,2710500.0
201,2021-10-11 07:26:44,37750.0,800.0,2709500.0
202,2021-10-11 07:26:44,37750.0,300.0,2708700.0
203,2021-10-11 07:26:44,37750.0,100.0,2708400.0
204,2021-10-11 07:26:44,37750.0,500.0,2708300.0
205,2021-10-11 07:26:44,37750.0,3500.0,2707800.0
206,2021-10-11 07:26:44,37750.0,400.0,2704300.0
207,2021-10-11 07:26:43,37750.0,1200.0,2703900.0
208,2021-10-11 07:26:25,37750.0,900.0,2702700.0
209,2021-10-11 07:26:25,37750.0,300.0,2701800.0
210,2021-10-11 07:26:24,37750.0,400.0,2701500.0
211,2021-10-11 07:26:22,37700.0,300.0,2701100.0
212,2021-10-11 07:26:22,37700.0,200.0,2700800.0
213,2021-10-11 07:26:22,37700.0,300.0,2700600.0
214,2021-10-11 07:26:22,37700.0,200.0,2700300.0
215,2021-10-11 07:26:16,37750.0,700.0,2700100.0
216,2021-10-11 07:26:11,37750.0,400.0,2699400.0
217,2021-10-11 07:26:03,37750.0,300.0,2699000.0
218,2021-10-11 07:25:58,37750.0,400.0,2698700.0
219,2021-10-11 07:25:58,37750.0,1200.0,2698300.0
220,2021-10-11 07:25:44,37750.0,400.0,2697100.0
221,2021-10-11 07:25:39,37750.0,500.0,2696700.0
222,2021-10-11 07:25:36,37700.0,100.0,2696200.0
223,2021-10-11 07:25:33,37750.0,400.0,2696100.0
224,2021-10-11 07:25:30,37700.0,2000.0,2695700.0
225,2021-10-11 07:25:24,37750.0,500.0,2693700.0
226,2021-10-11 07:25:23,37750.0,200.0,2693200.0
227,2021-10-11 07:25:19,37700.0,5000.0,2693000.0
228,2021-10-11 07:25:19,37700.0,100.0,2688000.0
229,2021-10-11 07:25:19,37700.0,300.0,2687900.0
230,2021-10-11 07:25:19,37700.0,100.0,2687600.0
231,2021-10-11 07:25:19,37700.0,500.0,2687500.0
232,2021-10-11 07:25:19,37700.0,4000.0,2687000.0
233,2021-10-11 07:25:19,37700.0,800.0,2683000.0
234,2021-10-11 07:25:19,37700.0,500.0,2682200.0
235,2021-10-11 07:25:19,37700.0,500.0,2681700.0
236,2021-10-11 07:25:19,37700.0,100.0,2681200.0
237,2021-10-11 07:25:19,37700.0,1000.0,2681100.0
238,2021-10-11 07:25:19,37700.0,500.0,2680100.0
239,2021-10-11 07:25:19,37700.0,100.0,2679600.0
240,2021-10-11 07:25:19,37700.0,300.0,2679500.0
241,2021-10-11 07:25:19,37700.0,100.0,2679200.0
242,2021-10-11 07:25:19,37700.0,500.0,2679100.0
243,2021-10-11 07:25:19,37700.0,600.0,2678600.0
244,2021-10-11 07:25:15,37700.0,100.0,2678000.0
245,2021-10-11 07:25:15,37700.0,100.0,2677900.0
246,2021-10-11 07:25:15,37700.0,100.0,2677800.0
247,2021-10-11 07:25:14,37750.0,300.0,2677700.0
248,2021-10-11 07:25:01,37750.0,500.0,2677400.0
249,2021-10-11 07:24:49,37700.0,200.0,2676900.0
250,2021-10-11 07:24:49,37700.0,100.0,2676700.0
251,2021-10-11 07:24:49,37700.0,1100.0,2676600.0
252,2021-10-11 07:24:49,37700.0,600.0,2675500.0
253,2021-10-11 07:24:44,37750.0,300.0,2674900.0
254,2021-10-11 07:24:41,37750.0,400.0,2674600.0
255,2021-10-11 07:24:40,37750.0,400.0,2674200.0
256,2021-10-11 07:24:34,37750.0,1200.0,2673800.0
257,2021-10-11 07:24:29,37750.0,400.0,2672600.0
258,2021-10-11 07:24:28,37750.0,1500.0,2672200.0
259,2021-10-11 07:24:27,37750.0,500.0,2670700.0
260,2021-10-11 07:24:22,37750.0,1000.0,2670200.0
261,2021-10-11 07:24:20,37750.0,400.0,2669200.0
262,2021-10-11 07:24:17,37700.0,1000.0,2668800.0
263,2021-10-11 07:24:11,37750.0,400.0,2667800.0
264,2021-10-11 07:24:10,37750.0,400.0,2667400.0
265,2021-10-11 07:24:08,37700.0,3000.0,2667000.0
266,2021-10-11 07:24:06,37750.0,600.0,2664000.0
267,2021-10-11 07:23:54,37700.0,400.0,2663400.0
268,2021-10-11 07:23:54,37700.0,500.0,2663000.0
269,2021-10-11 07:23:54,37700.0,500.0,2662500.0
270,2021-10-11 07:23:54,37700.0,200.0,2662000.0
271,2021-10-11 07:23:54,37700.0,500.0,2661800.0
272,2021-10-11 07:23:54,37700.0,100.0,2661300.0
273,2021-10-11 07:23:54,37700.0,1000.0,2661200.0
274,2021-10-11 07:23:54,37700.0,300.0,2660200.0
275,2021-10-11 07:23:53,37750.0,100.0,2659900.0
276,2021-10-11 07:23:47,37700.0,200.0,2659800.0
277,2021-10-11 07:23:44,37750.0,600.0,2659600.0
278,2021-10-11 07:23:31,37700.0,300.0,2659000.0
279,2021-10-11 07:23:08,37700.0,200.0,2658700.0
280,2021-10-11 07:22:50,37700.0,100.0,2658500.0
281,2021-10-11 07:22:50,37700.0,300.0,2658400.0
282,2021-10-11 07:22:47,37750.0,100.0,2658100.0
283,2021-10-11 07:22:46,37750.0,10000.0,2658000.0
284,2021-10-11 07:22:36,37750.0,200.0,2648000.0
285,2021-10-11 07:22:28,37750.0,100.0,2647800.0
286,2021-10-11 07:22:26,37700.0,500.0,2647700.0
287,2021-10-11 07:22:25,37750.0,200.0,2647200.0
288,2021-10-11 07:22:20,37700.0,1000.0,2647000.0
289,2021-10-11 07:22:19,37750.0,100.0,2646000.0
290,2021-10-11 07:22:03,37750.0,100.0,2645900.0
291,2021-10-11 07:22:03,37750.0,200.0,2645800.0
292,2021-10-11 07:22:03,37750.0,500.0,2645600.0
293,2021-10-11 07:22:03,37750.0,2900.0,2645100.0
294,2021-10-11 07:22:03,37800.0,200.0,2642200.0
295,2021-10-11 07:22:00,37750.0,100.0,2642000.0
296,2021-10-11 07:22:00,37750.0,300.0,2641900.0
297,2021-10-11 07:22:00,37750.0,600.0,2641600.0
298,2021-10-11 07:21:57,37750.0,100.0,2641000.0
299,2021-10-11 07:21:51,37800.0,100.0,2640900.0
300,2021-10-11 07:21:46,37750.0,500.0,2640800.0
301,2021-10-11 07:21:46,37750.0,300.0,2640300.0
302,2021-10-11 07:21:46,37750.0,200.0,2640000.0
303,2021-10-11 07:21:35,37750.0,100.0,2639800.0
304,2021-10-11 07:21:34,37800.0,200.0,2639700.0
305,2021-10-11 07:21:24,37800.0,100.0,2639500.0
306,2021-10-11 07:21:11,37750.0,100.0,2639400.0
307,2021-10-11 07:21:07,37750.0,3000.0,2639300.0
308,2021-10-11 07:21:03,37800.0,200.0,2636300.0
309,2021-10-11 07:20:59,37750.0,100.0,2636100.0
310,2021-10-11 07:20:51,37800.0,100.0,2636000.0
311,2021-10-11 07:20:48,37750.0,1500.0,2635900.0
312,2021-10-11 07:20:48,37750.0,200.0,2634400.0
313,2021-10-11 07:20:48,37750.0,300.0,2634200.0
314,2021-10-11 07:20:37,37750.0,600.0,2633900.0
315,2021-10-11 07:20:37,37750.0,200.0,2633300.0
316,2021-10-11 07:20:37,37750.0,200.0,2633100.0
317,2021-10-11 07:20:34,37800.0,200.0,2632900.0
318,2021-10-11 07:20:29,37750.0,100.0,2632700.0
319,2021-10-11 07:20:23,37700.0,200.0,2632600.0
320,2021-10-11 07:20:23,37700.0,200.0,2632400.0
321,2021-10-11 07:20:23,37750.0,600.0,2632200.0
322,2021-10-11 07:20:22,37750.0,300.0,2631600.0
323,2021-10-11 07:20:21,37750.0,500.0,2631300.0
324,2021-10-11 07:20:20,37750.0,100.0,2630800.0
325,2021-10-11 07:20:09,37750.0,100.0,2630700.0
326,2021-10-11 07:19:59,37750.0,1000.0,2630600.0
327,2021-10-11 07:19:59,37750.0,3000.0,2629600.0
328,2021-10-11 07:19:59,37750.0,300.0,2626600.0
329,2021-10-11 07:19:59,37750.0,1000.0,2626300.0
330,2021-10-11 07:19:59,37750.0,200.0,2625300.0
331,2021-10-11 07:19:59,37750.0,400.0,2625100.0
332,2021-10-11 07:19:59,37750.0,4100.0,2624700.0
333,2021-10-11 07:19:54,37750.0,100.0,2620600.0
334,2021-10-11 07:19:41,37750.0,200.0,2620500.0
335,2021-10-11 07:19:36,37700.0,800.0,2620300.0
336,2021-10-11 07:19:36,37700.0,200.0,2619500.0
337,2021-10-11 07:19:28,37750.0,100.0,2619300.0
338,2021-10-11 07:19:10,37750.0,100.0,2619200.0
339,2021-10-11 07:18:57,37750.0,200.0,2619100.0
340,2021-10-11 07:18:42,37750.0,100.0,2618900.0
341,2021-10-11 07:18:38,37750.0,100.0,2618800.0
342,2021-10-11 07:18:38,37750.0,100.0,2618700.0
343,2021-10-11 07:18:34,37750.0,200.0,2618600.0
344,2021-10-11 07:18:34,37750.0,200.0,2618400.0
345,2021-10-11 07:18:31,37700.0,1800.0,2618200.0
346,2021-10-11 07:18:31,37700.0,100.0,2616400.0
347,2021-10-11 07:18:31,37700.0,100.0,2616300.0
348,2021-10-11 07:18:29,37750.0,200.0,2616200.0
349,2021-10-11 07:18:17,37750.0,200.0,2616000.0
350,2021-10-11 07:18:05,37700.0,100.0,2615800.0
351,2021-10-11 07:17:52,37750.0,100.0,2615700.0
352,2021-10-11 07:17:38,37750.0,200.0,2615600.0
353,2021-10-11 07:17:22,37750.0,100.0,2615400.0
354,2021-10-11 07:17:08,37700.0,2800.0,2615300.0
355,2021-10-11 07:17:08,37700.0,200.0,2612500.0
356,2021-10-11 07:17:08,37700.0,2600.0,2612300.0
357,2021-10-11 07:17:08,37700.0,200.0,2609700.0
358,2021-10-11 07:17:08,37700.0,100.0,2609500.0
359,2021-10-11 07:17:08,37700.0,200.0,2609400.0
360,2021-10-11 07:17:08,37700.0,1000.0,2609200.0
361,2021-10-11 07:17:08,37700.0,100.0,2608200.0
362,2021-10-11 07:17:08,37700.0,300.0,2608100.0
363,2021-10-11 07:17:08,37700.0,500.0,2607800.0
364,2021-10-11 07:17:08,37700.0,200.0,2607300.0
365,2021-10-11 07:17:08,37700.0,1000.0,2607100.0
366,2021-10-11 07:17:08,37700.0,500.0,2606100.0
367,2021-10-11 07:17:08,37700.0,200.0,2605600.0
368,2021-10-11 07:17:08,37700.0,100.0,2605400.0
369,2021-10-11 07:17:08,37700.0,1000.0,2605300.0
370,2021-10-11 07:17:08,37700.0,5000.0,2604300.0
371,2021-10-11 07:17:08,37700.0,100.0,2599300.0
372,2021-10-11 07:17:08,37700.0,100.0,2599200.0
373,2021-10-11 07:17:08,37700.0,9800.0,2599100.0
374,2021-10-11 07:17:08,37750.0,300.0,2589300.0
375,2021-10-11 07:17:07,37800.0,1400.0,2589000.0
376,2021-10-11 07:17:07,37800.0,200.0,2587600.0
377,2021-10-11 07:16:58,37750.0,700.0,2587400.0
378,2021-10-11 07:16:56,37750.0,500.0,2586700.0
379,2021-10-11 07:16:56,37750.0,1000.0,2586200.0
380,2021-10-11 07:16:56,37750.0,100.0,2585200.0
381,2021-10-11 07:16:56,37750.0,500.0,2585100.0
382,2021-10-11 07:16:56,37750.0,2000.0,2584600.0
383,2021-10-11 07:16:56,37750.0,200.0,2582600.0
384,2021-10-11 07:16:33,37800.0,1200.0,2582400.0
385,2021-10-11 07:16:27,37800.0,300.0,2581200.0
386,2021-10-11 07:16:25,37750.0,800.0,2580900.0
387,2021-10-11 07:16:13,37800.0,400.0,2580100.0
388,2021-10-11 07:16:10,37800.0,900.0,2579700.0
389,2021-10-11 07:16:10,37800.0,300.0,2578800.0
390,2021-10-11 07:15:58,37750.0,100.0,2578500.0
391,2021-10-11 07:15:53,37800.0,700.0,2578400.0
392,2021-10-11 07:15:53,37800.0,3000.0,2577700.0
393,2021-10-11 07:15:53,37800.0,300.0,2574700.0
394,2021-10-11 07:15:53,37800.0,700.0,2574400.0
395,2021-10-11 07:15:45,37800.0,100.0,2573700.0
396,2021-10-11 07:15:42,37800.0,500.0,2573600.0
397,2021-10-11 07:15:39,37750.0,900.0,2573100.0
398,2021-10-11 07:15:39,37750.0,100.0,2572200.0
399,2021-10-11 07:15:34,37800.0,1200.0,2572100.0
400,2021-10-11 07:15:20,37800.0,400.0,2570900.0
401,2021-10-11 07:15:18,37750.0,200.0,2570500.0
402,2021-10-11 07:15:18,37750.0,700.0,2570300.0
403,2021-10-11 07:15:14,37750.0,1200.0,2569600.0
404,2021-10-11 07:15:06,37750.0,100.0,2568400.0
405,2021-10-11 07:15:05,37750.0,600.0,2568300.0
406,2021-10-11 07:15:05,37750.0,100.0,2567700.0
407,2021-10-11 07:15:02,37750.0,500.0,2567600.0
408,2021-10-11 07:14:51,37750.0,1000.0,2567100.0
409,2021-10-11 07:14:47,37750.0,400.0,2566100.0
410,2021-10-11 07:14:46,37750.0,1200.0,2565700.0
411,2021-10-11 07:14:40,37750.0,400.0,2564500.0
412,2021-10-11 07:14:35,37750.0,500.0,2564100.0
413,2021-10-11 07:14:35,37750.0,2000.0,2563600.0
414,2021-10-11 07:14:35,37750.0,1000.0,2561600.0
415,2021-10-11 07:14:35,37750.0,1800.0,2560600.0
416,2021-10-11 07:14:29,37800.0,400.0,2558800.0
417,2021-10-11 07:14:23,37800.0,1200.0,2558400.0
418,2021-10-11 07:14:21,37750.0,200.0,2557200.0
419,2021-10-11 07:14:21,37750.0,100.0,2557000.0
420,2021-10-11 07:14:21,37750.0,100.0,2556900.0
421,2021-10-11 07:14:17,37800.0,500.0,2556800.0
422,2021-10-11 07:14:17,37800.0,100.0,2556300.0
423,2021-10-11 07:14:15,37750.0,5000.0,2556200.0
424,2021-10-11 07:14:10,37800.0,200.0,2551200.0
425,2021-10-11 07:14:00,37800.0,200.0,2551000.0
426,2021-10-11 07:13:59,37800.0,1200.0,2550800.0
427,2021-10-11 07:13:48,37800.0,100.0,2549600.0
428,2021-10-11 07:13:43,37800.0,1200.0,2549500.0
429,2021-10-11 07:13:39,37800.0,200.0,2548300.0
430,2021-10-11 07:13:34,37750.0,1000.0,2548100.0
431,2021-10-11 07:13:33,37750.0,900.0,2547100.0
432,2021-10-11 07:13:33,37750.0,100.0,2546200.0
433,2021-10-11 07:13:28,37800.0,200.0,2546100.0
434,2021-10-11 07:13:18,37750.0,200.0,2545900.0
435,2021-10-11 07:13:18,37800.0,1200.0,2545700.0
436,2021-10-11 07:13:16,37800.0,100.0,2544500.0
437,2021-10-11 07:13:10,37800.0,300.0,2544400.0
438,2021-10-11 07:13:10,37800.0,100.0,2544100.0
439,2021-10-11 07:13:10,37800.0,100.0,2544000.0
440,2021-10-11 07:13:10,37800.0,100.0,2543900.0
441,2021-10-11 07:13:07,37800.0,200.0,2543800.0
442,2021-10-11 07:12:56,37750.0,2700.0,2543600.0
443,2021-10-11 07:12:55,37750.0,300.0,2540900.0
444,2021-10-11 07:12:55,37750.0,900.0,2540600.0
445,2021-10-11 07:12:54,37750.0,100.0,2539700.0
446,2021-10-11 07:12:49,37750.0,500.0,2539600.0
447,2021-10-11 07:12:49,37750.0,100.0,2539100.0
448,2021-10-11 07:12:41,37750.0,100.0,2539000.0
449,2021-10-11 07:12:40,37750.0,1200.0,2538900.0
450,2021-10-11 07:12:29,37750.0,2000.0,2537700.0
451,2021-10-11 07:12:27,37750.0,200.0,2535700.0
452,2021-10-11 07:12:23,37750.0,1200.0,2535500.0
453,2021-10-11 07:12:14,37750.0,100.0,2534300.0
454,2021-10-11 07:12:08,37700.0,100.0,2534200.0
455,2021-10-11 07:11:58,37700.0,100.0,2534100.0
456,2021-10-11 07:11:58,37700.0,300.0,2534000.0
457,2021-10-11 07:11:58,37700.0,4400.0,2533700.0
458,2021-10-11 07:11:49,37700.0,500.0,2529300.0
459,2021-10-11 07:11:46,37700.0,100.0,2528800.0
460,2021-10-11 07:11:46,37700.0,100.0,2528700.0
461,2021-10-11 07:11:46,37700.0,100.0,2528600.0
462,2021-10-11 07:11:46,37700.0,300.0,2528500.0
463,2021-10-11 07:11:46,37700.0,400.0,2528200.0
464,2021-10-11 07:11:36,37700.0,100.0,2527800.0
465,2021-10-11 07:11:34,37700.0,500.0,2527700.0
466,2021-10-11 07:11:34,37700.0,200.0,2527200.0
467,2021-10-11 07:11:34,37700.0,300.0,2527000.0
468,2021-10-11 07:11:30,37700.0,500.0,2526700.0
469,2021-10-11 07:11:29,37700.0,200.0,2526200.0
470,2021-10-11 07:11:29,37700.0,100.0,2526000.0
471,2021-10-11 07:11:21,37700.0,500.0,2525900.0
472,2021-10-11 07:11:17,37700.0,400.0,2525400.0
473,2021-10-11 07:11:07,37700.0,100.0,2525000.0
474,2021-10-11 07:11:01,37700.0,900.0,2524900.0
475,2021-10-11 07:11:01,37700.0,100.0,2524000.0
476,2021-10-11 07:11:01,37700.0,1000.0,2523900.0
477,2021-10-11 07:10:34,37700.0,2000.0,2522900.0
478,2021-10-11 07:10:33,37750.0,200.0,2520900.0
479,2021-10-11 07:10:06,37750.0,100.0,2520700.0
480,2021-10-11 07:10:06,37750.0,300.0,2520600.0
481,2021-10-11 07:09:58,37750.0,700.0,2520300.0
482,2021-10-11 07:09:58,37750.0,200.0,2519600.0
483,2021-10-11 07:09:57,37800.0,300.0,2519400.0
484,2021-10-11 07:09:57,37800.0,300.0,2519100.0
485,2021-10-11 07:09:57,37800.0,600.0,2518800.0
486,2021-10-11 07:09:57,37800.0,200.0,2518200.0
487,2021-10-11 07:09:57,37800.0,1000.0,2518000.0
488,2021-10-11 07:09:57,37800.0,500.0,2517000.0
489,2021-10-11 07:09:57,37800.0,100.0,2516500.0
490,2021-10-11 07:09:57,37800.0,2000.0,2516400.0
491,2021-10-11 07:09:42,37750.0,800.0,2514400.0
492,2021-10-11 07:09:39,37750.0,800.0,2513600.0
493,2021-10-11 07:09:39,37750.0,200.0,2512800.0
494,2021-10-11 07:08:50,37800.0,100.0,2512600.0
495,2021-10-11 07:08:44,37800.0,200.0,2512500.0
496,2021-10-11 07:08:44,37800.0,300.0,2512300.0
497,2021-10-11 07:08:43,37800.0,500.0,2512000.0
498,2021-10-11 07:07:49,37800.0,100.0,2511500.0
499,2021-10-11 07:07:36,37700.0,500.0,2511400.0
500,2021-10-11 07:07:36,37700.0,5000.0,2510900.0
501,2021-10-11 07:07:36,37700.0,100.0,2505900.0
502,2021-10-11 07:07:36,37700.0,100.0,2505800.0
503,2021-10-11 07:07:36,37700.0,2000.0,2505700.0
504,2021-10-11 07:07:36,37700.0,300.0,2503700.0
505,2021-10-11 07:07:36,37700.0,300.0,2503400.0
506,2021-10-11 07:07:36,37700.0,2000.0,2503100.0
507,2021-10-11 07:07:36,37700.0,200.0,2501100.0
508,2021-10-11 07:07:36,37700.0,2000.0,2500900.0
509,2021-10-11 07:07:36,37700.0,200.0,2498900.0
510,2021-10-11 07:07:36,37700.0,200.0,2498700.0
511,2021-10-11 07:07:36,37700.0,200.0,2498500.0
512,2021-10-11 07:07:36,37700.0,100.0,2498300.0
513,2021-10-11 07:07:36,37700.0,1000.0,2498200.0
514,2021-10-11 07:07:36,37700.0,500.0,2497200.0
515,2021-10-11 07:07:36,37700.0,500.0,2496700.0
516,2021-10-11 07:07:36,37700.0,100.0,2496200.0
517,2021-10-11 07:07:36,37700.0,200.0,2496100.0
518,2021-10-11 07:07:36,37700.0,200.0,2495900.0
519,2021-10-11 07:07:36,37700.0,2000.0,2495700.0
520,2021-10-11 07:07:36,37700.0,1000.0,2493700.0
521,2021-10-11 07:07:36,37700.0,100.0,2492700.0
522,2021-10-11 07:07:36,37700.0,200.0,2492600.0
523,2021-10-11 07:07:36,37700.0,100.0,2492400.0
524,2021-10-11 07:07:36,37700.0,9500.0,2492300.0
525,2021-10-11 07:07:36,37750.0,200.0,2482800.0
526,2021-10-11 07:07:36,37750.0,100.0,2482600.0
527,2021-10-11 07:07:36,37750.0,500.0,2482500.0
528,2021-10-11 07:07:36,37750.0,1000.0,2482000.0
529,2021-10-11 07:07:36,37750.0,500.0,2481000.0
530,2021-10-11 07:07:36,37750.0,200.0,2480500.0
531,2021-10-11 07:07:36,37750.0,1000.0,2480300.0
532,2021-10-11 07:07:36,37750.0,1000.0,2479300.0
533,2021-10-11 07:07:36,37750.0,400.0,2478300.0
534,2021-10-11 07:07:36,37750.0,400.0,2477900.0
535,2021-10-11 07:07:36,37750.0,300.0,2477500.0
536,2021-10-11 07:07:36,37750.0,5000.0,2477200.0
537,2021-10-11 07:07:36,37750.0,100.0,2472200.0
538,2021-10-11 07:07:36,37750.0,700.0,2472100.0
539,2021-10-11 07:07:33,37750.0,200.0,2471400.0
540,2021-10-11 07:07:21,37750.0,1000.0,2471200.0
541,2021-10-11 07:07:07,37750.0,200.0,2470200.0
542,2021-10-11 07:06:49,37750.0,9300.0,2470000.0
543,2021-10-11 07:06:49,37750.0,500.0,2460700.0
544,2021-10-11 07:06:49,37750.0,200.0,2460200.0
545,2021-10-11 07:05:48,37800.0,100.0,2460000.0
546,2021-10-11 07:05:45,37800.0,2600.0,2459900.0
547,2021-10-11 07:05:20,37800.0,2300.0,2457300.0
548,2021-10-11 07:05:17,37800.0,100.0,2455000.0
549,2021-10-11 07:05:14,37800.0,400.0,2454900.0
550,2021-10-11 07:05:14,37800.0,200.0,2454500.0
551,2021-10-11 07:05:14,37800.0,900.0,2454300.0
552,2021-10-11 07:04:57,37800.0,2100.0,2453400.0
553,2021-10-11 07:04:57,37800.0,100.0,2451300.0
554,2021-10-11 07:04:40,37800.0,300.0,2451200.0
555,2021-10-11 07:04:40,37800.0,500.0,2450900.0
556,2021-10-11 07:04:40,37800.0,1000.0,2450400.0
557,2021-10-11 07:04:40,37800.0,100.0,2449400.0
558,2021-10-11 07:04:40,37800.0,100.0,2449300.0
559,2021-10-11 07:04:11,37800.0,500.0,2449200.0
560,2021-10-11 07:03:56,37800.0,100.0,2448700.0
561,2021-10-11 07:03:56,37800.0,1300.0,2448600.0
562,2021-10-11 07:03:48,37800.0,100.0,2447300.0
563,2021-10-11 07:03:32,37800.0,200.0,2447200.0
564,2021-10-11 07:03:32,37800.0,3400.0,2447000.0
565,2021-10-11 07:03:24,37850.0,200.0,2443600.0
566,2021-10-11 07:03:22,37800.0,300.0,2443400.0
567,2021-10-11 07:02:56,37850.0,100.0,2443100.0
568,2021-10-11 07:02:56,37800.0,300.0,2443000.0
569,2021-10-11 07:02:56,37800.0,1000.0,2442700.0
570,2021-10-11 07:02:55,37800.0,200.0,2441700.0
571,2021-10-11 07:02:46,37800.0,200.0,2441500.0
572,2021-10-11 07:02:44,37800.0,2000.0,2441300.0
573,2021-10-11 07:02:38,37800.0,100.0,2439300.0
574,2021-10-11 07:02:25,37800.0,1200.0,2439200.0
575,2021-10-11 07:02:24,37800.0,100.0,2438000.0
576,2021-10-11 07:02:15,37800.0,200.0,2437900.0
577,2021-10-11 07:02:10,37800.0,1200.0,2437700.0
578,2021-10-11 07:02:04,37850.0,100.0,2436500.0
579,2021-10-11 07:02:03,37800.0,100.0,2436400.0
580,2021-10-11 07:02:03,37800.0,5900.0,2436300.0
581,2021-10-11 07:01:56,37800.0,100.0,2430400.0
582,2021-10-11 07:01:55,37800.0,1200.0,2430300.0
583,2021-10-11 07:01:51,37800.0,300.0,2429100.0
584,2021-10-11 07:01:47,37800.0,200.0,2428800.0
585,2021-10-11 07:01:46,37800.0,2300.0,2428600.0
586,2021-10-11 07:01:46,37800.0,200.0,2426300.0
587,2021-10-11 07:01:46,37800.0,1400.0,2426100.0
588,2021-10-11 07:01:46,37800.0,500.0,2424700.0
589,2021-10-11 07:01:44,37800.0,2000.0,2424200.0
590,2021-10-11 07:01:35,37800.0,100.0,2422200.0
591,2021-10-11 07:01:31,37800.0,600.0,2422100.0
592,2021-10-11 07:01:31,37800.0,600.0,2421500.0
593,2021-10-11 07:01:23,37800.0,200.0,2420900.0
594,2021-10-11 07:01:13,37800.0,1200.0,2420700.0
595,2021-10-11 07:00:05,37850.0,700.0,2419500.0
596,2021-10-11 07:00:05,37850.0,900.0,2418800.0
597,2021-10-11 07:00:05,37800.0,400.0,2417900.0
598,2021-10-11 06:59:45,37850.0,100.0,2417500.0
599,2021-10-11 06:59:42,37850.0,900.0,2417400.0
600,2021-10-11 06:59:42,37800.0,300.0,2416500.0
601,2021-10-11 06:59:29,37800.0,3200.0,2416200.0
602,2021-10-11 06:59:29,37800.0,100.0,2413000.0
603,2021-10-11 06:59:29,37800.0,200.0,2412900.0
604,2021-10-11 06:59:29,37800.0,300.0,2412700.0
605,2021-10-11 06:59:29,37800.0,900.0,2412400.0
606,2021-10-11 06:59:29,37800.0,500.0,2411500.0
607,2021-10-11 06:59:29,37800.0,100.0,2411000.0
608,2021-10-11 06:59:29,37800.0,5000.0,2410900.0
609,2021-10-11 06:59:29,37800.0,300.0,2405900.0
610,2021-10-11 06:59:29,37800.0,500.0,2405600.0
611,2021-10-11 06:59:29,37800.0,2000.0,2405100.0
612,2021-10-11 06:59:29,37800.0,100.0,2403100.0
613,2021-10-11 06:59:29,37800.0,100.0,2403000.0
614,2021-10-11 06:59:29,37800.0,3100.0,2402900.0
615,2021-10-11 06:59:29,37800.0,800.0,2399800.0
616,2021-10-11 06:59:29,37800.0,300.0,2399000.0
617,2021-10-11 06:59:29,37800.0,100.0,2398700.0
618,2021-10-11 06:59:29,37800.0,500.0,2398600.0
619,2021-10-11 06:59:29,37800.0,500.0,2398100.0
620,2021-10-11 06:59:29,37800.0,1000.0,2397600.0
621,2021-10-11 06:59:29,37800.0,100.0,2396600.0
622,2021-10-11 06:59:29,37800.0,300.0,2396500.0
623,2021-10-11 06:59:18,37800.0,200.0,2396200.0
624,2021-10-11 06:59:18,37800.0,200.0,2396000.0
625,2021-10-11 06:59:11,37800.0,300.0,2395800.0
626,2021-10-11 06:59:11,37750.0,100.0,2395500.0
627,2021-10-11 06:59:03,37800.0,500.0,2395400.0
628,2021-10-11 06:59:03,37800.0,200.0,2394900.0
629,2021-10-11 06:59:03,37800.0,400.0,2394700.0
630,2021-10-11 06:59:03,37750.0,100.0,2394300.0
631,2021-10-11 06:59:00,37700.0,500.0,2394200.0
632,2021-10-11 06:59:00,37700.0,500.0,2393700.0
633,2021-10-11 06:59:00,37700.0,200.0,2393200.0
634,2021-10-11 06:59:00,37700.0,1000.0,2393000.0
635,2021-10-11 06:59:00,37700.0,100.0,2392000.0
636,2021-10-11 06:59:00,37700.0,700.0,2391900.0
637,2021-10-11 06:58:59,37750.0,500.0,2391200.0
638,2021-10-11 06:58:45,37750.0,400.0,2390700.0
639,2021-10-11 06:58:43,37750.0,1000.0,2390300.0
640,2021-10-11 06:58:43,37750.0,200.0,2389300.0
641,2021-10-11 06:58:05,37750.0,100.0,2389100.0
642,2021-10-11 06:57:47,37750.0,500.0,2389000.0
643,2021-10-11 06:57:47,37750.0,500.0,2388500.0
644,2021-10-11 06:57:41,37700.0,3000.0,2388000.0
645,2021-10-11 06:57:38,37750.0,300.0,2385000.0
646,2021-10-11 06:57:38,37750.0,200.0,2384700.0
647,2021-10-11 06:57:34,37750.0,100.0,2384500.0
648,2021-10-11 06:57:31,37750.0,300.0,2384400.0
649,2021-10-11 06:57:31,37750.0,100.0,2384100.0
650,2021-10-11 06:57:31,37750.0,600.0,2384000.0
651,2021-10-11 06:57:06,37750.0,100.0,2383400.0
652,2021-10-11 06:56:57,37750.0,100.0,2383300.0
653,2021-10-11 06:56:43,37750.0,900.0,2383200.0
654,2021-10-11 06:56:43,37750.0,100.0,2382300.0
655,2021-10-11 06:56:43,37750.0,1000.0,2382200.0
656,2021-10-11 06:56:43,37750.0,100.0,2381200.0
657,2021-10-11 06:56:43,37750.0,100.0,2381100.0
658,2021-10-11 06:56:43,37750.0,100.0,2381000.0
659,2021-10-11 06:56:43,37750.0,100.0,2380900.0
660,2021-10-11 06:56:43,37750.0,200.0,2380800.0
661,2021-10-11 06:56:19,37750.0,8000.0,2380600.0
662,2021-10-11 06:56:14,37800.0,1100.0,2372600.0
663,2021-10-11 06:56:14,37800.0,300.0,2371500.0
664,2021-10-11 06:56:14,37800.0,2000.0,2371200.0
665,2021-10-11 06:56:14,37800.0,1600.0,2369200.0
666,2021-10-11 06:56:11,37750.0,100.0,2367600.0
667,2021-10-11 06:55:54,37750.0,1000.0,2367500.0
668,2021-10-11 06:55:53,37800.0,700.0,2366500.0
669,2021-10-11 06:55:53,37800.0,300.0,2365800.0
670,2021-10-11 06:55:44,37800.0,100.0,2365500.0
671,2021-10-11 06:55:32,37800.0,1000.0,2365400.0
672,2021-10-11 06:55:26,37750.0,500.0,2364400.0
673,2021-10-11 06:55:10,37750.0,200.0,2363900.0
674,2021-10-11 06:55:10,37750.0,500.0,2363700.0
675,2021-10-11 06:55:10,37750.0,300.0,2363200.0
676,2021-10-11 06:55:06,37750.0,200.0,2362900.0
677,2021-10-11 06:55:06,37750.0,300.0,2362700.0
678,2021-10-11 06:54:46,37800.0,300.0,2362400.0
679,2021-10-11 06:54:39,37750.0,100.0,2362100.0
680,2021-10-11 06:54:39,37750.0,100.0,2362000.0
681,2021-10-11 06:54:39,37750.0,100.0,2361900.0
682,2021-10-11 06:54:39,37750.0,200.0,2361800.0
683,2021-10-11 06:54:39,37750.0,200.0,2361600.0
684,2021-10-11 06:54:39,37750.0,100.0,2361400.0
685,2021-10-11 06:54:39,37750.0,200.0,2361300.0
686,2021-10-11 06:54:39,37750.0,1000.0,2361100.0
687,2021-10-11 06:54:39,37750.0,200.0,2360100.0
688,2021-10-11 06:54:39,37750.0,200.0,2359900.0
689,2021-10-11 06:54:39,37750.0,10000.0,2359700.0
690,2021-10-11 06:54:39,37750.0,100.0,2349700.0
691,2021-10-11 06:54:39,37750.0,100.0,2349600.0
692,2021-10-11 06:54:39,37750.0,200.0,2349500.0
693,2021-10-11 06:54:39,37750.0,100.0,2349300.0
694,2021-10-11 06:54:39,37750.0,200.0,2349200.0
695,2021-10-11 06:54:39,37750.0,1000.0,2349000.0
696,2021-10-11 06:54:39,37750.0,100.0,2348000.0
697,2021-10-11 06:54:39,37750.0,100.0,2347900.0
698,2021-10-11 06:54:39,37750.0,200.0,2347800.0
699,2021-10-11 06:54:39,37750.0,200.0,2347600.0
700,2021-10-11 06:54:39,37750.0,300.0,2347400.0
701,2021-10-11 06:54:39,37750.0,1000.0,2347100.0
702,2021-10-11 06:54:27,37750.0,3000.0,2346100.0
703,2021-10-11 06:54:19,37800.0,5000.0,2343100.0
704,2021-10-11 06:53:55,37800.0,300.0,2338100.0
705,2021-10-11 06:53:42,37800.0,100.0,2337800.0
706,2021-10-11 06:53:26,37750.0,3500.0,2337700.0
707,2021-10-11 06:53:18,37800.0,3200.0,2334200.0
708,2021-10-11 06:53:09,37750.0,4000.0,2331000.0
709,2021-10-11 06:52:59,37800.0,1200.0,2327000.0
710,2021-10-11 06:52:44,37800.0,100.0,2325800.0
711,2021-10-11 06:52:22,37800.0,400.0,2325700.0
712,2021-10-11 06:52:22,37800.0,1000.0,2325300.0
713,2021-10-11 06:52:22,37800.0,4500.0,2324300.0
714,2021-10-11 06:52:22,37800.0,800.0,2319800.0
715,2021-10-11 06:52:21,37800.0,200.0,2319000.0
716,2021-10-11 06:52:21,37800.0,500.0,2318800.0
717,2021-10-11 06:52:20,37800.0,300.0,2318300.0
718,2021-10-11 06:52:20,37800.0,200.0,2318000.0
719,2021-10-11 06:52:17,37800.0,100.0,2317800.0
720,2021-10-11 06:52:07,37800.0,100.0,2317700.0
721,2021-10-11 06:52:07,37800.0,300.0,2317600.0
722,2021-10-11 06:52:07,37800.0,200.0,2317300.0
723,2021-10-11 06:52:07,37800.0,100.0,2317100.0
724,2021-10-11 06:52:07,37800.0,400.0,2317000.0
725,2021-10-11 06:52:07,37800.0,900.0,2316600.0
726,2021-10-11 06:52:03,37800.0,100.0,2315700.0
727,2021-10-11 06:52:03,37800.0,900.0,2315600.0
728,2021-10-11 06:51:57,37800.0,800.0,2314700.0
729,2021-10-11 06:51:55,37850.0,100.0,2313900.0
730,2021-10-11 06:51:55,37850.0,100.0,2313800.0
731,2021-10-11 06:51:51,37850.0,100.0,2313700.0
732,2021-10-11 06:51:50,37800.0,100.0,2313600.0
733,2021-10-11 06:51:50,37800.0,3000.0,2313500.0
734,2021-10-11 06:51:09,37800.0,200.0,2310500.0
735,2021-10-11 06:51:09,37800.0,1000.0,2310300.0
736,2021-10-11 06:51:00,37800.0,9000.0,2309300.0
737,2021-10-11 06:51:00,37800.0,500.0,2300300.0
738,2021-10-11 06:51:00,37800.0,1000.0,2299800.0
739,2021-10-11 06:51:00,37800.0,300.0,2298800.0
740,2021-10-11 06:51:00,37800.0,1000.0,2298500.0
741,2021-10-11 06:51:00,37800.0,100.0,2297500.0
742,2021-10-11 06:51:00,37800.0,200.0,2297400.0
743,2021-10-11 06:51:00,37800.0,5000.0,2297200.0
744,2021-10-11 06:51:00,37800.0,100.0,2292200.0
745,2021-10-11 06:51:00,37800.0,200.0,2292100.0
746,2021-10-11 06:51:00,37800.0,100.0,2291900.0
747,2021-10-11 06:51:00,37800.0,2500.0,2291800.0
748,2021-10-11 06:50:45,37850.0,300.0,2289300.0
749,2021-10-11 06:50:45,37850.0,200.0,2289000.0
750,2021-10-11 06:50:45,37850.0,700.0,2288800.0
751,2021-10-11 06:50:39,37850.0,100.0,2288100.0
752,2021-10-11 06:49:36,37850.0,400.0,2288000.0
753,2021-10-11 06:49:35,37800.0,1000.0,2287600.0
754,2021-10-11 06:49:35,37800.0,1000.0,2286600.0
755,2021-10-11 06:49:35,37800.0,100.0,2285600.0
756,2021-10-11 06:49:35,37800.0,5000.0,2285500.0
757,2021-10-11 06:49:35,37800.0,700.0,2280500.0
758,2021-10-11 06:49:35,37800.0,2200.0,2279800.0
759,2021-10-11 06:49:27,37850.0,500.0,2277600.0
760,2021-10-11 06:49:20,37850.0,400.0,2277100.0
761,2021-10-11 06:49:08,37850.0,500.0,2276700.0
762,2021-10-11 06:49:02,37850.0,400.0,2276200.0
763,2021-10-11 06:49:02,37850.0,600.0,2275800.0
764,2021-10-11 06:49:02,37850.0,100.0,2275200.0
765,2021-10-11 06:48:59,37850.0,300.0,2275100.0
766,2021-10-11 06:48:53,37850.0,1000.0,2274800.0
767,2021-10-11 06:48:53,37850.0,500.0,2273800.0
768,2021-10-11 06:48:53,37850.0,100.0,2273300.0
769,2021-10-11 06:48:53,37850.0,1100.0,2273200.0
770,2021-10-11 06:48:53,37850.0,100.0,2272100.0
771,2021-10-11 06:48:53,37850.0,100.0,2272000.0
772,2021-10-11 06:48:53,37850.0,100.0,2271900.0
773,2021-10-11 06:48:53,37850.0,300.0,2271800.0
774,2021-10-11 06:48:49,37850.0,400.0,2271500.0
775,2021-10-11 06:48:37,37850.0,400.0,2271100.0
776,2021-10-11 06:48:22,37850.0,800.0,2270700.0
777,2021-10-11 06:48:22,37850.0,400.0,2269900.0
778,2021-10-11 06:48:21,37850.0,100.0,2269500.0
779,2021-10-11 06:48:21,37850.0,400.0,2269400.0
780,2021-10-11 06:48:06,37850.0,100.0,2269000.0
781,2021-10-11 06:48:06,37850.0,500.0,2268900.0
782,2021-10-11 06:48:00,37850.0,100.0,2268400.0
783,2021-10-11 06:47:56,37850.0,200.0,2268300.0
784,2021-10-11 06:47:51,37800.0,100.0,2268100.0
785,2021-10-11 06:47:51,37850.0,200.0,2268000.0
786,2021-10-11 06:47:51,37850.0,100.0,2267800.0
787,2021-10-11 06:47:40,37800.0,100.0,2267700.0
788,2021-10-11 06:47:34,37800.0,2600.0,2267600.0
789,2021-10-11 06:47:34,37800.0,900.0,2265000.0
790,2021-10-11 06:47:34,37850.0,100.0,2264100.0
791,2021-10-11 06:47:22,37850.0,100.0,2264000.0
792,2021-10-11 06:47:10,37850.0,100.0,2263900.0
793,2021-10-11 06:46:53,37800.0,1000.0,2263800.0
794,2021-10-11 06:46:52,37850.0,300.0,2262800.0
795,2021-10-11 06:46:50,37850.0,100.0,2262500.0
796,2021-10-11 06:46:46,37850.0,600.0,2262400.0
797,2021-10-11 06:46:34,37850.0,200.0,2261800.0
798,2021-10-11 06:46:30,37850.0,600.0,2261600.0
799,2021-10-11 06:46:30,37800.0,500.0,2261000.0
800,2021-10-11 06:46:28,37800.0,1500.0,2260500.0
801,2021-10-11 06:46:22,37850.0,100.0,2259000.0
802,2021-10-11 06:46:21,37850.0,300.0,2258900.0
803,2021-10-11 06:46:16,37800.0,600.0,2258600.0
804,2021-10-11 06:46:00,37800.0,800.0,2258000.0
805,2021-10-11 06:45:49,37850.0,200.0,2257200.0
806,2021-10-11 06:45:19,37850.0,500.0,2257000.0
807,2021-10-11 06:45:19,37850.0,100.0,2256500.0
808,2021-10-11 06:45:08,37850.0,200.0,2256400.0
809,2021-10-11 06:44:33,37800.0,700.0,2256200.0
810,2021-10-11 06:44:23,37800.0,200.0,2255500.0
811,2021-10-11 06:42:27,37850.0,700.0,2255300.0
812,2021-10-11 06:42:27,37850.0,5000.0,2254600.0
813,2021-10-11 06:42:27,37850.0,2000.0,2249600.0
814,2021-10-11 06:42:27,37850.0,1800.0,2247600.0
815,2021-10-11 06:41:16,37800.0,800.0,2245800.0
816,2021-10-11 06:41:16,37800.0,4200.0,2245000.0
817,2021-10-11 06:41:13,37850.0,100.0,2240800.0
818,2021-10-11 06:40:59,37850.0,200.0,2240700.0
819,2021-10-11 06:40:56,37850.0,300.0,2240500.0
820,2021-10-11 06:40:52,37800.0,300.0,2240200.0
821,2021-10-11 06:40:51,37800.0,500.0,2239900.0
822,2021-10-11 06:40:51,37800.0,500.0,2239400.0
823,2021-10-11 06:40:42,37800.0,400.0,2238900.0
824,2021-10-11 06:40:08,37800.0,1000.0,2238500.0
825,2021-10-11 06:40:08,37800.0,500.0,2237500.0
826,2021-10-11 06:40:06,37800.0,100.0,2237000.0
827,2021-10-11 06:40:06,37800.0,100.0,2236900.0
828,2021-10-11 06:39:50,37800.0,200.0,2236800.0
829,2021-10-11 06:39:50,37800.0,300.0,2236600.0
830,2021-10-11 06:39:44,37800.0,200.0,2236300.0
831,2021-10-11 06:39:40,37800.0,100.0,2236100.0
832,2021-10-11 06:39:40,37800.0,900.0,2236000.0
833,2021-10-11 06:39:37,37800.0,100.0,2235100.0
834,2021-10-11 06:39:37,37800.0,100.0,2235000.0
835,2021-10-11 06:38:54,37800.0,1900.0,2234900.0
836,2021-10-11 06:38:54,37800.0,100.0,2233000.0
837,2021-10-11 06:38:50,37800.0,500.0,2232900.0
838,2021-10-11 06:38:22,37800.0,500.0,2232400.0
839,2021-10-11 06:37:58,37800.0,200.0,2231900.0
840,2021-10-11 06:37:58,37800.0,300.0,2231700.0
841,2021-10-11 06:37:58,37800.0,500.0,2231400.0
842,2021-10-11 06:37:58,37800.0,200.0,2230900.0
843,2021-10-11 06:37:49,37800.0,100.0,2230700.0
844,2021-10-11 06:37:42,37800.0,300.0,2230600.0
845,2021-10-11 06:37:28,37800.0,100.0,2230300.0
846,2021-10-11 06:37:26,37800.0,1000.0,2230200.0
847,2021-10-11 06:37:17,37800.0,500.0,2229200.0
848,2021-10-11 06:37:06,37800.0,2000.0,2228700.0
849,2021-10-11 06:37:05,37800.0,500.0,2226700.0
850,2021-10-11 06:37:05,37800.0,500.0,2226200.0
851,2021-10-11 06:36:58,37800.0,2500.0,2225700.0
852,2021-10-11 06:36:58,37800.0,1000.0,2223200.0
853,2021-10-11 06:36:58,37800.0,100.0,2222200.0
854,2021-10-11 06:36:58,37800.0,500.0,2222100.0
855,2021-10-11 06:36:58,37800.0,300.0,2221600.0
856,2021-10-11 06:36:58,37800.0,1000.0,2221300.0
857,2021-10-11 06:36:52,37850.0,1000.0,2220300.0
858,2021-10-11 06:36:51,37800.0,1000.0,2219300.0
859,2021-10-11 06:36:51,37800.0,900.0,2218300.0
860,2021-10-11 06:36:47,37800.0,500.0,2217400.0
861,2021-10-11 06:36:27,37800.0,600.0,2216900.0
862,2021-10-11 06:36:16,37800.0,200.0,2216300.0
863,2021-10-11 06:36:16,37800.0,100.0,2216100.0
864,2021-10-11 06:36:16,37800.0,400.0,2216000.0
865,2021-10-11 06:36:15,37800.0,600.0,2215600.0
866,2021-10-11 06:35:55,37800.0,900.0,2215000.0
867,2021-10-11 06:35:55,37800.0,100.0,2214100.0
868,2021-10-11 06:35:42,37800.0,2000.0,2214000.0
869,2021-10-11 06:35:42,37800.0,200.0,2212000.0
870,2021-10-11 06:35:42,37800.0,2800.0,2211800.0
871,2021-10-11 06:35:26,37800.0,200.0,2209000.0
872,2021-10-11 06:35:26,37800.0,300.0,2208800.0
873,2021-10-11 06:35:26,37800.0,1200.0,2208500.0
874,2021-10-11 06:35:26,37800.0,300.0,2207300.0
875,2021-10-11 06:35:23,37800.0,200.0,2207000.0
876,2021-10-11 06:35:23,37800.0,300.0,2206800.0
877,2021-10-11 06:35:23,37800.0,2000.0,2206500.0
878,2021-10-11 06:35:23,37800.0,500.0,2204500.0
879,2021-10-11 06:35:18,37800.0,300.0,2204000.0
880,2021-10-11 06:35:18,37800.0,700.0,2203700.0
881,2021-10-11 06:34:44,37850.0,3100.0,2203000.0
882,2021-10-11 06:34:44,37850.0,300.0,2199900.0
883,2021-10-11 06:34:44,37850.0,100.0,2199600.0
884,2021-10-11 06:34:44,37850.0,300.0,2199500.0
885,2021-10-11 06:34:44,37850.0,500.0,2199200.0
886,2021-10-11 06:34:44,37850.0,100.0,2198700.0
887,2021-10-11 06:34:44,37850.0,500.0,2198600.0
888,2021-10-11 06:34:44,37850.0,100.0,2198100.0
889,2021-10-11 06:34:44,37850.0,100.0,2198000.0
890,2021-10-11 06:34:44,37850.0,2000.0,2197900.0
891,2021-10-11 06:34:44,37850.0,1000.0,2195900.0
892,2021-10-11 06:34:44,37850.0,1300.0,2194900.0
893,2021-10-11 06:34:44,37800.0,1000.0,2193600.0
894,2021-10-11 06:34:36,37800.0,100.0,2192600.0
895,2021-10-11 06:34:35,37800.0,500.0,2192500.0
896,2021-10-11 06:34:27,37800.0,200.0,2192000.0
897,2021-10-11 06:34:26,37800.0,200.0,2191800.0
898,2021-10-11 06:33:55,37800.0,1000.0,2191600.0
899,2021-10-11 06:33:03,37850.0,500.0,2190600.0
900,2021-10-11 06:32:53,37800.0,100.0,2190100.0
901,2021-10-11 06:32:47,37800.0,100.0,2190000.0
902,2021-10-11 06:32:16,37800.0,1100.0,2189900.0
903,2021-10-11 06:32:16,37800.0,200.0,2188800.0
904,2021-10-11 06:32:16,37800.0,100.0,2188600.0
905,2021-10-11 06:32:16,37800.0,1000.0,2188500.0
906,2021-10-11 06:32:16,37800.0,1300.0,2187500.0
907,2021-10-11 06:32:15,37850.0,100.0,2186200.0
908,2021-10-11 06:31:57,37800.0,200.0,2186100.0
909,2021-10-11 06:31:49,37800.0,100.0,2185900.0
910,2021-10-11 06:31:47,37800.0,1000.0,2185800.0
911,2021-10-11 06:31:38,37800.0,1000.0,2184800.0
912,2021-10-11 06:31:06,37850.0,800.0,2183800.0
913,2021-10-11 06:31:04,37850.0,3000.0,2183000.0
914,2021-10-11 06:31:01,37850.0,1000.0,2180000.0
915,2021-10-11 06:30:40,37850.0,1000.0,2179000.0
916,2021-10-11 06:30:31,37800.0,100.0,2178000.0
917,2021-10-11 06:30:20,37800.0,1000.0,2177900.0
918,2021-10-11 06:30:07,37800.0,2400.0,2176900.0
919,2021-10-11 06:30:03,37800.0,300.0,2174500.0
920,2021-10-11 06:29:59,37800.0,1000.0,2174200.0
921,2021-10-11 06:29:30,37800.0,500.0,2173200.0
922,2021-10-11 06:29:00,37800.0,100.0,2172700.0
923,2021-10-11 06:28:57,37800.0,100.0,2172600.0
924,2021-10-11 06:28:37,37800.0,900.0,2172500.0
925,2021-10-11 06:28:37,37800.0,300.0,2171600.0
926,2021-10-11 06:28:37,37800.0,500.0,2171300.0
927,2021-10-11 06:28:37,37800.0,100.0,2170800.0
928,2021-10-11 06:28:37,37800.0,100.0,2170700.0
929,2021-10-11 06:28:37,37800.0,100.0,2170600.0
930,2021-10-11 06:28:37,37800.0,1000.0,2170500.0
931,2021-10-11 06:28:37,37800.0,300.0,2169500.0
932,2021-10-11 06:28:37,37800.0,200.0,2169200.0
933,2021-10-11 06:28:37,37800.0,100.0,2169000.0
934,2021-10-11 06:28:37,37800.0,200.0,2168900.0
935,2021-10-11 06:28:37,37800.0,1200.0,2168700.0
936,2021-10-11 06:28:34,37800.0,200.0,2167500.0
937,2021-10-11 06:28:29,37800.0,100.0,2167300.0
938,2021-10-11 06:28:27,37800.0,2000.0,2167200.0
939,2021-10-11 06:28:18,37800.0,200.0,2165200.0
940,2021-10-11 06:28:18,37800.0,200.0,2165000.0
941,2021-10-11 06:28:09,37850.0,100.0,2164800.0
942,2021-10-11 06:28:07,37850.0,300.0,2164700.0
943,2021-10-11 06:28:07,37850.0,700.0,2164400.0
944,2021-10-11 06:27:50,37850.0,100.0,2163700.0
945,2021-10-11 06:27:50,37850.0,700.0,2163600.0
946,2021-10-11 06:27:50,37850.0,100.0,2162900.0
947,2021-10-11 06:27:50,37850.0,700.0,2162800.0
948,2021-10-11 06:27:50,37850.0,400.0,2162100.0
949,2021-10-11 06:27:44,37850.0,300.0,2161700.0
950,2021-10-11 06:27:41,37800.0,1100.0,2161400.0
951,2021-10-11 06:27:41,37800.0,100.0,2160300.0
952,2021-10-11 06:27:41,37800.0,3000.0,2160200.0
953,2021-10-11 06:27:41,37800.0,100.0,2157200.0
954,2021-10-11 06:27:19,37800.0,400.0,2157100.0
955,2021-10-11 06:27:19,37800.0,300.0,2156700.0
956,2021-10-11 06:27:10,37800.0,200.0,2156400.0
957,2021-10-11 06:27:10,37800.0,200.0,2156200.0
958,2021-10-11 06:27:10,37800.0,100.0,2156000.0
959,2021-10-11 06:27:10,37800.0,100.0,2155900.0
960,2021-10-11 06:27:10,37800.0,100.0,2155800.0
961,2021-10-11 06:27:10,37800.0,1000.0,2155700.0
962,2021-10-11 06:27:10,37800.0,300.0,2154700.0
963,2021-10-11 06:27:09,37800.0,200.0,2154400.0
964,2021-10-11 06:27:09,37800.0,500.0,2154200.0
965,2021-10-11 06:27:09,37800.0,100.0,2153700.0
966,2021-10-11 06:26:55,37800.0,100.0,2153600.0
967,2021-10-11 06:26:55,37800.0,500.0,2153500.0
968,2021-10-11 06:26:55,37800.0,500.0,2153000.0
969,2021-10-11 06:26:55,37800.0,400.0,2152500.0
970,2021-10-11 06:26:49,37800.0,600.0,2152100.0
971,2021-10-11 06:26:49,37800.0,200.0,2151500.0
972,2021-10-11 06:26:49,37800.0,1000.0,2151300.0
973,2021-10-11 06:26:38,37800.0,500.0,2150300.0
974,2021-10-11 06:26:27,37850.0,100.0,2149800.0
975,2021-10-11 06:26:14,37800.0,200.0,2149700.0
976,2021-10-11 06:26:14,37800.0,400.0,2149500.0
977,2021-10-11 06:26:14,37800.0,200.0,2149100.0
978,2021-10-11 06:26:14,37800.0,1000.0,2148900.0
979,2021-10-11 06:26:14,37800.0,500.0,2147900.0
980,2021-10-11 06:26:14,37800.0,200.0,2147400.0
981,2021-10-11 06:26:14,37800.0,500.0,2147200.0
982,2021-10-11 06:26:12,37850.0,200.0,2146700.0
983,2021-10-11 06:26:12,37850.0,200.0,2146500.0
984,2021-10-11 06:26:07,37850.0,100.0,2146300.0
985,2021-10-11 06:26:07,37850.0,800.0,2146200.0
986,2021-10-11 06:26:01,37850.0,1200.0,2145400.0
987,2021-10-11 06:26:01,37850.0,300.0,2144200.0
988,2021-10-11 06:26:01,37850.0,500.0,2143900.0
989,2021-10-11 06:26:01,37850.0,400.0,2143400.0
990,2021-10-11 06:26:01,37850.0,700.0,2143000.0
991,2021-10-11 06:26:01,37850.0,100.0,2142300.0
992,2021-10-11 06:26:01,37850.0,100.0,2142200.0
993,2021-10-11 06:25:57,37850.0,100.0,2142100.0
994,2021-10-11 06:25:57,37850.0,2000.0,2142000.0
995,2021-10-11 06:25:57,37850.0,1000.0,2140000.0
996,2021-10-11 06:25:57,37850.0,500.0,2139000.0
997,2021-10-11 06:25:57,37850.0,3300.0,2138500.0
998,2021-10-11 06:25:55,37850.0,700.0,2135200.0
999,2021-10-11 06:25:53,37850.0,600.0,2134500.0
1000,2021-10-11 06:25:43,37850.0,5100.0,2133900.0
1001,2021-10-11 06:25:35,37850.0,300.0,2128800.0
1002,2021-10-11 06:25:11,37850.0,500.0,2128500.0
1003,2021-10-11 06:25:08,37850.0,500.0,2128000.0
1004,2021-10-11 06:25:08,37850.0,200.0,2127500.0
1005,2021-10-11 06:25:08,37850.0,300.0,2127300.0
1006,2021-10-11 06:25:08,37850.0,500.0,2127000.0
1007,2021-10-11 06:25:08,37850.0,500.0,2126500.0
1008,2021-10-11 06:25:08,37850.0,200.0,2126000.0
1009,2021-10-11 06:25:08,37850.0,500.0,2125800.0
1010,2021-10-11 06:25:06,37850.0,200.0,2125300.0
1011,2021-10-11 06:25:06,37850.0,200.0,2125100.0
1012,2021-10-11 06:24:57,37850.0,1700.0,2124900.0
1013,2021-10-11 06:24:45,37850.0,1000.0,2123200.0
1014,2021-10-11 06:24:37,37850.0,4000.0,2122200.0
1015,2021-10-11 06:24:35,37850.0,1000.0,2118200.0
1016,2021-10-11 06:24:34,37850.0,10000.0,2117200.0
1017,2021-10-11 06:24:30,37850.0,1000.0,2107200.0
1018,2021-10-11 06:24:25,37850.0,300.0,2106200.0
1019,2021-10-11 06:24:23,37850.0,1000.0,2105900.0
1020,2021-10-11 06:24:19,37850.0,500.0,2104900.0
1021,2021-10-11 06:23:52,37850.0,500.0,2104400.0
1022,2021-10-11 06:23:37,37900.0,100.0,2103900.0
1023,2021-10-11 06:22:58,37900.0,300.0,2103800.0
1024,2021-10-11 06:22:57,37900.0,500.0,2103500.0
1025,2021-10-11 06:22:50,37900.0,200.0,2103000.0
1026,2021-10-11 06:21:59,37900.0,500.0,2102800.0
1027,2021-10-11 06:21:54,37900.0,300.0,2102300.0
1028,2021-10-11 06:21:54,37900.0,500.0,2102000.0
1029,2021-10-11 06:21:54,37900.0,1700.0,2101500.0
1030,2021-10-11 06:21:40,37900.0,1000.0,2099800.0
1031,2021-10-11 06:21:04,37900.0,100.0,2098800.0
1032,2021-10-11 06:20:59,37900.0,1000.0,2098700.0
1033,2021-10-11 06:20:59,37900.0,500.0,2097700.0
1034,2021-10-11 06:20:59,37900.0,100.0,2097200.0
1035,2021-10-11 06:20:59,37900.0,200.0,2097100.0
1036,2021-10-11 06:20:59,37900.0,2000.0,2096900.0
1037,2021-10-11 06:20:59,37900.0,1600.0,2094900.0
1038,2021-10-11 06:20:59,37900.0,500.0,2093300.0
1039,2021-10-11 06:20:59,37900.0,1300.0,2092800.0
1040,2021-10-11 06:20:35,37900.0,1700.0,2091500.0
1041,2021-10-11 06:20:35,37900.0,300.0,2089800.0
1042,2021-10-11 06:20:16,37900.0,200.0,2089500.0
1043,2021-10-11 06:20:13,37900.0,700.0,2089300.0
1044,2021-10-11 06:20:10,37900.0,100.0,2088600.0
1045,2021-10-11 06:20:10,37900.0,1000.0,2088500.0
1046,2021-10-11 06:20:10,37900.0,600.0,2087500.0
1047,2021-10-11 06:20:10,37900.0,900.0,2086900.0
1048,2021-10-11 06:20:10,37900.0,300.0,2086000.0
1049,2021-10-11 06:20:10,37900.0,1100.0,2085700.0
1050,2021-10-11 06:20:05,37900.0,100.0,2084600.0
1051,2021-10-11 06:20:02,37900.0,500.0,2084500.0
1052,2021-10-11 06:19:37,37900.0,100.0,2084000.0
1053,2021-10-11 06:19:14,37900.0,500.0,2083900.0
1054,2021-10-11 06:19:12,37900.0,1000.0,2083400.0
1055,2021-10-11 06:18:57,37900.0,2400.0,2082400.0
1056,2021-10-11 06:18:50,37900.0,500.0,2080000.0
1057,2021-10-11 06:18:45,37900.0,500.0,2079500.0
1058,2021-10-11 06:18:45,37900.0,1000.0,2079000.0
1059,2021-10-11 06:18:45,37900.0,100.0,2078000.0
1060,2021-10-11 06:18:45,37900.0,200.0,2077900.0
1061,2021-10-11 06:18:45,37900.0,1000.0,2077700.0
1062,2021-10-11 06:18:45,37900.0,500.0,2076700.0
1063,2021-10-11 06:18:45,37900.0,100.0,2076200.0
1064,2021-10-11 06:18:45,37900.0,700.0,2076100.0
1065,2021-10-11 06:18:45,37900.0,1800.0,2075400.0
1066,2021-10-11 06:18:45,37900.0,100.0,2073600.0
1067,2021-10-11 06:18:45,37900.0,200.0,2073500.0
1068,2021-10-11 06:18:45,37900.0,600.0,2073300.0
1069,2021-10-11 06:18:45,37900.0,300.0,2072700.0
1070,2021-10-11 06:18:45,37900.0,500.0,2072400.0
1071,2021-10-11 06:18:45,37900.0,2000.0,2071900.0
1072,2021-10-11 06:18:45,37900.0,700.0,2069900.0
1073,2021-10-11 06:18:45,37900.0,400.0,2069200.0
1074,2021-10-11 06:18:45,37900.0,1000.0,2068800.0
1075,2021-10-11 06:18:45,37900.0,100.0,2067800.0
1076,2021-10-11 06:18:45,37900.0,700.0,2067700.0
1077,2021-10-11 06:18:45,37900.0,300.0,2067000.0
1078,2021-10-11 06:18:34,37900.0,300.0,2066700.0
1079,2021-10-11 06:18:18,37900.0,100.0,2066400.0
1080,2021-10-11 06:18:18,37900.0,300.0,2066300.0
1081,2021-10-11 06:18:18,37900.0,500.0,2066000.0
1082,2021-10-11 06:18:18,37900.0,100.0,2065500.0
1083,2021-10-11 06:18:18,37900.0,1300.0,2065400.0
1084,2021-10-11 06:18:11,37900.0,100.0,2064100.0
1085,2021-10-11 06:18:04,37900.0,2000.0,2064000.0
1086,2021-10-11 06:17:36,37900.0,900.0,2062000.0
1087,2021-10-11 06:17:31,37900.0,100.0,2061100.0
1088,2021-10-11 06:17:24,37900.0,2600.0,2061000.0
1089,2021-10-11 06:17:18,37900.0,200.0,2058400.0
1090,2021-10-11 06:17:10,37900.0,500.0,2058200.0
1091,2021-10-11 06:16:55,37900.0,700.0,2057700.0
1092,2021-10-11 06:16:48,37900.0,5000.0,2057000.0
1093,2021-10-11 06:16:22,37900.0,2000.0,2052000.0
1094,2021-10-11 06:16:12,37950.0,500.0,2050000.0
1095,2021-10-11 06:16:02,37900.0,100.0,2049500.0
1096,2021-10-11 06:15:37,37900.0,2000.0,2049400.0
1097,2021-10-11 06:15:37,37950.0,3000.0,2047400.0
1098,2021-10-11 06:15:37,37950.0,200.0,2044400.0
1099,2021-10-11 06:15:37,37950.0,100.0,2044200.0
1100,2021-10-11 06:15:37,37950.0,800.0,2044100.0
1101,2021-10-11 06:15:37,37950.0,500.0,2043300.0
1102,2021-10-11 06:15:37,37950.0,100.0,2042800.0
1103,2021-10-11 06:15:30,37950.0,100.0,2042700.0
1104,2021-10-11 06:15:30,37950.0,900.0,2042600.0
1105,2021-10-11 06:15:23,37950.0,100.0,2041700.0
1106,2021-10-11 06:14:43,37950.0,100.0,2041600.0
1107,2021-10-11 06:14:43,37950.0,1000.0,2041500.0
1108,2021-10-11 06:14:43,37950.0,900.0,2040500.0
1109,2021-10-11 06:14:38,37950.0,600.0,2039600.0
1110,2021-10-11 06:14:37,37950.0,1500.0,2039000.0
1111,2021-10-11 06:14:37,37950.0,8500.0,2037500.0
1112,2021-10-11 06:14:36,37950.0,500.0,2029000.0
1113,2021-10-11 06:14:32,37950.0,200.0,2028500.0
1114,2021-10-11 06:14:07,37950.0,800.0,2028300.0
1115,2021-10-11 06:14:07,37950.0,200.0,2027500.0
1116,2021-10-11 06:14:07,37950.0,100.0,2027300.0
1117,2021-10-11 06:14:06,37950.0,500.0,2027200.0
1118,2021-10-11 06:13:35,37950.0,4200.0,2026700.0
1119,2021-10-11 06:13:35,37950.0,5000.0,2022500.0
1120,2021-10-11 06:13:35,37950.0,800.0,2017500.0
1121,2021-10-11 06:12:53,38000.0,400.0,2016700.0
1122,2021-10-11 06:12:53,38000.0,1500.0,2016300.0
1123,2021-10-11 06:12:53,38000.0,800.0,2014800.0
1124,2021-10-11 06:12:29,38000.0,200.0,2014000.0
1125,2021-10-11 06:12:29,38000.0,500.0,2013800.0
1126,2021-10-11 06:12:29,38000.0,500.0,2013300.0
1127,2021-10-11 06:12:29,38000.0,200.0,2012800.0
1128,2021-10-11 06:12:29,38000.0,500.0,2012600.0
1129,2021-10-11 06:12:29,38000.0,200.0,2012100.0
1130,2021-10-11 06:12:29,38000.0,100.0,2011900.0
1131,2021-10-11 06:12:29,38000.0,200.0,2011800.0
1132,2021-10-11 06:12:29,38000.0,200.0,2011600.0
1133,2021-10-11 06:12:29,38000.0,900.0,2011400.0
1134,2021-10-11 06:12:29,38000.0,300.0,2010500.0
1135,2021-10-11 06:12:29,38000.0,200.0,2010200.0
1136,2021-10-11 06:12:29,38000.0,1000.0,2010000.0
1137,2021-10-11 06:12:29,38000.0,100.0,2009000.0
1138,2021-10-11 06:12:29,38000.0,200.0,2008900.0
1139,2021-10-11 06:12:29,38000.0,300.0,2008700.0
1140,2021-10-11 06:12:29,38000.0,500.0,2008400.0
1141,2021-10-11 06:12:29,38000.0,1000.0,2007900.0
1142,2021-10-11 06:12:29,38000.0,100.0,2006900.0
1143,2021-10-11 06:12:29,38000.0,500.0,2006800.0
1144,2021-10-11 06:12:29,38000.0,10000.0,2006300.0
1145,2021-10-11 06:12:29,38000.0,800.0,1996300.0
1146,2021-10-11 06:12:20,37950.0,100.0,1995500.0
1147,2021-10-11 06:12:18,37950.0,200.0,1995400.0
1148,2021-10-11 06:12:18,37950.0,300.0,1995200.0
1149,2021-10-11 06:12:16,37950.0,100.0,1994900.0
1150,2021-10-11 06:12:12,37950.0,600.0,1994800.0
1151,2021-10-11 06:12:11,37950.0,200.0,1994200.0
1152,2021-10-11 06:12:05,37950.0,200.0,1994000.0
1153,2021-10-11 06:11:56,37950.0,200.0,1993800.0
1154,2021-10-11 06:11:53,37950.0,3800.0,1993600.0
1155,2021-10-11 06:11:53,37950.0,200.0,1989800.0
1156,2021-10-11 06:11:42,38000.0,10000.0,1989600.0
1157,2021-10-11 06:11:35,37900.0,100.0,1979600.0
1158,2021-10-11 06:11:30,38000.0,25900.0,1979500.0
1159,2021-10-11 06:11:30,37950.0,700.0,1953600.0
1160,2021-10-11 06:11:30,37950.0,1000.0,1952900.0
1161,2021-10-11 06:11:30,37950.0,500.0,1951900.0
1162,2021-10-11 06:11:30,37950.0,1400.0,1951400.0
1163,2021-10-11 06:11:30,37950.0,1000.0,1950000.0
1164,2021-10-11 06:11:30,37950.0,1000.0,1949000.0
1165,2021-10-11 06:11:30,37950.0,100.0,1948000.0
1166,2021-10-11 06:11:30,37950.0,1000.0,1947900.0
1167,2021-10-11 06:11:30,37950.0,300.0,1946900.0
1168,2021-10-11 06:11:22,37900.0,1000.0,1946600.0
1169,2021-10-11 06:11:03,37950.0,100.0,1945600.0
1170,2021-10-11 06:10:54,37950.0,100.0,1945500.0
1171,2021-10-11 06:10:54,37950.0,400.0,1945400.0
1172,2021-10-11 06:10:50,37950.0,100.0,1945000.0
1173,2021-10-11 06:10:50,37950.0,200.0,1944900.0
1174,2021-10-11 06:10:50,37950.0,200.0,1944700.0
1175,2021-10-11 06:10:42,37950.0,100.0,1944500.0
1176,2021-10-11 06:10:41,37900.0,700.0,1944400.0
1177,2021-10-11 06:10:31,37950.0,200.0,1943700.0
1178,2021-10-11 06:10:29,37900.0,700.0,1943500.0
1179,2021-10-11 06:10:29,37900.0,300.0,1942800.0
1180,2021-10-11 06:10:29,37900.0,500.0,1942500.0
1181,2021-10-11 06:10:29,37900.0,400.0,1942000.0
1182,2021-10-11 06:10:23,37950.0,1000.0,1941600.0
1183,2021-10-11 06:10:20,38000.0,3300.0,1940600.0
1184,2021-10-11 06:10:20,38000.0,200.0,1937300.0
1185,2021-10-11 06:10:20,38000.0,100.0,1937100.0
1186,2021-10-11 06:10:20,38000.0,300.0,1937000.0
1187,2021-10-11 06:10:20,38000.0,500.0,1936700.0
1188,2021-10-11 06:10:20,38000.0,2000.0,1936200.0
1189,2021-10-11 06:10:20,38000.0,300.0,1934200.0
1190,2021-10-11 06:10:20,38000.0,600.0,1933900.0
1191,2021-10-11 06:10:20,38000.0,500.0,1933300.0
1192,2021-10-11 06:10:20,38000.0,100.0,1932800.0
1193,2021-10-11 06:10:20,38000.0,300.0,1932700.0
1194,2021-10-11 06:10:20,38000.0,3700.0,1932400.0
1195,2021-10-11 06:10:20,37950.0,600.0,1928700.0
1196,2021-10-11 06:10:20,37950.0,2000.0,1928100.0
1197,2021-10-11 06:10:20,37950.0,1000.0,1926100.0
1198,2021-10-11 06:10:20,37950.0,200.0,1925100.0
1199,2021-10-11 06:10:20,37950.0,100.0,1924900.0
1200,2021-10-11 06:10:20,37950.0,1800.0,1924800.0
1201,2021-10-11 06:10:20,37950.0,2400.0,1923000.0
1202,2021-10-11 06:10:19,37950.0,500.0,1920600.0
1203,2021-10-11 06:10:17,37950.0,1100.0,1920100.0
1204,2021-10-11 06:10:17,37950.0,900.0,1919000.0
1205,2021-10-11 06:10:15,37950.0,100.0,1918100.0
1206,2021-10-11 06:10:15,37950.0,300.0,1918000.0
1207,2021-10-11 06:09:55,37950.0,2200.0,1917700.0
1208,2021-10-11 06:09:55,37950.0,1400.0,1915500.0
1209,2021-10-11 06:09:55,37950.0,2000.0,1914100.0
1210,2021-10-11 06:09:55,37950.0,1300.0,1912100.0
1211,2021-10-11 06:09:44,37950.0,2000.0,1910800.0
1212,2021-10-11 06:09:31,37950.0,100.0,1908800.0
1213,2021-10-11 06:09:25,37950.0,1000.0,1908700.0
1214,2021-10-11 06:09:04,37950.0,600.0,1907700.0
1215,2021-10-11 06:09:02,37950.0,300.0,1907100.0
1216,2021-10-11 06:09:02,37950.0,800.0,1906800.0
1217,2021-10-11 06:09:02,37950.0,8300.0,1906000.0
1218,2021-10-11 06:08:54,37950.0,300.0,1897700.0
1219,2021-10-11 06:08:51,37950.0,100.0,1897400.0
1220,2021-10-11 06:08:51,37950.0,100.0,1897300.0
1221,2021-10-11 06:08:51,37950.0,500.0,1897200.0
1222,2021-10-11 06:08:51,37950.0,200.0,1896700.0
1223,2021-10-11 06:08:51,37950.0,2000.0,1896500.0
1224,2021-10-11 06:08:51,37950.0,500.0,1894500.0
1225,2021-10-11 06:08:51,37950.0,10000.0,1894000.0
1226,2021-10-11 06:08:51,37950.0,3000.0,1884000.0
1227,2021-10-11 06:08:51,37900.0,1000.0,1881000.0
1228,2021-10-11 06:08:48,37950.0,1000.0,1880000.0
1229,2021-10-11 06:07:43,37950.0,2700.0,1879000.0
1230,2021-10-11 06:07:35,37900.0,300.0,1876300.0
1231,2021-10-11 06:07:21,37900.0,100.0,1876000.0
1232,2021-10-11 06:07:15,37950.0,1600.0,1875900.0
1233,2021-10-11 06:07:07,37950.0,10000.0,1874300.0
1234,2021-10-11 06:06:44,37950.0,3700.0,1864300.0
1235,2021-10-11 06:06:44,37950.0,4000.0,1860600.0
1236,2021-10-11 06:06:44,37950.0,300.0,1856600.0
1237,2021-10-11 06:06:44,37950.0,1000.0,1856300.0
1238,2021-10-11 06:06:44,37950.0,100.0,1855300.0
1239,2021-10-11 06:06:44,37950.0,900.0,1855200.0
1240,2021-10-11 06:06:37,37950.0,100.0,1854300.0
1241,2021-10-11 06:06:37,37950.0,100.0,1854200.0
1242,2021-10-11 06:06:37,37950.0,700.0,1854100.0
1243,2021-10-11 06:06:36,37950.0,200.0,1853400.0
1244,2021-10-11 06:06:24,37950.0,600.0,1853200.0
1245,2021-10-11 06:06:20,37950.0,300.0,1852600.0
1246,2021-10-11 06:06:20,37950.0,200.0,1852300.0
1247,2021-10-11 06:06:20,37950.0,800.0,1852100.0
1248,2021-10-11 06:06:18,37950.0,100.0,1851300.0
1249,2021-10-11 06:06:12,37950.0,3100.0,1851200.0
1250,2021-10-11 06:06:12,37950.0,500.0,1848100.0
1251,2021-10-11 06:06:08,37950.0,100.0,1847600.0
1252,2021-10-11 06:06:08,37950.0,200.0,1847500.0
1253,2021-10-11 06:05:22,37950.0,500.0,1847300.0
1254,2021-10-11 06:05:21,37950.0,300.0,1846800.0
1255,2021-10-11 06:04:57,37950.0,300.0,1846500.0
1256,2021-10-11 06:04:35,37950.0,1700.0,1846200.0
1257,2021-10-11 06:04:35,37950.0,2300.0,1844500.0
1258,2021-10-11 06:04:34,37950.0,200.0,1842200.0
1259,2021-10-11 06:04:28,37950.0,100.0,1842000.0
1260,2021-10-11 06:04:27,37950.0,500.0,1841900.0
1261,2021-10-11 06:03:57,37950.0,900.0,1841400.0
1262,2021-10-11 06:03:57,37950.0,100.0,1840500.0
1263,2021-10-11 06:03:57,37950.0,100.0,1840400.0
1264,2021-10-11 06:03:39,37950.0,900.0,1840300.0
1265,2021-10-11 06:03:39,37950.0,100.0,1839400.0
1266,2021-10-11 06:03:33,37900.0,2000.0,1839300.0
1267,2021-10-11 06:03:24,37900.0,6200.0,1837300.0
1268,2021-10-11 06:03:23,37900.0,2100.0,1831100.0
1269,2021-10-11 06:03:13,37900.0,1700.0,1829000.0
1270,2021-10-11 06:03:13,37900.0,100.0,1827300.0
1271,2021-10-11 06:03:13,37900.0,700.0,1827200.0
1272,2021-10-11 06:03:09,37850.0,100.0,1826500.0
1273,2021-10-11 06:03:02,37850.0,3000.0,1826400.0
1274,2021-10-11 06:02:58,37900.0,200.0,1823400.0
1275,2021-10-11 06:02:34,37850.0,5000.0,1823200.0
1276,2021-10-11 06:02:34,37850.0,200.0,1818200.0
1277,2021-10-11 06:02:34,37850.0,300.0,1818000.0
1278,2021-10-11 06:02:34,37850.0,100.0,1817700.0
1279,2021-10-11 06:02:34,37850.0,400.0,1817600.0
1280,2021-10-11 06:02:33,37850.0,100.0,1817200.0
1281,2021-10-11 06:02:10,37850.0,500.0,1817100.0
1282,2021-10-11 06:02:01,37900.0,100.0,1816600.0
1283,2021-10-11 06:02:01,37900.0,500.0,1816500.0
1284,2021-10-11 06:01:51,37900.0,200.0,1816000.0
1285,2021-10-11 06:01:51,37900.0,3600.0,1815800.0
1286,2021-10-11 06:01:31,37850.0,500.0,1812200.0
1287,2021-10-11 06:01:31,37850.0,300.0,1811700.0
1288,2021-10-11 06:01:31,37850.0,200.0,1811400.0
1289,2021-10-11 06:01:11,37900.0,2000.0,1811200.0
1290,2021-10-11 06:01:06,37900.0,500.0,1809200.0
1291,2021-10-11 06:00:31,37900.0,2000.0,1808700.0
1292,2021-10-11 06:00:30,37850.0,100.0,1806700.0
1293,2021-10-11 06:00:23,37850.0,200.0,1806600.0
1294,2021-10-11 06:00:23,37850.0,100.0,1806400.0
1295,2021-10-11 06:00:23,37850.0,700.0,1806300.0
1296,2021-10-11 06:00:19,37850.0,100.0,1805600.0
1297,2021-10-11 06:00:09,37850.0,200.0,1805500.0
1298,2021-10-11 06:00:01,37900.0,3000.0,1805300.0
1299,2021-10-11 06:00:01,37900.0,2600.0,1802300.0
1300,2021-10-11 06:00:01,37900.0,5000.0,1799700.0
1301,2021-10-11 06:00:01,37900.0,1000.0,1794700.0
1302,2021-10-11 06:00:01,37900.0,1000.0,1793700.0
1303,2021-10-11 06:00:01,37900.0,400.0,1792700.0
1304,2021-10-11 06:00:01,37900.0,100.0,1792300.0
1305,2021-10-11 06:00:00,37850.0,100.0,1792200.0
1306,2021-10-11 06:00:00,37850.0,500.0,1792100.0
1307,2021-10-11 06:00:00,37850.0,300.0,1791600.0
1308,2021-10-11 06:00:00,37850.0,200.0,1791300.0
1309,2021-10-11 04:29:45,37850.0,100.0,1791100.0
1310,2021-10-11 04:29:45,37850.0,200.0,1791000.0
1311,2021-10-11 04:29:45,37850.0,100.0,1790800.0
1312,2021-10-11 04:29:45,37850.0,600.0,1790700.0
1313,2021-10-11 04:29:30,37900.0,200.0,1790100.0
1314,2021-10-11 04:29:12,37900.0,300.0,1789900.0
1315,2021-10-11 04:28:54,37850.0,200.0,1789600.0
1316,2021-10-11 04:28:47,37950.0,700.0,1789400.0
1317,2021-10-11 04:28:47,37950.0,600.0,1788700.0
1318,2021-10-11 04:28:37,37900.0,700.0,1788100.0
1319,2021-10-11 04:28:32,37900.0,200.0,1787400.0
1320,2021-10-11 04:28:32,37900.0,100.0,1787200.0
1321,2021-10-11 04:28:32,37900.0,200.0,1787100.0
1322,2021-10-11 04:28:32,37900.0,300.0,1786900.0
1323,2021-10-11 04:28:30,37950.0,200.0,1786600.0
1324,2021-10-11 04:28:23,37950.0,700.0,1786400.0
1325,2021-10-11 04:28:23,37950.0,2400.0,1785700.0
1326,2021-10-11 04:28:23,37950.0,1000.0,1783300.0
1327,2021-10-11 04:28:23,37950.0,100.0,1782300.0
1328,2021-10-11 04:28:23,37950.0,1300.0,1782200.0
1329,2021-10-11 04:28:23,37950.0,200.0,1780900.0
1330,2021-10-11 04:28:23,37950.0,100.0,1780700.0
1331,2021-10-11 04:28:23,37950.0,100.0,1780600.0
1332,2021-10-11 04:28:23,37950.0,500.0,1780500.0
1333,2021-10-11 04:28:15,37900.0,200.0,1780000.0
1334,2021-10-11 04:28:15,37900.0,200.0,1779800.0
1335,2021-10-11 04:28:15,37900.0,700.0,1779600.0
1336,2021-10-11 04:27:11,37950.0,500.0,1778900.0
1337,2021-10-11 04:27:11,37950.0,1000.0,1778400.0
1338,2021-10-11 04:26:50,37900.0,200.0,1777400.0
1339,2021-10-11 04:26:50,37900.0,1100.0,1777200.0
1340,2021-10-11 04:26:42,37900.0,400.0,1776100.0
1341,2021-10-11 04:26:42,37900.0,1000.0,1775700.0
1342,2021-10-11 04:26:42,37900.0,3600.0,1774700.0
1343,2021-10-11 04:25:41,37950.0,100.0,1771100.0
1344,2021-10-11 04:25:41,37950.0,200.0,1771000.0
1345,2021-10-11 04:25:41,37950.0,700.0,1770800.0
1346,2021-10-11 04:25:23,37950.0,2000.0,1770100.0
1347,2021-10-11 04:25:22,37950.0,100.0,1768100.0
1348,2021-10-11 04:25:19,37950.0,1000.0,1768000.0
1349,2021-10-11 04:25:01,37950.0,200.0,1767000.0
1350,2021-10-11 04:24:45,38000.0,300.0,1766800.0
1351,2021-10-11 04:24:45,38000.0,100.0,1766500.0
1352,2021-10-11 04:24:45,38000.0,200.0,1766400.0
1353,2021-10-11 04:24:39,37950.0,500.0,1766200.0
1354,2021-10-11 04:24:39,37950.0,100.0,1765700.0
1355,2021-10-11 04:24:39,37950.0,400.0,1765600.0
1356,2021-10-11 04:24:33,37950.0,200.0,1765200.0
1357,2021-10-11 04:24:33,37950.0,1000.0,1765000.0
1358,2021-10-11 04:24:33,37950.0,800.0,1764000.0
1359,2021-10-11 04:24:23,37950.0,200.0,1763200.0
1360,2021-10-11 04:24:23,37950.0,500.0,1763000.0
1361,2021-10-11 04:24:23,37950.0,300.0,1762500.0
1362,2021-10-11 04:24:23,37950.0,1000.0,1762200.0
1363,2021-10-11 04:24:21,37900.0,500.0,1761200.0
1364,2021-10-11 04:23:51,37950.0,200.0,1760700.0
1365,2021-10-11 04:23:51,37950.0,400.0,1760500.0
1366,2021-10-11 04:23:49,37900.0,200.0,1760100.0
1367,2021-10-11 04:23:43,37950.0,600.0,1759900.0
1368,2021-10-11 04:23:43,37950.0,300.0,1759300.0
1369,2021-10-11 04:23:43,37950.0,100.0,1759000.0
1370,2021-10-11 04:23:43,37900.0,400.0,1758900.0
1371,2021-10-11 04:23:29,37900.0,1000.0,1758500.0
1372,2021-10-11 04:23:08,37950.0,100.0,1757500.0
1373,2021-10-11 04:23:08,37950.0,1500.0,1757400.0
1374,2021-10-11 04:23:08,37950.0,100.0,1755900.0
1375,2021-10-11 04:23:08,37950.0,400.0,1755800.0
1376,2021-10-11 04:23:04,37900.0,3000.0,1755400.0
1377,2021-10-11 04:22:44,37950.0,100.0,1752400.0
1378,2021-10-11 04:22:40,37950.0,300.0,1752300.0
1379,2021-10-11 04:22:17,37950.0,300.0,1752000.0
1380,2021-10-11 04:22:09,37950.0,500.0,1751700.0
1381,2021-10-11 04:22:06,37950.0,300.0,1751200.0
1382,2021-10-11 04:22:04,37950.0,200.0,1750900.0
1383,2021-10-11 04:21:57,37950.0,300.0,1750700.0
1384,2021-10-11 04:21:41,38000.0,500.0,1750400.0
1385,2021-10-11 04:20:44,38000.0,100.0,1749900.0
1386,2021-10-11 04:20:34,38000.0,700.0,1749800.0
1387,2021-10-11 04:20:34,38000.0,100.0,1749100.0
1388,2021-10-11 04:20:34,38000.0,100.0,1749000.0
1389,2021-10-11 04:20:34,38000.0,500.0,1748900.0
1390,2021-10-11 04:20:34,38000.0,100.0,1748400.0
1391,2021-10-11 04:20:34,37950.0,1000.0,1748300.0
1392,2021-10-11 04:20:34,37950.0,1000.0,1747300.0
1393,2021-10-11 04:20:34,37950.0,1500.0,1746300.0
1394,2021-10-11 04:20:16,37950.0,200.0,1744800.0
1395,2021-10-11 04:20:02,37950.0,200.0,1744600.0
1396,2021-10-11 04:20:00,37950.0,100.0,1744400.0
1397,2021-10-11 04:20:00,37950.0,4000.0,1744300.0
1398,2021-10-11 04:20:00,37950.0,2000.0,1740300.0
1399,2021-10-11 04:20:00,37950.0,100.0,1738300.0
1400,2021-10-11 04:20:00,37950.0,1000.0,1738200.0
1401,2021-10-11 04:20:00,37950.0,1000.0,1737200.0
1402,2021-10-11 04:20:00,37950.0,200.0,1736200.0
1403,2021-10-11 04:20:00,37950.0,600.0,1736000.0
1404,2021-10-11 04:19:31,37950.0,900.0,1735400.0
1405,2021-10-11 04:19:31,37950.0,2000.0,1734500.0
1406,2021-10-11 04:19:31,37950.0,100.0,1732500.0
1407,2021-10-11 04:18:44,37950.0,900.0,1732400.0
1408,2021-10-11 04:18:44,37950.0,100.0,1731500.0
1409,2021-10-11 04:18:34,37900.0,1000.0,1731400.0
1410,2021-10-11 04:18:32,37900.0,100.0,1730400.0
1411,2021-10-11 04:18:03,37900.0,1000.0,1730300.0
1412,2021-10-11 04:17:56,37900.0,1100.0,1729300.0
1413,2021-10-11 04:17:05,37900.0,2000.0,1728200.0
1414,2021-10-11 04:16:48,37950.0,100.0,1726200.0
1415,2021-10-11 04:16:33,37950.0,100.0,1726100.0
1416,2021-10-11 04:16:19,37950.0,800.0,1726000.0
1417,2021-10-11 04:16:19,37950.0,100.0,1725200.0
1418,2021-10-11 04:16:19,37950.0,400.0,1725100.0
1419,2021-10-11 04:16:17,37950.0,200.0,1724700.0
1420,2021-10-11 04:16:13,37950.0,200.0,1724500.0
1421,2021-10-11 04:16:13,37950.0,3000.0,1724300.0
1422,2021-10-11 04:16:13,37950.0,200.0,1721300.0
1423,2021-10-11 04:16:13,37950.0,3000.0,1721100.0
1424,2021-10-11 04:16:13,37950.0,900.0,1718100.0
1425,2021-10-11 04:16:13,37950.0,2700.0,1717200.0
1426,2021-10-11 04:16:07,37900.0,100.0,1714500.0
1427,2021-10-11 04:15:51,37950.0,1000.0,1714400.0
1428,2021-10-11 04:15:44,37900.0,100.0,1713400.0
1429,2021-10-11 04:15:31,37900.0,500.0,1713300.0
1430,2021-10-11 04:15:31,37900.0,1000.0,1712800.0
1431,2021-10-11 04:15:31,37900.0,4400.0,1711800.0
1432,2021-10-11 04:15:18,37900.0,500.0,1707400.0
1433,2021-10-11 04:14:53,37900.0,100.0,1706900.0
1434,2021-10-11 04:14:53,37900.0,300.0,1706800.0
1435,2021-10-11 04:14:53,37900.0,300.0,1706500.0
1436,2021-10-11 04:14:53,37900.0,500.0,1706200.0
1437,2021-10-11 04:14:53,37900.0,100.0,1705700.0
1438,2021-10-11 04:14:53,37900.0,100.0,1705600.0
1439,2021-10-11 04:14:53,37900.0,1000.0,1705500.0
1440,2021-10-11 04:14:53,37900.0,500.0,1704500.0
1441,2021-10-11 04:14:53,37900.0,1000.0,1704000.0
1442,2021-10-11 04:14:53,37900.0,100.0,1703000.0
1443,2021-10-11 04:14:51,37900.0,800.0,1702900.0
1444,2021-10-11 04:14:48,37850.0,100.0,1702100.0
1445,2021-10-11 04:14:31,37850.0,1000.0,1702000.0
1446,2021-10-11 04:14:31,37850.0,500.0,1701000.0
1447,2021-10-11 04:14:31,37850.0,1000.0,1700500.0
1448,2021-10-11 04:14:31,37850.0,100.0,1699500.0
1449,2021-10-11 04:14:31,37850.0,500.0,1699400.0
1450,2021-10-11 04:14:31,37850.0,1000.0,1698900.0
1451,2021-10-11 04:14:16,37800.0,3600.0,1697900.0
1452,2021-10-11 04:13:58,37800.0,100.0,1694300.0
1453,2021-10-11 04:13:58,37800.0,2500.0,1694200.0
1454,2021-10-11 04:13:54,37800.0,100.0,1691700.0
1455,2021-10-11 04:13:53,37800.0,2000.0,1691600.0
1456,2021-10-11 04:13:21,37800.0,400.0,1689600.0
1457,2021-10-11 04:13:08,37800.0,200.0,1689200.0
1458,2021-10-11 04:13:08,37800.0,2000.0,1689000.0
1459,2021-10-11 04:13:08,37800.0,300.0,1687000.0
1460,2021-10-11 04:13:08,37800.0,100.0,1686700.0
1461,2021-10-11 04:13:08,37800.0,500.0,1686600.0
1462,2021-10-11 04:13:08,37800.0,100.0,1686100.0
1463,2021-10-11 04:13:08,37800.0,1400.0,1686000.0
1464,2021-10-11 04:13:06,37750.0,700.0,1684600.0
1465,2021-10-11 04:13:02,37750.0,500.0,1683900.0
1466,2021-10-11 04:12:56,37750.0,500.0,1683400.0
1467,2021-10-11 04:12:56,37750.0,1000.0,1682900.0
1468,2021-10-11 04:12:44,37750.0,100.0,1681900.0
1469,2021-10-11 04:12:21,37800.0,200.0,1681800.0
1470,2021-10-11 04:12:13,37700.0,100.0,1681600.0
1471,2021-10-11 04:12:13,37700.0,500.0,1681500.0
1472,2021-10-11 04:12:13,37700.0,100.0,1681000.0
1473,2021-10-11 04:12:13,37700.0,25600.0,1680900.0
1474,2021-10-11 04:11:59,37700.0,100.0,1655300.0
1475,2021-10-11 04:11:57,37700.0,200.0,1655200.0
1476,2021-10-11 04:11:55,37700.0,500.0,1655000.0
1477,2021-10-11 04:11:49,37700.0,200.0,1654500.0
1478,2021-10-11 04:11:49,37700.0,500.0,1654300.0
1479,2021-10-11 04:11:44,37700.0,5000.0,1653800.0
1480,2021-10-11 04:11:42,37700.0,200.0,1648800.0
1481,2021-10-11 04:11:36,37700.0,4500.0,1648600.0
1482,2021-10-11 04:11:36,37700.0,500.0,1644100.0
1483,2021-10-11 04:11:35,37700.0,100.0,1643600.0
1484,2021-10-11 04:11:35,37700.0,100.0,1643500.0
1485,2021-10-11 04:11:31,37700.0,100.0,1643400.0
1486,2021-10-11 04:11:26,37700.0,1200.0,1643300.0
1487,2021-10-11 04:11:21,37700.0,500.0,1642100.0
1488,2021-10-11 04:10:58,37700.0,10000.0,1641600.0
1489,2021-10-11 04:10:56,37700.0,10000.0,1631600.0
1490,2021-10-11 04:10:56,37700.0,500.0,1621600.0
1491,2021-10-11 04:10:50,37700.0,500.0,1621100.0
1492,2021-10-11 04:10:47,37700.0,500.0,1620600.0
1493,2021-10-11 04:10:47,37700.0,5000.0,1620100.0
1494,2021-10-11 04:10:47,37700.0,100.0,1615100.0
1495,2021-10-11 04:10:47,37700.0,200.0,1615000.0
1496,2021-10-11 04:10:47,37700.0,500.0,1614800.0
1497,2021-10-11 04:10:47,37700.0,200.0,1614300.0
1498,2021-10-11 04:10:47,37700.0,200.0,1614100.0
1499,2021-10-11 04:10:47,37700.0,1000.0,1613900.0
1500,2021-10-11 04:10:47,37700.0,10000.0,1612900.0
1501,2021-10-11 04:10:47,37700.0,1000.0,1602900.0
1502,2021-10-11 04:10:47,37700.0,300.0,1601900.0
1503,2021-10-11 04:10:47,37700.0,100.0,1601600.0
1504,2021-10-11 04:10:47,37700.0,100.0,1601500.0
1505,2021-10-11 04:10:47,37700.0,3000.0,1601400.0
1506,2021-10-11 04:10:47,37700.0,1000.0,1598400.0
1507,2021-10-11 04:10:47,37700.0,1000.0,1597400.0
1508,2021-10-11 04:10:47,37700.0,500.0,1596400.0
1509,2021-10-11 04:10:47,37700.0,3800.0,1595900.0
1510,2021-10-11 04:10:35,37700.0,200.0,1592100.0
1511,2021-10-11 04:10:35,37700.0,500.0,1591900.0
1512,2021-10-11 04:10:35,37700.0,2000.0,1591400.0
1513,2021-10-11 04:10:35,37700.0,2300.0,1589400.0
1514,2021-10-11 04:10:04,37700.0,100.0,1587100.0
1515,2021-10-11 04:09:54,37700.0,200.0,1587000.0
1516,2021-10-11 04:09:50,37750.0,800.0,1586800.0
1517,2021-10-11 04:09:33,37750.0,400.0,1586000.0
1518,2021-10-11 04:09:27,37750.0,2000.0,1585600.0
1519,2021-10-11 04:09:27,37750.0,500.0,1583600.0
1520,2021-10-11 04:09:27,37750.0,500.0,1583100.0
1521,2021-10-11 04:09:27,37750.0,200.0,1582600.0
1522,2021-10-11 04:09:27,37750.0,1000.0,1582400.0
1523,2021-10-11 04:09:27,37750.0,7800.0,1581400.0
1524,2021-10-11 04:09:10,37750.0,100.0,1573600.0
1525,2021-10-11 04:08:42,37750.0,2000.0,1573500.0
1526,2021-10-11 04:08:42,37750.0,100.0,1571500.0
1527,2021-10-11 04:07:57,37750.0,3400.0,1571400.0
1528,2021-10-11 04:07:56,37800.0,100.0,1568000.0
1529,2021-10-11 04:07:56,37800.0,300.0,1567900.0
1530,2021-10-11 04:07:56,37800.0,200.0,1567600.0
1531,2021-10-11 04:07:56,37800.0,600.0,1567400.0
1532,2021-10-11 04:07:51,37750.0,3100.0,1566800.0
1533,2021-10-11 04:07:51,37750.0,3000.0,1563700.0
1534,2021-10-11 04:07:51,37750.0,1000.0,1560700.0
1535,2021-10-11 04:07:51,37750.0,400.0,1559700.0
1536,2021-10-11 04:07:18,37800.0,400.0,1559300.0
1537,2021-10-11 04:07:18,37800.0,100.0,1558900.0
1538,2021-10-11 04:07:18,37800.0,1500.0,1558800.0
1539,2021-10-11 04:07:00,37800.0,200.0,1557300.0
1540,2021-10-11 04:05:46,37800.0,800.0,1557100.0
1541,2021-10-11 04:05:37,37750.0,100.0,1556300.0
1542,2021-10-11 04:05:34,37750.0,300.0,1556200.0
1543,2021-10-11 04:05:34,37750.0,200.0,1555900.0
1544,2021-10-11 04:05:34,37750.0,600.0,1555700.0
1545,2021-10-11 04:05:25,37750.0,100.0,1555100.0
1546,2021-10-11 04:05:12,37700.0,200.0,1555000.0
1547,2021-10-11 04:04:44,37700.0,200.0,1554800.0
1548,2021-10-11 04:04:44,37700.0,300.0,1554600.0
1549,2021-10-11 04:04:44,37700.0,1000.0,1554300.0
1550,2021-10-11 04:04:06,37750.0,1300.0,1553300.0
1551,2021-10-11 04:04:06,37750.0,600.0,1552000.0
1552,2021-10-11 04:03:46,37750.0,400.0,1551400.0
1553,2021-10-11 04:03:21,37700.0,400.0,1551000.0
1554,2021-10-11 04:03:21,37700.0,200.0,1550600.0
1555,2021-10-11 04:03:14,37700.0,1000.0,1550400.0
1556,2021-10-11 04:03:12,37700.0,1500.0,1549400.0
1557,2021-10-11 04:03:12,37700.0,100.0,1547900.0
1558,2021-10-11 04:03:12,37700.0,400.0,1547800.0
1559,2021-10-11 04:03:08,37700.0,5000.0,1547400.0
1560,2021-10-11 04:02:59,37700.0,200.0,1542400.0
1561,2021-10-11 04:02:56,37700.0,100.0,1542200.0
1562,2021-10-11 04:02:35,37700.0,500.0,1542100.0
1563,2021-10-11 04:02:32,37700.0,500.0,1541600.0
1564,2021-10-11 04:02:29,37700.0,100.0,1541100.0
1565,2021-10-11 04:02:26,37700.0,100.0,1541000.0
1566,2021-10-11 04:02:12,37650.0,400.0,1540900.0
1567,2021-10-11 04:02:12,37650.0,100.0,1540500.0
1568,2021-10-11 04:02:12,37650.0,200.0,1540400.0
1569,2021-10-11 04:02:12,37650.0,1300.0,1540200.0
1570,2021-10-11 04:02:09,37700.0,6000.0,1538900.0
1571,2021-10-11 04:02:03,37700.0,100.0,1532900.0
1572,2021-10-11 04:01:32,37700.0,300.0,1532800.0
1573,2021-10-11 04:01:22,37700.0,100.0,1532500.0
1574,2021-10-11 04:01:01,37700.0,100.0,1532400.0
1575,2021-10-11 04:00:54,37700.0,1000.0,1532300.0
1576,2021-10-11 04:00:38,37700.0,1000.0,1531300.0
1577,2021-10-11 04:00:36,37700.0,6000.0,1530300.0
1578,2021-10-11 04:00:33,37700.0,200.0,1524300.0
1579,2021-10-11 04:00:33,37700.0,1000.0,1524100.0
1580,2021-10-11 04:00:33,37700.0,1400.0,1523100.0
1581,2021-10-11 04:00:33,37700.0,1000.0,1521700.0
1582,2021-10-11 04:00:33,37700.0,2700.0,1520700.0
1583,2021-10-11 03:59:35,37700.0,1000.0,1518000.0
1584,2021-10-11 03:59:35,37700.0,1300.0,1517000.0
1585,2021-10-11 03:59:29,37700.0,200.0,1515700.0
1586,2021-10-11 03:59:03,37700.0,1000.0,1515500.0
1587,2021-10-11 03:59:00,37700.0,20000.0,1514500.0
1588,2021-10-11 03:58:58,37650.0,700.0,1494500.0
1589,2021-10-11 03:58:58,37650.0,1000.0,1493800.0
1590,2021-10-11 03:58:58,37650.0,300.0,1492800.0
1591,2021-10-11 03:58:58,37650.0,400.0,1492500.0
1592,2021-10-11 03:58:58,37650.0,100.0,1492100.0
1593,2021-10-11 03:58:58,37650.0,2000.0,1492000.0
1594,2021-10-11 03:58:58,37650.0,1500.0,1490000.0
1595,2021-10-11 03:58:51,37700.0,2000.0,1488500.0
1596,2021-10-11 03:58:51,37650.0,1000.0,1486500.0
1597,2021-10-11 03:58:47,37700.0,300.0,1485500.0
1598,2021-10-11 03:58:26,37700.0,200.0,1485200.0
1599,2021-10-11 03:58:26,37700.0,100.0,1485000.0
1600,2021-10-11 03:58:16,37700.0,100.0,1484900.0
1601,2021-10-11 03:58:12,37700.0,100.0,1484800.0
1602,2021-10-11 03:58:09,37650.0,800.0,1484700.0
1603,2021-10-11 03:58:06,37700.0,3400.0,1483900.0
1604,2021-10-11 03:58:04,37700.0,5000.0,1480500.0
1605,2021-10-11 03:58:01,37700.0,2000.0,1475500.0
1606,2021-10-11 03:57:58,37700.0,100.0,1473500.0
1607,2021-10-11 03:57:53,37700.0,500.0,1473400.0
1608,2021-10-11 03:57:32,37700.0,500.0,1472900.0
1609,2021-10-11 03:57:27,37700.0,100.0,1472400.0
1610,2021-10-11 03:56:52,37700.0,400.0,1472300.0
1611,2021-10-11 03:56:22,37700.0,300.0,1471900.0
1612,2021-10-11 03:56:20,37700.0,500.0,1471600.0
1613,2021-10-11 03:56:17,37700.0,600.0,1471100.0
1614,2021-10-11 03:56:17,37700.0,1000.0,1470500.0
1615,2021-10-11 03:56:17,37700.0,10000.0,1469500.0
1616,2021-10-11 03:56:17,37700.0,300.0,1459500.0
1617,2021-10-11 03:56:17,37700.0,500.0,1459200.0
1618,2021-10-11 03:56:17,37700.0,500.0,1458700.0
1619,2021-10-11 03:56:17,37700.0,500.0,1458200.0
1620,2021-10-11 03:56:17,37700.0,200.0,1457700.0
1621,2021-10-11 03:56:17,37700.0,1000.0,1457500.0
1622,2021-10-11 03:56:17,37700.0,2300.0,1456500.0
1623,2021-10-11 03:55:36,37700.0,17700.0,1454200.0
1624,2021-10-11 03:55:34,37700.0,1000.0,1436500.0
1625,2021-10-11 03:55:31,37700.0,100.0,1435500.0
1626,2021-10-11 03:55:30,37700.0,4900.0,1435400.0
1627,2021-10-11 03:55:27,37700.0,500.0,1430500.0
1628,2021-10-11 03:55:16,37700.0,1000.0,1430000.0
1629,2021-10-11 03:55:12,37700.0,1000.0,1429000.0
1630,2021-10-11 03:55:08,37700.0,3000.0,1428000.0
1631,2021-10-11 03:55:05,37700.0,1000.0,1425000.0
1632,2021-10-11 03:55:03,37700.0,500.0,1424000.0
1633,2021-10-11 03:55:03,37700.0,5000.0,1423500.0
1634,2021-10-11 03:55:03,37700.0,200.0,1418500.0
1635,2021-10-11 03:55:03,37700.0,5000.0,1418300.0
1636,2021-10-11 03:55:03,37700.0,100.0,1413300.0
1637,2021-10-11 03:55:03,37700.0,5000.0,1413200.0
1638,2021-10-11 03:55:03,37700.0,2000.0,1408200.0
1639,2021-10-11 03:55:03,37700.0,1000.0,1406200.0
1640,2021-10-11 03:55:03,37750.0,1000.0,1405200.0
1641,2021-10-11 03:54:46,37850.0,3000.0,1404200.0
1642,2021-10-11 03:54:30,37850.0,4600.0,1401200.0
1643,2021-10-11 03:54:30,37800.0,300.0,1396600.0
1644,2021-10-11 03:54:30,37800.0,300.0,1396300.0
1645,2021-10-11 03:54:30,37800.0,4800.0,1396000.0
1646,2021-10-11 03:54:11,37800.0,1600.0,1391200.0
1647,2021-10-11 03:54:11,37800.0,400.0,1389600.0
1648,2021-10-11 03:54:11,37800.0,200.0,1389200.0
1649,2021-10-11 03:54:11,37800.0,200.0,1389000.0
1650,2021-10-11 03:54:11,37700.0,900.0,1388800.0
1651,2021-10-11 03:54:11,37700.0,1000.0,1387900.0
1652,2021-10-11 03:54:11,37700.0,5000.0,1386900.0
1653,2021-10-11 03:54:11,37700.0,10700.0,1381900.0
1654,2021-10-11 03:54:00,37700.0,500.0,1371200.0
1655,2021-10-11 03:53:37,37700.0,1000.0,1370700.0
1656,2021-10-11 03:53:35,37700.0,100.0,1369700.0
1657,2021-10-11 03:53:32,37700.0,200.0,1369600.0
1658,2021-10-11 03:53:28,37700.0,100.0,1369400.0
1659,2021-10-11 03:53:24,37700.0,100.0,1369300.0
1660,2021-10-11 03:53:09,37700.0,300.0,1369200.0
1661,2021-10-11 03:52:42,37650.0,200.0,1368900.0
1662,2021-10-11 03:52:35,37650.0,100.0,1368700.0
1663,2021-10-11 03:52:32,37700.0,300.0,1368600.0
1664,2021-10-11 03:52:32,37700.0,500.0,1368300.0
1665,2021-10-11 03:52:32,37700.0,100.0,1367800.0
1666,2021-10-11 03:52:32,37700.0,300.0,1367700.0
1667,2021-10-11 03:52:32,37700.0,200.0,1367400.0
1668,2021-10-11 03:52:32,37700.0,1000.0,1367200.0
1669,2021-10-11 03:52:32,37700.0,4600.0,1366200.0
1670,2021-10-11 03:52:30,37700.0,100.0,1361600.0
1671,2021-10-11 03:51:34,37700.0,300.0,1361500.0
1672,2021-10-11 03:51:31,37700.0,10000.0,1361200.0
1673,2021-10-11 03:51:22,37700.0,200.0,1351200.0
1674,2021-10-11 03:51:13,37650.0,2800.0,1351000.0
1675,2021-10-11 03:51:09,37700.0,9800.0,1348200.0
1676,2021-10-11 03:51:09,37700.0,200.0,1338400.0
1677,2021-10-11 03:51:09,37700.0,600.0,1338200.0
1678,2021-10-11 03:51:09,37700.0,1000.0,1337600.0
1679,2021-10-11 03:51:09,37700.0,100.0,1336600.0
1680,2021-10-11 03:51:09,37700.0,2300.0,1336500.0
1681,2021-10-11 03:50:39,37700.0,7800.0,1334200.0
1682,2021-10-11 03:50:36,37700.0,100.0,1326400.0
1683,2021-10-11 03:50:35,37700.0,1200.0,1326300.0
1684,2021-10-11 03:50:33,37700.0,200.0,1325100.0
1685,2021-10-11 03:50:10,37700.0,100.0,1324900.0
1686,2021-10-11 03:50:10,37700.0,1000.0,1324800.0
1687,2021-10-11 03:49:56,37700.0,300.0,1323800.0
1688,2021-10-11 03:49:55,37700.0,500.0,1323500.0
1689,2021-10-11 03:49:25,37700.0,100.0,1323000.0
1690,2021-10-11 03:49:05,37700.0,200.0,1322900.0
1691,2021-10-11 03:49:05,37700.0,100.0,1322700.0
1692,2021-10-11 03:49:05,37700.0,200.0,1322600.0
1693,2021-10-11 03:49:05,37700.0,3600.0,1322400.0
1694,2021-10-11 03:49:05,37750.0,200.0,1318800.0
1695,2021-10-11 03:49:05,37750.0,100.0,1318600.0
1696,2021-10-11 03:49:00,37750.0,100.0,1318500.0
1697,2021-10-11 03:49:00,37750.0,300.0,1318400.0
1698,2021-10-11 03:48:39,37700.0,600.0,1318100.0
1699,2021-10-11 03:48:38,37700.0,500.0,1317500.0
1700,2021-10-11 03:48:11,37700.0,5300.0,1317000.0
1701,2021-10-11 03:48:11,37700.0,100.0,1311700.0
1702,2021-10-11 03:48:11,37700.0,5000.0,1311600.0
1703,2021-10-11 03:48:11,37700.0,1500.0,1306600.0
1704,2021-10-11 03:48:11,37700.0,200.0,1305100.0
1705,2021-10-11 03:48:11,37700.0,7900.0,1304900.0
1706,2021-10-11 03:48:06,37750.0,100.0,1297000.0
1707,2021-10-11 03:48:00,37750.0,7800.0,1296900.0
1708,2021-10-11 03:48:00,37750.0,2200.0,1289100.0
1709,2021-10-11 03:47:55,37700.0,1800.0,1286900.0
1710,2021-10-11 03:47:24,37700.0,300.0,1285100.0
1711,2021-10-11 03:47:24,37700.0,700.0,1284800.0
1712,2021-10-11 03:47:22,37700.0,300.0,1284100.0
1713,2021-10-11 03:46:56,37650.0,400.0,1283800.0
1714,2021-10-11 03:46:56,37700.0,100.0,1283400.0
1715,2021-10-11 03:46:53,37700.0,500.0,1283300.0
1716,2021-10-11 03:46:51,37700.0,300.0,1282800.0
1717,2021-10-11 03:46:50,37700.0,1200.0,1282500.0
1718,2021-10-11 03:46:50,37700.0,100.0,1281300.0
1719,2021-10-11 03:46:50,37700.0,400.0,1281200.0
1720,2021-10-11 03:46:50,37700.0,1000.0,1280800.0
1721,2021-10-11 03:46:50,37700.0,200.0,1279800.0
1722,2021-10-11 03:46:50,37700.0,100.0,1279600.0
1723,2021-10-11 03:46:50,37700.0,100.0,1279500.0
1724,2021-10-11 03:46:50,37700.0,5400.0,1279400.0
1725,2021-10-11 03:46:50,37700.0,5000.0,1274000.0
1726,2021-10-11 03:46:50,37700.0,100.0,1269000.0
1727,2021-10-11 03:46:50,37700.0,400.0,1268900.0
1728,2021-10-11 03:46:50,37700.0,8000.0,1268500.0
1729,2021-10-11 03:46:50,37700.0,100.0,1260500.0
1730,2021-10-11 03:46:50,37700.0,37000.0,1260400.0
1731,2021-10-11 03:46:20,37650.0,200.0,1223400.0
1732,2021-10-11 03:45:50,37650.0,3100.0,1223200.0
1733,2021-10-11 03:45:50,37650.0,1300.0,1220100.0
1734,2021-10-11 03:45:33,37650.0,300.0,1218800.0
1735,2021-10-11 03:45:33,37650.0,200.0,1218500.0
1736,2021-10-11 03:45:33,37650.0,2000.0,1218300.0
1737,2021-10-11 03:45:33,37650.0,1200.0,1216300.0
1738,2021-10-11 03:45:31,37650.0,100.0,1215100.0
1739,2021-10-11 03:45:30,37650.0,700.0,1215000.0
1740,2021-10-11 03:45:30,37650.0,4300.0,1214300.0
1741,2021-10-11 03:45:25,37650.0,1000.0,1210000.0
1742,2021-10-11 03:45:22,37650.0,100.0,1209000.0
1743,2021-10-11 03:45:17,37650.0,1000.0,1208900.0
1744,2021-10-11 03:45:13,37650.0,100.0,1207900.0
1745,2021-10-11 03:45:08,37650.0,100.0,1207800.0
1746,2021-10-11 03:45:02,37650.0,3400.0,1207700.0
1747,2021-10-11 03:45:02,37650.0,1600.0,1204300.0
1748,2021-10-11 03:45:01,37650.0,400.0,1202700.0
1749,2021-10-11 03:44:51,37650.0,200.0,1202300.0
1750,2021-10-11 03:44:48,37650.0,100.0,1202100.0
1751,2021-10-11 03:44:21,37650.0,100.0,1202000.0
1752,2021-10-11 03:44:19,37650.0,100.0,1201900.0
1753,2021-10-11 03:44:11,37650.0,100.0,1201800.0
1754,2021-10-11 03:44:10,37650.0,1000.0,1201700.0
1755,2021-10-11 03:43:36,37650.0,100.0,1200700.0
1756,2021-10-11 03:43:09,37650.0,1000.0,1200600.0
1757,2021-10-11 03:43:05,37650.0,100.0,1199600.0
1758,2021-10-11 03:42:48,37650.0,200.0,1199500.0
1759,2021-10-11 03:42:48,37650.0,200.0,1199300.0
1760,2021-10-11 03:42:41,37650.0,2000.0,1199100.0
1761,2021-10-11 03:42:41,37650.0,400.0,1197100.0
1762,2021-10-11 03:42:41,37650.0,700.0,1196700.0
1763,2021-10-11 03:42:41,37650.0,500.0,1196000.0
1764,2021-10-11 03:42:41,37650.0,100.0,1195500.0
1765,2021-10-11 03:42:41,37650.0,200.0,1195400.0
1766,2021-10-11 03:42:41,37650.0,100.0,1195200.0
1767,2021-10-11 03:42:41,37650.0,200.0,1195100.0
1768,2021-10-11 03:42:41,37650.0,300.0,1194900.0
1769,2021-10-11 03:41:49,37650.0,100.0,1194600.0
1770,2021-10-11 03:41:46,37650.0,200.0,1194500.0
1771,2021-10-11 03:41:46,37650.0,800.0,1194300.0
1772,2021-10-11 03:41:38,37650.0,200.0,1193500.0
1773,2021-10-11 03:41:37,37650.0,200.0,1193300.0
1774,2021-10-11 03:41:37,37650.0,100.0,1193100.0
1775,2021-10-11 03:41:37,37650.0,400.0,1193000.0
1776,2021-10-11 03:41:37,37650.0,2000.0,1192600.0
1777,2021-10-11 03:41:37,37650.0,100.0,1190600.0
1778,2021-10-11 03:41:37,37650.0,100.0,1190500.0
1779,2021-10-11 03:41:37,37650.0,100.0,1190400.0
1780,2021-10-11 03:41:37,37650.0,100.0,1190300.0
1781,2021-10-11 03:41:37,37650.0,700.0,1190200.0
1782,2021-10-11 03:41:29,37700.0,200.0,1189500.0
1783,2021-10-11 03:41:26,37650.0,1300.0,1189300.0
1784,2021-10-11 03:41:26,37650.0,100.0,1188000.0
1785,2021-10-11 03:41:26,37650.0,600.0,1187900.0
1786,2021-10-11 03:41:23,37650.0,1000.0,1187300.0
1787,2021-10-11 03:40:57,37650.0,1400.0,1186300.0
1788,2021-10-11 03:40:57,37650.0,300.0,1184900.0
1789,2021-10-11 03:40:57,37650.0,3300.0,1184600.0
1790,2021-10-11 03:40:47,37700.0,100.0,1181300.0
1791,2021-10-11 03:40:21,37700.0,200.0,1181200.0
1792,2021-10-11 03:40:17,37700.0,1000.0,1181000.0
1793,2021-10-11 03:40:04,37700.0,100.0,1180000.0
1794,2021-10-11 03:39:59,37650.0,100.0,1179900.0
1795,2021-10-11 03:39:57,37650.0,1000.0,1179800.0
1796,2021-10-11 03:39:32,37650.0,500.0,1178800.0
1797,2021-10-11 03:38:57,37650.0,100.0,1178300.0
1798,2021-10-11 03:38:57,37650.0,800.0,1178200.0
1799,2021-10-11 03:38:57,37650.0,4200.0,1177400.0
1800,2021-10-11 03:38:56,37650.0,500.0,1173200.0
1801,2021-10-11 03:38:54,37650.0,5000.0,1172700.0
1802,2021-10-11 03:38:48,37650.0,10000.0,1167700.0
1803,2021-10-11 03:38:38,37600.0,300.0,1157700.0
1804,2021-10-11 03:38:38,37600.0,300.0,1157400.0
1805,2021-10-11 03:38:38,37600.0,500.0,1157100.0
1806,2021-10-11 03:38:38,37600.0,300.0,1156600.0
1807,2021-10-11 03:38:38,37600.0,100.0,1156300.0
1808,2021-10-11 03:38:29,37650.0,100.0,1156200.0
1809,2021-10-11 03:38:28,37650.0,1000.0,1156100.0
1810,2021-10-11 03:38:24,37650.0,300.0,1155100.0
1811,2021-10-11 03:38:19,37650.0,1000.0,1154800.0
1812,2021-10-11 03:38:06,37650.0,200.0,1153800.0
1813,2021-10-11 03:38:03,37650.0,100.0,1153600.0
1814,2021-10-11 03:37:54,37650.0,100.0,1153500.0
1815,2021-10-11 03:37:54,37650.0,4000.0,1153400.0
1816,2021-10-11 03:37:54,37650.0,600.0,1149400.0
1817,2021-10-11 03:37:54,37650.0,500.0,1148800.0
1818,2021-10-11 03:37:54,37650.0,500.0,1148300.0
1819,2021-10-11 03:37:54,37650.0,100.0,1147800.0
1820,2021-10-11 03:37:54,37650.0,500.0,1147700.0
1821,2021-10-11 03:37:54,37650.0,1300.0,1147200.0
1822,2021-10-11 03:37:39,37650.0,2000.0,1145900.0
1823,2021-10-11 03:37:21,37650.0,6700.0,1143900.0
1824,2021-10-11 03:37:21,37650.0,100.0,1137200.0
1825,2021-10-11 03:37:21,37650.0,200.0,1137100.0
1826,2021-10-11 03:37:21,37650.0,1000.0,1136900.0
1827,2021-10-11 03:37:21,37650.0,200.0,1135900.0
1828,2021-10-11 03:37:21,37650.0,1000.0,1135700.0
1829,2021-10-11 03:37:21,37650.0,300.0,1134700.0
1830,2021-10-11 03:37:21,37650.0,1000.0,1134400.0
1831,2021-10-11 03:37:21,37650.0,5000.0,1133400.0
1832,2021-10-11 03:37:21,37650.0,100.0,1128400.0
1833,2021-10-11 03:37:21,37650.0,100.0,1128300.0
1834,2021-10-11 03:37:21,37650.0,100.0,1128200.0
1835,2021-10-11 03:37:21,37650.0,300.0,1128100.0
1836,2021-10-11 03:37:21,37650.0,100.0,1127800.0
1837,2021-10-11 03:37:21,37650.0,300.0,1127700.0
1838,2021-10-11 03:37:21,37650.0,1000.0,1127400.0
1839,2021-10-11 03:37:21,37650.0,100.0,1126400.0
1840,2021-10-11 03:37:21,37650.0,500.0,1126300.0
1841,2021-10-11 03:37:21,37650.0,500.0,1125800.0
1842,2021-10-11 03:37:21,37650.0,100.0,1125300.0
1843,2021-10-11 03:37:21,37650.0,500.0,1125200.0
1844,2021-10-11 03:37:21,37650.0,800.0,1124700.0
1845,2021-10-11 03:37:15,37700.0,1400.0,1123900.0
1846,2021-10-11 03:37:11,37650.0,100.0,1122500.0
1847,2021-10-11 03:37:10,37700.0,4200.0,1122400.0
1848,2021-10-11 03:36:57,37700.0,500.0,1118200.0
1849,2021-10-11 03:36:55,37650.0,500.0,1117700.0
1850,2021-10-11 03:36:15,37650.0,500.0,1117200.0
1851,2021-10-11 03:35:59,37650.0,500.0,1116700.0
1852,2021-10-11 03:35:59,37650.0,1500.0,1116200.0
1853,2021-10-11 03:35:59,37650.0,100.0,1114700.0
1854,2021-10-11 03:35:59,37650.0,1000.0,1114600.0
1855,2021-10-11 03:35:59,37650.0,100.0,1113600.0
1856,2021-10-11 03:35:59,37650.0,1000.0,1113500.0
1857,2021-10-11 03:35:59,37650.0,200.0,1112500.0
1858,2021-10-11 03:35:59,37650.0,400.0,1112300.0
1859,2021-10-11 03:35:59,37650.0,100.0,1111900.0
1860,2021-10-11 03:35:59,37650.0,100.0,1111800.0
1861,2021-10-11 03:35:50,37650.0,200.0,1111700.0
1862,2021-10-11 03:35:43,37650.0,500.0,1111500.0
1863,2021-10-11 03:35:34,37650.0,3900.0,1111000.0
1864,2021-10-11 03:35:29,37700.0,200.0,1107100.0
1865,2021-10-11 03:34:35,37650.0,100.0,1106900.0
1866,2021-10-11 03:34:15,37700.0,100.0,1106800.0
1867,2021-10-11 03:34:15,37700.0,100.0,1106700.0
1868,2021-10-11 03:34:15,37700.0,500.0,1106600.0
1869,2021-10-11 03:34:15,37700.0,4500.0,1106100.0
1870,2021-10-11 03:33:55,37750.0,700.0,1101600.0
1871,2021-10-11 03:33:50,37750.0,1000.0,1100900.0
1872,2021-10-11 03:33:50,37750.0,2000.0,1099900.0
1873,2021-10-11 03:33:50,37750.0,1300.0,1097900.0
1874,2021-10-11 03:33:47,37700.0,5600.0,1096600.0
1875,2021-10-11 03:33:42,37700.0,700.0,1091000.0
1876,2021-10-11 03:33:40,37700.0,300.0,1090300.0
1877,2021-10-11 03:33:39,37700.0,500.0,1090000.0
1878,2021-10-11 03:33:25,37650.0,200.0,1089500.0
1879,2021-10-11 03:33:15,37750.0,300.0,1089300.0
1880,2021-10-11 03:33:11,37650.0,100.0,1089000.0
1881,2021-10-11 03:33:11,37650.0,1000.0,1088900.0
1882,2021-10-11 03:33:11,37650.0,200.0,1087900.0
1883,2021-10-11 03:33:11,37650.0,100.0,1087700.0
1884,2021-10-11 03:33:11,37650.0,700.0,1087600.0
1885,2021-10-11 03:33:11,37650.0,1000.0,1086900.0
1886,2021-10-11 03:33:11,37650.0,100.0,1085900.0
1887,2021-10-11 03:33:11,37650.0,100.0,1085800.0
1888,2021-10-11 03:33:11,37650.0,200.0,1085700.0
1889,2021-10-11 03:33:11,37650.0,1000.0,1085500.0
1890,2021-10-11 03:33:11,37650.0,300.0,1084500.0
1891,2021-10-11 03:33:11,37650.0,500.0,1084200.0
1892,2021-10-11 03:33:11,37650.0,1000.0,1083700.0
1893,2021-10-11 03:33:11,37650.0,800.0,1082700.0
1894,2021-10-11 03:33:11,37650.0,500.0,1081900.0
1895,2021-10-11 03:33:11,37650.0,100.0,1081400.0
1896,2021-10-11 03:33:11,37650.0,500.0,1081300.0
1897,2021-10-11 03:33:11,37650.0,100.0,1080800.0
1898,2021-10-11 03:33:11,37650.0,100.0,1080700.0
1899,2021-10-11 03:33:11,37650.0,1000.0,1080600.0
1900,2021-10-11 03:33:11,37650.0,100.0,1079600.0
1901,2021-10-11 03:33:11,37650.0,100.0,1079500.0
1902,2021-10-11 03:33:11,37650.0,2200.0,1079400.0
1903,2021-10-11 03:33:11,37650.0,200.0,1077200.0
1904,2021-10-11 03:33:11,37650.0,1500.0,1077000.0
1905,2021-10-11 03:33:11,37650.0,500.0,1075500.0
1906,2021-10-11 03:33:11,37700.0,100.0,1075000.0
1907,2021-10-11 03:33:11,37700.0,200.0,1074900.0
1908,2021-10-11 03:33:11,37700.0,100.0,1074700.0
1909,2021-10-11 03:33:11,37700.0,100.0,1074600.0
1910,2021-10-11 03:33:11,37700.0,400.0,1074500.0
1911,2021-10-11 03:33:11,37700.0,5000.0,1074100.0
1912,2021-10-11 03:33:11,37700.0,100.0,1069100.0
1913,2021-10-11 03:33:00,37700.0,400.0,1069000.0
1914,2021-10-11 03:33:00,37700.0,2100.0,1068600.0
1915,2021-10-11 03:32:59,37750.0,100.0,1066500.0
1916,2021-10-11 03:32:43,37750.0,100.0,1066400.0
1917,2021-10-11 03:32:37,37750.0,200.0,1066300.0
1918,2021-10-11 03:32:37,37750.0,2800.0,1066100.0
1919,2021-10-11 03:32:32,37750.0,200.0,1063300.0
1920,2021-10-11 03:32:32,37750.0,100.0,1063100.0
1921,2021-10-11 03:32:26,37750.0,300.0,1063000.0
1922,2021-10-11 03:31:57,37750.0,100.0,1062700.0
1923,2021-10-11 03:31:56,37700.0,2900.0,1062600.0
1924,2021-10-11 03:31:54,37700.0,100.0,1059700.0
1925,2021-10-11 03:31:53,37700.0,2300.0,1059600.0
1926,2021-10-11 03:31:53,37700.0,700.0,1057300.0
1927,2021-10-11 03:31:46,37700.0,100.0,1056600.0
1928,2021-10-11 03:31:44,37700.0,600.0,1056500.0
1929,2021-10-11 03:31:44,37700.0,500.0,1055900.0
1930,2021-10-11 03:31:44,37700.0,500.0,1055400.0
1931,2021-10-11 03:31:44,37700.0,200.0,1054900.0
1932,2021-10-11 03:31:44,37700.0,2000.0,1054700.0
1933,2021-10-11 03:31:44,37700.0,500.0,1052700.0
1934,2021-10-11 03:31:44,37700.0,1000.0,1052200.0
1935,2021-10-11 03:31:44,37700.0,100.0,1051200.0
1936,2021-10-11 03:31:44,37700.0,2000.0,1051100.0
1937,2021-10-11 03:31:44,37700.0,300.0,1049100.0
1938,2021-10-11 03:31:44,37700.0,100.0,1048800.0
1939,2021-10-11 03:31:44,37700.0,1000.0,1048700.0
1940,2021-10-11 03:31:44,37700.0,100.0,1047700.0
1941,2021-10-11 03:31:44,37700.0,1500.0,1047600.0
1942,2021-10-11 03:31:44,37700.0,500.0,1046100.0
1943,2021-10-11 03:31:44,37700.0,1000.0,1045600.0
1944,2021-10-11 03:31:44,37700.0,500.0,1044600.0
1945,2021-10-11 03:31:44,37700.0,100.0,1044100.0
1946,2021-10-11 03:31:44,37700.0,100.0,1044000.0
1947,2021-10-11 03:31:44,37700.0,200.0,1043900.0
1948,2021-10-11 03:31:44,37700.0,200.0,1043700.0
1949,2021-10-11 03:31:44,37700.0,500.0,1043500.0
1950,2021-10-11 03:31:44,37700.0,700.0,1043000.0
1951,2021-10-11 03:31:33,37750.0,200.0,1042300.0
1952,2021-10-11 03:31:26,37700.0,600.0,1042100.0
1953,2021-10-11 03:31:26,37700.0,100.0,1041500.0
1954,2021-10-11 03:31:18,37750.0,1500.0,1041400.0
1955,2021-10-11 03:31:17,37700.0,400.0,1039900.0
1956,2021-10-11 03:31:17,37700.0,100.0,1039500.0
1957,2021-10-11 03:31:17,37700.0,400.0,1039400.0
1958,2021-10-11 03:31:17,37700.0,3100.0,1039000.0
1959,2021-10-11 03:31:17,37700.0,100.0,1035900.0
1960,2021-10-11 03:31:17,37700.0,6200.0,1035800.0
1961,2021-10-11 03:31:17,37700.0,15000.0,1029600.0
1962,2021-10-11 03:31:17,37700.0,100.0,1014600.0
1963,2021-10-11 03:31:17,37700.0,3000.0,1014500.0
1964,2021-10-11 03:31:17,37700.0,1600.0,1011500.0
1965,2021-10-11 03:31:10,37700.0,400.0,1009900.0
1966,2021-10-11 03:30:48,37750.0,200.0,1009500.0
1967,2021-10-11 03:30:48,37750.0,100.0,1009300.0
1968,2021-10-11 03:30:42,37750.0,600.0,1009200.0
1969,2021-10-11 03:30:39,37750.0,100.0,1008600.0
1970,2021-10-11 03:30:38,37750.0,100.0,1008500.0
1971,2021-10-11 03:30:36,37750.0,2000.0,1008400.0
1972,2021-10-11 03:30:23,37750.0,100.0,1006400.0
1973,2021-10-11 03:30:19,37750.0,1300.0,1006300.0
1974,2021-10-11 03:30:19,37750.0,200.0,1005000.0
1975,2021-10-11 03:30:19,37750.0,100.0,1004800.0
1976,2021-10-11 03:30:19,37750.0,500.0,1004700.0
1977,2021-10-11 03:30:19,37750.0,500.0,1004200.0
1978,2021-10-11 03:30:19,37750.0,100.0,1003700.0
1979,2021-10-11 03:30:19,37750.0,300.0,1003600.0
1980,2021-10-11 03:30:19,37750.0,100.0,1003300.0
1981,2021-10-11 03:30:19,37750.0,2500.0,1003200.0
1982,2021-10-11 03:30:19,37750.0,1000.0,1000700.0
1983,2021-10-11 03:30:19,37750.0,3000.0,999700.0
1984,2021-10-11 03:30:19,37750.0,100.0,996700.0
1985,2021-10-11 03:30:19,37750.0,2000.0,996600.0
1986,2021-10-11 03:30:19,37750.0,100.0,994600.0
1987,2021-10-11 03:30:19,37750.0,200.0,994500.0
1988,2021-10-11 03:30:15,37800.0,100.0,994300.0
1989,2021-10-11 03:30:14,37800.0,4000.0,994200.0
1990,2021-10-11 03:30:03,37800.0,100.0,990200.0
1991,2021-10-11 03:30:00,37800.0,200.0,990100.0
1992,2021-10-11 03:30:00,37800.0,5400.0,989900.0
1993,2021-10-11 03:29:28,37800.0,100.0,984500.0
1994,2021-10-11 03:29:28,37800.0,500.0,984400.0
1995,2021-10-11 03:29:28,37800.0,1000.0,983900.0
1996,2021-10-11 03:29:28,37800.0,8000.0,982900.0
1997,2021-10-11 03:29:26,37750.0,800.0,974900.0
1998,2021-10-11 03:29:26,37750.0,200.0,974100.0
1999,2021-10-11 03:29:23,37800.0,2000.0,973900.0
2000,2021-10-11 03:28:58,37800.0,500.0,971900.0
2001,2021-10-11 03:28:29,37800.0,200.0,971400.0
2002,2021-10-11 03:28:29,37800.0,2000.0,971200.0
2003,2021-10-11 03:28:29,37800.0,500.0,969200.0
2004,2021-10-11 03:28:29,37800.0,200.0,968700.0
2005,2021-10-11 03:28:29,37800.0,1000.0,968500.0
2006,2021-10-11 03:28:29,37800.0,100.0,967500.0
2007,2021-10-11 03:28:29,37800.0,1000.0,967400.0
2008,2021-10-11 03:28:29,37800.0,500.0,966400.0
2009,2021-10-11 03:27:42,37800.0,1100.0,965900.0
2010,2021-10-11 03:27:16,37800.0,1900.0,964800.0
2011,2021-10-11 03:27:16,37800.0,4300.0,962900.0
2012,2021-10-11 03:27:08,37800.0,700.0,958600.0
2013,2021-10-11 03:27:08,37800.0,500.0,957900.0
2014,2021-10-11 03:27:08,37800.0,400.0,957400.0
2015,2021-10-11 03:27:08,37800.0,3400.0,957000.0
2016,2021-10-11 03:27:00,37800.0,3100.0,953600.0
2017,2021-10-11 03:27:00,37800.0,500.0,950500.0
2018,2021-10-11 03:27:00,37800.0,200.0,950000.0
2019,2021-10-11 03:27:00,37800.0,1500.0,949800.0
2020,2021-10-11 03:27:00,37800.0,600.0,948300.0
2021,2021-10-11 03:27:00,37800.0,1300.0,947700.0
2022,2021-10-11 03:27:00,37800.0,500.0,946400.0
2023,2021-10-11 03:27:00,37800.0,200.0,945900.0
2024,2021-10-11 03:27:00,37800.0,100.0,945700.0
2025,2021-10-11 03:27:00,37800.0,300.0,945600.0
2026,2021-10-11 03:27:00,37800.0,1000.0,945300.0
2027,2021-10-11 03:27:00,37800.0,100.0,944300.0
2028,2021-10-11 03:27:00,37800.0,3400.0,944200.0
2029,2021-10-11 03:27:00,37850.0,1800.0,940800.0
2030,2021-10-11 03:27:00,37850.0,200.0,939000.0
2031,2021-10-11 03:27:00,37850.0,2000.0,938800.0
2032,2021-10-11 03:27:00,37850.0,200.0,936800.0
2033,2021-10-11 03:27:00,37850.0,1100.0,936600.0
2034,2021-10-11 03:26:20,37900.0,100.0,935500.0
2035,2021-10-11 03:26:01,37900.0,100.0,935400.0
2036,2021-10-11 03:25:31,37850.0,900.0,935300.0
2037,2021-10-11 03:25:31,37850.0,100.0,934400.0
2038,2021-10-11 03:25:31,37850.0,100.0,934300.0
2039,2021-10-11 03:25:31,37850.0,100.0,934200.0
2040,2021-10-11 03:25:31,37850.0,500.0,934100.0
2041,2021-10-11 03:25:31,37850.0,300.0,933600.0
2042,2021-10-11 03:25:31,37850.0,200.0,933300.0
2043,2021-10-11 03:25:31,37850.0,800.0,933100.0
2044,2021-10-11 03:25:27,37850.0,400.0,932300.0
2045,2021-10-11 03:25:27,37850.0,200.0,931900.0
2046,2021-10-11 03:25:27,37850.0,200.0,931700.0
2047,2021-10-11 03:25:27,37850.0,600.0,931500.0
2048,2021-10-11 03:25:09,37850.0,300.0,930900.0
2049,2021-10-11 03:25:05,37850.0,9100.0,930600.0
2050,2021-10-11 03:25:05,37850.0,900.0,921500.0
2051,2021-10-11 03:24:58,37900.0,100.0,920600.0
