,Time,Price,Volume_per_trade,Volume
0,2021-09-26 14:45:01,37000.0,2600.0,2891500.0
1,2021-09-26 14:45:01,37000.0,400.0,2888900.0
2,2021-09-26 14:45:01,37000.0,100.0,2888500.0
3,2021-09-26 14:45:01,37000.0,100.0,2888400.0
4,2021-09-26 14:45:01,37000.0,100.0,2888300.0
5,2021-09-26 14:45:01,37000.0,200.0,2888200.0
6,2021-09-26 14:45:01,37000.0,500.0,2888000.0
7,2021-09-26 14:45:01,37000.0,100.0,2887500.0
8,2021-09-26 14:45:01,37000.0,100.0,2887400.0
9,2021-09-26 14:45:01,37000.0,400.0,2887300.0
10,2021-09-26 14:45:01,37000.0,700.0,2886900.0
11,2021-09-26 14:45:01,37000.0,300.0,2886200.0
12,2021-09-26 14:45:01,37000.0,1000.0,2885900.0
13,2021-09-26 14:45:01,37000.0,1000.0,2884900.0
14,2021-09-26 14:45:01,37000.0,200.0,2883900.0
15,2021-09-26 14:45:01,37000.0,200.0,2883700.0
16,2021-09-26 14:45:01,37000.0,1200.0,2883500.0
17,2021-09-26 14:45:01,37000.0,800.0,2882300.0
18,2021-09-26 14:45:01,37000.0,200.0,2881500.0
19,2021-09-26 14:45:01,37000.0,2000.0,2881300.0
20,2021-09-26 14:45:01,37000.0,200.0,2879300.0
21,2021-09-26 14:45:01,37000.0,300.0,2879100.0
22,2021-09-26 14:45:01,37000.0,200.0,2878800.0
23,2021-09-26 14:45:01,37000.0,1300.0,2878600.0
24,2021-09-26 14:45:01,37000.0,3700.0,2877300.0
25,2021-09-26 14:45:01,37000.0,400.0,2873600.0
26,2021-09-26 14:45:01,37000.0,900.0,2873200.0
27,2021-09-26 14:45:01,37000.0,3000.0,2872300.0
28,2021-09-26 14:45:01,37000.0,5000.0,2869300.0
29,2021-09-26 14:45:01,37000.0,100.0,2864300.0
30,2021-09-26 14:45:01,37000.0,400.0,2864200.0
31,2021-09-26 14:45:01,37000.0,300.0,2863800.0
32,2021-09-26 14:45:01,37000.0,300.0,2863500.0
33,2021-09-26 14:45:01,37000.0,100.0,2863200.0
34,2021-09-26 14:45:01,37000.0,2900.0,2863100.0
35,2021-09-26 14:45:01,37000.0,100.0,2860200.0
36,2021-09-26 14:45:01,37000.0,300.0,2860100.0
37,2021-09-26 14:45:01,37000.0,100.0,2859800.0
38,2021-09-26 14:45:01,37000.0,100.0,2859700.0
39,2021-09-26 14:45:01,37000.0,1900.0,2859600.0
40,2021-09-26 14:45:01,37000.0,200.0,2857700.0
41,2021-09-26 14:45:01,37000.0,300.0,2857500.0
42,2021-09-26 14:45:01,37000.0,100.0,2857200.0
43,2021-09-26 14:45:01,37000.0,2000.0,2857100.0
44,2021-09-26 14:45:01,37000.0,100.0,2855100.0
45,2021-09-26 14:45:01,37000.0,200.0,2855000.0
46,2021-09-26 14:45:01,37000.0,100.0,2854800.0
47,2021-09-26 14:45:01,37000.0,400.0,2854700.0
48,2021-09-26 14:45:01,37000.0,100.0,2854300.0
49,2021-09-26 14:45:01,37000.0,100.0,2854200.0
50,2021-09-26 14:45:01,37000.0,100.0,2854100.0
51,2021-09-26 14:45:01,37000.0,200.0,2854000.0
52,2021-09-26 14:45:01,37000.0,700.0,2853800.0
53,2021-09-26 14:45:01,37000.0,1100.0,2853100.0
54,2021-09-26 14:45:01,37000.0,500.0,2852000.0
55,2021-09-26 14:45:01,37000.0,200.0,2851500.0
56,2021-09-26 14:45:01,37000.0,1000.0,2851300.0
57,2021-09-26 14:45:01,37000.0,200.0,2850300.0
58,2021-09-26 14:45:01,37000.0,300.0,2850100.0
59,2021-09-26 14:45:01,37000.0,200.0,2849800.0
60,2021-09-26 14:45:01,37000.0,500.0,2849600.0
61,2021-09-26 14:45:01,37000.0,700.0,2849100.0
62,2021-09-26 14:45:01,37000.0,400.0,2848400.0
63,2021-09-26 14:45:01,37000.0,500.0,2848000.0
64,2021-09-26 14:45:01,37000.0,100.0,2847500.0
65,2021-09-26 14:45:01,37000.0,1000.0,2847400.0
66,2021-09-26 14:45:01,37000.0,100.0,2846400.0
67,2021-09-26 14:45:01,37000.0,500.0,2846300.0
68,2021-09-26 14:45:01,37000.0,200.0,2845800.0
69,2021-09-26 14:45:01,37000.0,100.0,2845600.0
70,2021-09-26 14:45:01,37000.0,100.0,2845500.0
71,2021-09-26 14:45:01,37000.0,200.0,2845400.0
72,2021-09-26 14:45:01,37000.0,300.0,2845200.0
73,2021-09-26 14:45:01,37000.0,100.0,2844900.0
74,2021-09-26 14:45:01,37000.0,100.0,2844800.0
75,2021-09-26 14:45:01,37000.0,100.0,2844700.0
76,2021-09-26 14:45:01,37000.0,100.0,2844600.0
77,2021-09-26 14:45:01,37000.0,100.0,2844500.0
78,2021-09-26 14:45:01,37000.0,8300.0,2844400.0
79,2021-09-26 14:45:01,37000.0,7600.0,2836100.0
80,2021-09-26 14:45:01,37000.0,100.0,2828500.0
81,2021-09-26 14:45:01,37000.0,2000.0,2828400.0
82,2021-09-26 14:45:01,37000.0,600.0,2826400.0
83,2021-09-26 14:45:01,37000.0,4000.0,2825800.0
84,2021-09-26 14:45:01,37000.0,200.0,2821800.0
85,2021-09-26 14:45:01,37000.0,5000.0,2821600.0
86,2021-09-26 14:45:01,37000.0,100.0,2816600.0
87,2021-09-26 14:45:01,37000.0,100.0,2816500.0
88,2021-09-26 14:45:01,37000.0,500.0,2816400.0
89,2021-09-26 14:45:01,37000.0,500.0,2815900.0
90,2021-09-26 14:45:01,37000.0,3000.0,2815400.0
91,2021-09-26 14:45:01,37000.0,100.0,2812400.0
92,2021-09-26 14:45:01,37000.0,200.0,2812300.0
93,2021-09-26 14:45:01,37000.0,2000.0,2812100.0
94,2021-09-26 14:45:01,37000.0,100.0,2810100.0
95,2021-09-26 14:45:01,37000.0,200.0,2810000.0
96,2021-09-26 14:45:01,37000.0,3000.0,2809800.0
97,2021-09-26 14:45:01,37000.0,200.0,2806800.0
98,2021-09-26 14:45:01,37000.0,500.0,2806600.0
99,2021-09-26 14:45:01,37000.0,100.0,2806100.0
100,2021-09-26 14:45:01,37000.0,100.0,2806000.0
101,2021-09-26 14:45:01,37000.0,100.0,2805900.0
102,2021-09-26 14:45:01,37000.0,200.0,2805800.0
103,2021-09-26 14:45:01,37000.0,100.0,2805600.0
104,2021-09-26 14:45:01,37000.0,200.0,2805500.0
105,2021-09-26 14:45:01,37000.0,200.0,2805300.0
106,2021-09-26 14:45:01,37000.0,200.0,2805100.0
107,2021-09-26 14:45:01,37000.0,100.0,2804900.0
108,2021-09-26 14:45:01,37000.0,100.0,2804800.0
109,2021-09-26 14:45:01,37000.0,200.0,2804700.0
110,2021-09-26 14:45:01,37000.0,1000.0,2804500.0
111,2021-09-26 14:45:01,37000.0,200.0,2803500.0
112,2021-09-26 14:45:01,37000.0,3800.0,2803300.0
113,2021-09-26 14:45:01,37000.0,100.0,2799500.0
114,2021-09-26 14:45:01,37000.0,100.0,2799400.0
115,2021-09-26 14:45:01,37000.0,1000.0,2799300.0
116,2021-09-26 14:45:01,37000.0,200.0,2798300.0
117,2021-09-26 14:45:01,37000.0,14800.0,2798100.0
118,2021-09-26 14:45:01,37000.0,200.0,2783300.0
119,2021-09-26 14:45:01,37000.0,500.0,2783100.0
120,2021-09-26 14:45:01,37000.0,400.0,2782600.0
121,2021-09-26 14:45:01,37000.0,100.0,2782200.0
122,2021-09-26 14:45:01,37000.0,500.0,2782100.0
123,2021-09-26 14:45:01,37000.0,600.0,2781600.0
124,2021-09-26 14:45:01,37000.0,100.0,2781000.0
125,2021-09-26 14:45:01,37000.0,9800.0,2780900.0
126,2021-09-26 14:45:01,37000.0,100.0,2771100.0
127,2021-09-26 14:45:01,37000.0,100.0,2771000.0
128,2021-09-26 14:45:01,37000.0,100.0,2770900.0
129,2021-09-26 14:45:01,37000.0,100.0,2770800.0
130,2021-09-26 14:45:01,37000.0,700.0,2770700.0
131,2021-09-26 14:45:01,37000.0,100.0,2770000.0
132,2021-09-26 14:45:01,37000.0,4900.0,2769900.0
133,2021-09-26 14:45:01,37000.0,100.0,2765000.0
134,2021-09-26 14:29:49,37150.0,100.0,2764900.0
135,2021-09-26 14:29:48,37150.0,200.0,2764800.0
136,2021-09-26 14:29:45,37150.0,400.0,2764600.0
137,2021-09-26 14:29:45,37150.0,1000.0,2764200.0
138,2021-09-26 14:29:45,37150.0,700.0,2763200.0
139,2021-09-26 14:29:45,37150.0,12300.0,2762500.0
140,2021-09-26 14:29:45,37150.0,900.0,2750200.0
141,2021-09-26 14:29:45,37150.0,100.0,2749300.0
142,2021-09-26 14:29:45,37150.0,200.0,2749200.0
143,2021-09-26 14:29:45,37150.0,200.0,2749000.0
144,2021-09-26 14:29:45,37150.0,300.0,2748800.0
145,2021-09-26 14:29:45,37150.0,200.0,2748500.0
146,2021-09-26 14:29:45,37150.0,1000.0,2748300.0
147,2021-09-26 14:29:45,37150.0,1700.0,2747300.0
148,2021-09-26 14:29:45,37150.0,100.0,2745600.0
149,2021-09-26 14:29:45,37150.0,5000.0,2745500.0
150,2021-09-26 14:29:45,37150.0,14800.0,2740500.0
151,2021-09-26 14:29:40,37150.0,200.0,2725700.0
152,2021-09-26 14:29:40,37200.0,100.0,2725500.0
153,2021-09-26 14:29:36,37150.0,300.0,2725400.0
154,2021-09-26 14:29:36,37200.0,1000.0,2725100.0
155,2021-09-26 14:29:36,37200.0,2000.0,2724100.0
156,2021-09-26 14:29:34,37200.0,200.0,2722100.0
157,2021-09-26 14:29:30,37200.0,500.0,2721900.0
158,2021-09-26 14:29:28,37150.0,1000.0,2721400.0
159,2021-09-26 14:29:28,37200.0,1000.0,2720400.0
160,2021-09-26 14:29:12,37200.0,300.0,2719400.0
161,2021-09-26 14:29:11,37200.0,800.0,2719100.0
162,2021-09-26 14:29:11,37200.0,200.0,2718300.0
163,2021-09-26 14:29:02,37150.0,3700.0,2718100.0
164,2021-09-26 14:29:02,37150.0,2400.0,2714400.0
165,2021-09-26 14:29:00,37200.0,1000.0,2712000.0
166,2021-09-26 14:28:57,37200.0,300.0,2711000.0
167,2021-09-26 14:28:36,37200.0,500.0,2710700.0
168,2021-09-26 14:28:36,37200.0,500.0,2710200.0
169,2021-09-26 14:28:30,37200.0,100.0,2709700.0
170,2021-09-26 14:28:02,37200.0,1000.0,2709600.0
171,2021-09-26 14:27:55,37200.0,300.0,2708600.0
172,2021-09-26 14:27:52,37200.0,100.0,2708300.0
173,2021-09-26 14:27:37,37200.0,1000.0,2708200.0
174,2021-09-26 14:27:32,37200.0,1000.0,2707200.0
175,2021-09-26 14:27:28,37150.0,1200.0,2706200.0
176,2021-09-26 14:27:23,37200.0,100.0,2705000.0
177,2021-09-26 14:27:22,37200.0,200.0,2704900.0
178,2021-09-26 14:27:20,37200.0,100.0,2704700.0
179,2021-09-26 14:27:20,37200.0,1000.0,2704600.0
180,2021-09-26 14:27:20,37200.0,200.0,2703600.0
181,2021-09-26 14:27:20,37200.0,100.0,2703400.0
182,2021-09-26 14:27:20,37200.0,300.0,2703300.0
183,2021-09-26 14:27:20,37200.0,3000.0,2703000.0
184,2021-09-26 14:27:07,37200.0,1300.0,2700000.0
185,2021-09-26 14:26:55,37200.0,700.0,2698700.0
186,2021-09-26 14:26:55,37200.0,300.0,2698000.0
187,2021-09-26 14:26:55,37200.0,400.0,2697700.0
188,2021-09-26 14:26:55,37200.0,200.0,2697300.0
189,2021-09-26 14:26:55,37200.0,400.0,2697100.0
190,2021-09-26 14:26:53,37200.0,100.0,2696700.0
191,2021-09-26 14:26:53,37200.0,200.0,2696600.0
192,2021-09-26 14:26:53,37200.0,200.0,2696400.0
193,2021-09-26 14:26:53,37200.0,500.0,2696200.0
194,2021-09-26 14:26:53,37200.0,500.0,2695700.0
195,2021-09-26 14:26:53,37200.0,500.0,2695200.0
196,2021-09-26 14:26:51,37250.0,100.0,2694700.0
197,2021-09-26 14:26:51,37250.0,300.0,2694600.0
198,2021-09-26 14:26:36,37200.0,1000.0,2694300.0
199,2021-09-26 14:26:36,37200.0,500.0,2693300.0
200,2021-09-26 14:26:36,37200.0,100.0,2692800.0
201,2021-09-26 14:26:36,37200.0,200.0,2692700.0
202,2021-09-26 14:26:36,37200.0,100.0,2692500.0
203,2021-09-26 14:26:36,37200.0,100.0,2692400.0
204,2021-09-26 14:26:23,37250.0,400.0,2692300.0
205,2021-09-26 14:26:23,37250.0,1300.0,2691900.0
206,2021-09-26 14:26:18,37250.0,100.0,2690600.0
207,2021-09-26 14:26:04,37250.0,800.0,2690500.0
208,2021-09-26 14:26:03,37250.0,100.0,2689700.0
209,2021-09-26 14:25:59,37250.0,1000.0,2689600.0
210,2021-09-26 14:25:56,37250.0,500.0,2688600.0
211,2021-09-26 14:25:53,37250.0,200.0,2688100.0
212,2021-09-26 14:25:53,37250.0,500.0,2687900.0
213,2021-09-26 14:25:53,37250.0,100.0,2687400.0
214,2021-09-26 14:25:53,37250.0,500.0,2687300.0
215,2021-09-26 14:25:53,37250.0,300.0,2686800.0
216,2021-09-26 14:25:53,37250.0,13900.0,2686500.0
217,2021-09-26 14:25:50,37250.0,1000.0,2672600.0
218,2021-09-26 14:25:45,37250.0,100.0,2671600.0
219,2021-09-26 14:25:45,37250.0,1000.0,2671500.0
220,2021-09-26 14:25:38,37250.0,4600.0,2670500.0
221,2021-09-26 14:25:38,37250.0,100.0,2665900.0
222,2021-09-26 14:25:38,37250.0,300.0,2665800.0
223,2021-09-26 14:25:21,37250.0,100.0,2665500.0
224,2021-09-26 14:25:19,37250.0,100.0,2665400.0
225,2021-09-26 14:25:16,37300.0,3000.0,2665300.0
226,2021-09-26 14:25:13,37300.0,800.0,2662300.0
227,2021-09-26 14:25:13,37300.0,900.0,2661500.0
228,2021-09-26 14:25:13,37300.0,100.0,2660600.0
229,2021-09-26 14:25:13,37300.0,5000.0,2660500.0
230,2021-09-26 14:25:13,37300.0,500.0,2655500.0
231,2021-09-26 14:25:13,37300.0,300.0,2655000.0
232,2021-09-26 14:25:13,37300.0,900.0,2654700.0
233,2021-09-26 14:25:09,37300.0,4100.0,2653800.0
234,2021-09-26 14:25:09,37300.0,100.0,2649700.0
235,2021-09-26 14:25:09,37300.0,800.0,2649600.0
236,2021-09-26 14:25:09,37300.0,500.0,2648800.0
237,2021-09-26 14:25:09,37350.0,100.0,2648300.0
238,2021-09-26 14:25:04,37350.0,500.0,2648200.0
239,2021-09-26 14:25:03,37350.0,100.0,2647700.0
240,2021-09-26 14:24:54,37350.0,200.0,2647600.0
241,2021-09-26 14:24:53,37350.0,2000.0,2647400.0
242,2021-09-26 14:24:53,37350.0,2000.0,2645400.0
243,2021-09-26 14:24:53,37350.0,2000.0,2643400.0
244,2021-09-26 14:24:53,37350.0,1500.0,2641400.0
245,2021-09-26 14:24:53,37350.0,200.0,2639900.0
246,2021-09-26 14:24:53,37350.0,5000.0,2639700.0
247,2021-09-26 14:24:53,37350.0,2200.0,2634700.0
248,2021-09-26 14:24:47,37350.0,300.0,2632500.0
249,2021-09-26 14:24:19,37400.0,100.0,2632200.0
250,2021-09-26 14:23:57,37400.0,100.0,2632100.0
251,2021-09-26 14:23:38,37400.0,600.0,2632000.0
252,2021-09-26 14:23:38,37400.0,500.0,2631400.0
253,2021-09-26 14:23:38,37400.0,2900.0,2630900.0
254,2021-09-26 14:23:27,37350.0,4500.0,2628000.0
255,2021-09-26 14:23:17,37350.0,500.0,2623500.0
256,2021-09-26 14:23:04,37400.0,100.0,2623000.0
257,2021-09-26 14:23:04,37400.0,400.0,2622900.0
258,2021-09-26 14:23:04,37400.0,100.0,2622500.0
259,2021-09-26 14:23:04,37400.0,200.0,2622400.0
260,2021-09-26 14:23:04,37400.0,1000.0,2622200.0
261,2021-09-26 14:23:04,37400.0,500.0,2621200.0
262,2021-09-26 14:23:04,37400.0,1000.0,2620700.0
263,2021-09-26 14:23:04,37400.0,200.0,2619700.0
264,2021-09-26 14:23:04,37400.0,100.0,2619500.0
265,2021-09-26 14:22:36,37350.0,100.0,2619400.0
266,2021-09-26 14:22:36,37350.0,600.0,2619300.0
267,2021-09-26 14:22:35,37300.0,500.0,2618700.0
268,2021-09-26 14:22:35,37300.0,500.0,2618200.0
269,2021-09-26 14:22:21,37350.0,100.0,2617700.0
270,2021-09-26 14:22:21,37350.0,300.0,2617600.0
271,2021-09-26 14:22:21,37350.0,9600.0,2617300.0
272,2021-09-26 14:22:07,37350.0,100.0,2607700.0
273,2021-09-26 14:22:06,37300.0,100.0,2607600.0
274,2021-09-26 14:21:50,37300.0,100.0,2607500.0
275,2021-09-26 14:21:46,37300.0,3600.0,2607400.0
276,2021-09-26 14:21:46,37300.0,1400.0,2603800.0
277,2021-09-26 14:21:42,37300.0,600.0,2602400.0
278,2021-09-26 14:21:42,37300.0,1000.0,2601800.0
279,2021-09-26 14:21:42,37300.0,100.0,2600800.0
280,2021-09-26 14:21:17,37300.0,1000.0,2600700.0
281,2021-09-26 14:21:17,37300.0,700.0,2599700.0
282,2021-09-26 14:21:17,37300.0,1000.0,2599000.0
283,2021-09-26 14:21:17,37300.0,300.0,2598000.0
284,2021-09-26 14:21:08,37300.0,500.0,2597700.0
285,2021-09-26 14:21:05,37300.0,100.0,2597200.0
286,2021-09-26 14:21:05,37300.0,100.0,2597100.0
287,2021-09-26 14:21:05,37300.0,600.0,2597000.0
288,2021-09-26 14:21:04,37350.0,300.0,2596400.0
289,2021-09-26 14:21:04,37350.0,100.0,2596100.0
290,2021-09-26 14:21:04,37350.0,100.0,2596000.0
291,2021-09-26 14:20:53,37300.0,100.0,2595900.0
292,2021-09-26 14:20:53,37300.0,300.0,2595800.0
293,2021-09-26 14:20:45,37300.0,200.0,2595500.0
294,2021-09-26 14:20:39,37300.0,200.0,2595300.0
295,2021-09-26 14:20:39,37300.0,200.0,2595100.0
296,2021-09-26 14:20:18,37300.0,100.0,2594900.0
297,2021-09-26 14:20:18,37300.0,1500.0,2594800.0
298,2021-09-26 14:20:11,37300.0,200.0,2593300.0
299,2021-09-26 14:20:11,37300.0,100.0,2593100.0
300,2021-09-26 14:20:11,37300.0,900.0,2593000.0
301,2021-09-26 14:20:11,37300.0,900.0,2592100.0
302,2021-09-26 14:20:11,37300.0,700.0,2591200.0
303,2021-09-26 14:20:11,37300.0,800.0,2590500.0
304,2021-09-26 14:19:59,37300.0,200.0,2589700.0
305,2021-09-26 14:19:59,37300.0,400.0,2589500.0
306,2021-09-26 14:19:59,37300.0,1000.0,2589100.0
307,2021-09-26 14:19:59,37300.0,3400.0,2588100.0
308,2021-09-26 14:19:58,37300.0,3000.0,2584700.0
309,2021-09-26 14:19:47,37250.0,200.0,2581700.0
310,2021-09-26 14:19:42,37250.0,100.0,2581500.0
311,2021-09-26 14:19:40,37250.0,1000.0,2581400.0
312,2021-09-26 14:19:34,37250.0,100.0,2580400.0
313,2021-09-26 14:19:33,37250.0,700.0,2580300.0
314,2021-09-26 14:19:30,37250.0,200.0,2579600.0
315,2021-09-26 14:19:26,37250.0,500.0,2579400.0
316,2021-09-26 14:19:26,37250.0,500.0,2578900.0
317,2021-09-26 14:19:26,37250.0,500.0,2578400.0
318,2021-09-26 14:19:25,37250.0,1000.0,2577900.0
319,2021-09-26 14:19:24,37250.0,500.0,2576900.0
320,2021-09-26 14:19:22,37250.0,300.0,2576400.0
321,2021-09-26 14:19:22,37200.0,400.0,2576100.0
322,2021-09-26 14:19:20,37250.0,8200.0,2575700.0
323,2021-09-26 14:19:20,37250.0,500.0,2567500.0
324,2021-09-26 14:19:20,37250.0,800.0,2567000.0
325,2021-09-26 14:19:20,37250.0,4100.0,2566200.0
326,2021-09-26 14:19:11,37250.0,100.0,2562100.0
327,2021-09-26 14:19:09,37250.0,100.0,2562000.0
328,2021-09-26 14:19:02,37250.0,100.0,2561900.0
329,2021-09-26 14:18:40,37200.0,5000.0,2561800.0
330,2021-09-26 14:18:36,37200.0,1000.0,2556800.0
331,2021-09-26 14:18:36,37200.0,200.0,2555800.0
332,2021-09-26 14:18:36,37200.0,500.0,2555600.0
333,2021-09-26 14:18:36,37200.0,800.0,2555100.0
334,2021-09-26 14:18:36,37200.0,600.0,2554300.0
335,2021-09-26 14:18:36,37200.0,400.0,2553700.0
336,2021-09-26 14:18:35,37150.0,100.0,2553300.0
337,2021-09-26 14:18:17,37150.0,500.0,2553200.0
338,2021-09-26 14:18:17,37150.0,5800.0,2552700.0
339,2021-09-26 14:18:15,37100.0,1000.0,2546900.0
340,2021-09-26 14:18:14,37150.0,2000.0,2545900.0
341,2021-09-26 14:18:08,37150.0,300.0,2543900.0
342,2021-09-26 14:17:47,37100.0,100.0,2543600.0
343,2021-09-26 14:17:41,37150.0,300.0,2543500.0
344,2021-09-26 14:17:39,37100.0,100.0,2543200.0
345,2021-09-26 14:17:37,37150.0,1000.0,2543100.0
346,2021-09-26 14:17:34,37150.0,500.0,2542100.0
347,2021-09-26 14:17:33,37150.0,100.0,2541600.0
348,2021-09-26 14:17:33,37150.0,100.0,2541500.0
349,2021-09-26 14:17:31,37050.0,100.0,2541400.0
350,2021-09-26 14:17:28,37150.0,500.0,2541300.0
351,2021-09-26 14:17:24,37100.0,100.0,2540800.0
352,2021-09-26 14:17:21,37100.0,100.0,2540700.0
353,2021-09-26 14:17:11,37100.0,1000.0,2540600.0
354,2021-09-26 14:17:00,37050.0,900.0,2539600.0
355,2021-09-26 14:17:00,37050.0,100.0,2538700.0
356,2021-09-26 14:17:00,37050.0,1000.0,2538600.0
357,2021-09-26 14:16:57,37050.0,4000.0,2537600.0
358,2021-09-26 14:16:57,37050.0,1000.0,2533600.0
359,2021-09-26 14:16:56,37050.0,100.0,2532600.0
360,2021-09-26 14:16:54,37050.0,100.0,2532500.0
361,2021-09-26 14:16:53,37050.0,300.0,2532400.0
362,2021-09-26 14:16:52,37050.0,100.0,2532100.0
363,2021-09-26 14:16:52,37050.0,1900.0,2532000.0
364,2021-09-26 14:16:51,37050.0,400.0,2530100.0
365,2021-09-26 14:16:49,37050.0,2000.0,2529700.0
366,2021-09-26 14:16:48,37050.0,100.0,2527700.0
367,2021-09-26 14:16:48,37050.0,500.0,2527600.0
368,2021-09-26 14:16:45,37050.0,500.0,2527100.0
369,2021-09-26 14:16:43,37050.0,200.0,2526600.0
370,2021-09-26 14:16:42,37050.0,200.0,2526400.0
371,2021-09-26 14:16:26,37050.0,1000.0,2526200.0
372,2021-09-26 14:16:23,37050.0,1000.0,2525200.0
373,2021-09-26 14:16:23,37050.0,2200.0,2524200.0
374,2021-09-26 14:16:23,37050.0,200.0,2522000.0
375,2021-09-26 14:16:23,37050.0,600.0,2521800.0
376,2021-09-26 14:16:20,37050.0,200.0,2521200.0
377,2021-09-26 14:16:01,37050.0,8600.0,2521000.0
378,2021-09-26 14:16:01,37050.0,3400.0,2512400.0
379,2021-09-26 14:16:00,37050.0,300.0,2509000.0
380,2021-09-26 14:15:59,37050.0,500.0,2508700.0
381,2021-09-26 14:15:53,37000.0,500.0,2508200.0
382,2021-09-26 14:15:53,37000.0,100.0,2507700.0
383,2021-09-26 14:15:53,37000.0,100.0,2507600.0
384,2021-09-26 14:15:53,37000.0,300.0,2507500.0
385,2021-09-26 14:15:53,37000.0,300.0,2507200.0
386,2021-09-26 14:15:53,37000.0,100.0,2506900.0
387,2021-09-26 14:15:53,37000.0,100.0,2506800.0
388,2021-09-26 14:15:53,37000.0,1000.0,2506700.0
389,2021-09-26 14:15:53,37000.0,400.0,2505700.0
390,2021-09-26 14:15:53,37000.0,100.0,2505300.0
391,2021-09-26 14:15:53,37000.0,1000.0,2505200.0
392,2021-09-26 14:15:53,37000.0,700.0,2504200.0
393,2021-09-26 14:15:53,37000.0,200.0,2503500.0
394,2021-09-26 14:15:53,37000.0,500.0,2503300.0
395,2021-09-26 14:15:53,37000.0,100.0,2502800.0
396,2021-09-26 14:15:53,37000.0,200.0,2502700.0
397,2021-09-26 14:15:53,37000.0,100.0,2502500.0
398,2021-09-26 14:15:53,37000.0,1000.0,2502400.0
399,2021-09-26 14:15:53,37000.0,400.0,2501400.0
400,2021-09-26 14:15:53,37000.0,2800.0,2501000.0
401,2021-09-26 14:15:49,37000.0,800.0,2498200.0
402,2021-09-26 14:15:49,37050.0,3000.0,2497400.0
403,2021-09-26 14:15:47,37000.0,2000.0,2494400.0
404,2021-09-26 14:15:44,37050.0,100.0,2492400.0
405,2021-09-26 14:15:36,37050.0,500.0,2492300.0
406,2021-09-26 14:15:28,37000.0,800.0,2491800.0
407,2021-09-26 14:15:28,37000.0,200.0,2491000.0
408,2021-09-26 14:15:28,37000.0,100.0,2490800.0
409,2021-09-26 14:15:28,37000.0,200.0,2490700.0
410,2021-09-26 14:15:28,37000.0,100.0,2490500.0
411,2021-09-26 14:15:28,37000.0,400.0,2490400.0
412,2021-09-26 14:15:28,37000.0,200.0,2490000.0
413,2021-09-26 14:15:28,37000.0,100.0,2489800.0
414,2021-09-26 14:15:28,37000.0,500.0,2489700.0
415,2021-09-26 14:15:28,37000.0,100.0,2489200.0
416,2021-09-26 14:15:28,37000.0,300.0,2489100.0
417,2021-09-26 14:15:28,37000.0,3000.0,2488800.0
418,2021-09-26 14:15:28,37000.0,400.0,2485800.0
419,2021-09-26 14:15:28,37000.0,100.0,2485400.0
420,2021-09-26 14:15:28,37000.0,500.0,2485300.0
421,2021-09-26 14:15:28,37000.0,1000.0,2484800.0
422,2021-09-26 14:15:26,37000.0,100.0,2483800.0
423,2021-09-26 14:15:24,37050.0,100.0,2483700.0
424,2021-09-26 14:15:23,37000.0,400.0,2483600.0
425,2021-09-26 14:15:23,37000.0,100.0,2483200.0
426,2021-09-26 14:15:23,37000.0,100.0,2483100.0
427,2021-09-26 14:15:23,37000.0,100.0,2483000.0
428,2021-09-26 14:15:23,37000.0,300.0,2482900.0
429,2021-09-26 14:15:15,37000.0,100.0,2482600.0
430,2021-09-26 14:15:15,37050.0,100.0,2482500.0
431,2021-09-26 14:15:12,37000.0,3000.0,2482400.0
432,2021-09-26 14:15:06,37050.0,2000.0,2479400.0
433,2021-09-26 14:15:05,37050.0,500.0,2477400.0
434,2021-09-26 14:15:03,37000.0,1400.0,2476900.0
435,2021-09-26 14:15:03,37000.0,500.0,2475500.0
436,2021-09-26 14:15:03,37000.0,200.0,2475000.0
437,2021-09-26 14:15:03,37000.0,500.0,2474800.0
438,2021-09-26 14:15:03,37000.0,1000.0,2474300.0
439,2021-09-26 14:15:03,37000.0,1100.0,2473300.0
440,2021-09-26 14:15:03,37000.0,300.0,2472200.0
441,2021-09-26 14:15:01,37050.0,400.0,2471900.0
442,2021-09-26 14:14:54,37050.0,100.0,2471500.0
443,2021-09-26 14:14:54,37050.0,100.0,2471400.0
444,2021-09-26 14:14:54,37050.0,500.0,2471300.0
445,2021-09-26 14:14:54,37050.0,100.0,2470800.0
446,2021-09-26 14:14:54,37050.0,1300.0,2470700.0
447,2021-09-26 14:14:46,37050.0,3000.0,2469400.0
448,2021-09-26 14:14:43,37050.0,500.0,2466400.0
449,2021-09-26 14:14:39,37000.0,700.0,2465900.0
450,2021-09-26 14:14:39,37000.0,200.0,2465200.0
451,2021-09-26 14:14:39,37000.0,100.0,2465000.0
452,2021-09-26 14:14:39,37000.0,1000.0,2464900.0
453,2021-09-26 14:14:36,37050.0,100.0,2463900.0
454,2021-09-26 14:14:19,37000.0,100.0,2463800.0
455,2021-09-26 14:14:19,37050.0,100.0,2463700.0
456,2021-09-26 14:14:18,37000.0,400.0,2463600.0
457,2021-09-26 14:14:18,37000.0,200.0,2463200.0
458,2021-09-26 14:14:18,37000.0,400.0,2463000.0
459,2021-09-26 14:14:17,37050.0,1000.0,2462600.0
460,2021-09-26 14:14:14,37050.0,500.0,2461600.0
461,2021-09-26 14:14:09,37050.0,500.0,2461100.0
462,2021-09-26 14:14:09,37000.0,600.0,2460600.0
463,2021-09-26 14:14:09,37000.0,100.0,2460000.0
464,2021-09-26 14:14:09,37000.0,300.0,2459900.0
465,2021-09-26 14:14:05,37050.0,1000.0,2459600.0
466,2021-09-26 14:14:02,37050.0,200.0,2458600.0
467,2021-09-26 14:14:01,37050.0,400.0,2458400.0
468,2021-09-26 14:14:01,37050.0,900.0,2458000.0
469,2021-09-26 14:13:49,37050.0,1000.0,2457100.0
470,2021-09-26 14:13:48,37050.0,1000.0,2456100.0
471,2021-09-26 14:13:47,37000.0,1000.0,2455100.0
472,2021-09-26 14:13:37,37050.0,1000.0,2454100.0
473,2021-09-26 14:13:37,37050.0,100.0,2453100.0
474,2021-09-26 14:13:37,37050.0,100.0,2453000.0
475,2021-09-26 14:13:37,37050.0,900.0,2452900.0
476,2021-09-26 14:13:20,37050.0,100.0,2452000.0
477,2021-09-26 14:13:10,37000.0,500.0,2451900.0
478,2021-09-26 14:13:10,37050.0,100.0,2451400.0
479,2021-09-26 14:13:01,37000.0,600.0,2451300.0
480,2021-09-26 14:13:00,37100.0,100.0,2450700.0
481,2021-09-26 14:13:00,37100.0,300.0,2450600.0
482,2021-09-26 14:13:00,37000.0,600.0,2450300.0
483,2021-09-26 14:13:00,37000.0,4900.0,2449700.0
484,2021-09-26 14:13:00,37050.0,100.0,2444800.0
485,2021-09-26 14:12:44,37000.0,100.0,2444700.0
486,2021-09-26 14:12:40,37000.0,500.0,2444600.0
487,2021-09-26 14:12:37,37000.0,1500.0,2444100.0
488,2021-09-26 14:12:37,37000.0,100.0,2442600.0
489,2021-09-26 14:12:37,37000.0,5000.0,2442500.0
490,2021-09-26 14:12:37,37000.0,100.0,2437500.0
491,2021-09-26 14:12:37,37000.0,1000.0,2437400.0
492,2021-09-26 14:12:37,37000.0,500.0,2436400.0
493,2021-09-26 14:12:37,37000.0,100.0,2435900.0
494,2021-09-26 14:12:37,37000.0,200.0,2435800.0
495,2021-09-26 14:12:37,37000.0,500.0,2435600.0
496,2021-09-26 14:12:37,37000.0,100.0,2435100.0
497,2021-09-26 14:12:37,37000.0,100.0,2435000.0
498,2021-09-26 14:12:37,37000.0,15000.0,2434900.0
499,2021-09-26 14:12:37,37000.0,100.0,2419900.0
500,2021-09-26 14:12:37,37000.0,900.0,2419800.0
501,2021-09-26 14:12:37,37000.0,200.0,2418900.0
502,2021-09-26 14:12:37,37000.0,100.0,2418700.0
503,2021-09-26 14:12:37,37000.0,200.0,2418600.0
504,2021-09-26 14:12:37,37000.0,100.0,2418400.0
505,2021-09-26 14:12:37,37000.0,5000.0,2418300.0
506,2021-09-26 14:12:37,37000.0,1000.0,2413300.0
507,2021-09-26 14:12:37,37000.0,29200.0,2412300.0
508,2021-09-26 14:12:24,37000.0,200.0,2383100.0
509,2021-09-26 14:12:16,37000.0,900.0,2382900.0
510,2021-09-26 14:12:13,37100.0,500.0,2382000.0
511,2021-09-26 14:12:11,37000.0,600.0,2381500.0
512,2021-09-26 14:12:11,37000.0,400.0,2380900.0
513,2021-09-26 14:12:10,37000.0,600.0,2380500.0
514,2021-09-26 14:12:10,37000.0,200.0,2379900.0
515,2021-09-26 14:12:10,37000.0,1000.0,2379700.0
516,2021-09-26 14:12:10,37000.0,2000.0,2378700.0
517,2021-09-26 14:12:10,37000.0,200.0,2376700.0
518,2021-09-26 14:12:10,37000.0,100.0,2376500.0
519,2021-09-26 14:12:10,37000.0,500.0,2376400.0
520,2021-09-26 14:12:10,37000.0,200.0,2375900.0
521,2021-09-26 14:12:10,37000.0,200.0,2375700.0
522,2021-09-26 14:12:10,37000.0,100.0,2375500.0
523,2021-09-26 14:12:10,37050.0,300.0,2375400.0
524,2021-09-26 14:12:10,37050.0,500.0,2375100.0
525,2021-09-26 14:12:10,37050.0,1600.0,2374600.0
526,2021-09-26 14:12:10,37050.0,1000.0,2373000.0
527,2021-09-26 14:12:10,37050.0,500.0,2372000.0
528,2021-09-26 14:12:10,37050.0,100.0,2371500.0
529,2021-09-26 14:12:10,37050.0,100.0,2371400.0
530,2021-09-26 14:12:10,37050.0,500.0,2371300.0
531,2021-09-26 14:12:10,37050.0,2000.0,2370800.0
532,2021-09-26 14:12:07,37100.0,100.0,2368800.0
533,2021-09-26 14:12:05,37100.0,100.0,2368700.0
534,2021-09-26 14:12:05,37050.0,100.0,2368600.0
535,2021-09-26 14:12:05,37050.0,100.0,2368500.0
536,2021-09-26 14:12:05,37050.0,1000.0,2368400.0
537,2021-09-26 14:12:05,37050.0,100.0,2367400.0
538,2021-09-26 14:12:05,37050.0,200.0,2367300.0
539,2021-09-26 14:11:54,37100.0,1800.0,2367100.0
540,2021-09-26 14:11:54,37100.0,300.0,2365300.0
541,2021-09-26 14:11:54,37100.0,3900.0,2365000.0
542,2021-09-26 14:11:53,37100.0,1000.0,2361100.0
543,2021-09-26 14:11:51,37100.0,100.0,2360100.0
544,2021-09-26 14:11:51,37100.0,500.0,2360000.0
545,2021-09-26 14:11:51,37100.0,400.0,2359500.0
546,2021-09-26 14:11:49,37100.0,600.0,2359100.0
547,2021-09-26 14:11:49,37100.0,600.0,2358500.0
548,2021-09-26 14:11:46,37100.0,100.0,2357900.0
549,2021-09-26 14:11:41,37100.0,1300.0,2357800.0
550,2021-09-26 14:11:41,37100.0,1000.0,2356500.0
551,2021-09-26 14:11:41,37100.0,100.0,2355500.0
552,2021-09-26 14:11:41,37100.0,100.0,2355400.0
553,2021-09-26 14:11:41,37100.0,200.0,2355300.0
554,2021-09-26 14:11:41,37100.0,2000.0,2355100.0
555,2021-09-26 14:11:41,37100.0,100.0,2353100.0
556,2021-09-26 14:11:41,37100.0,200.0,2353000.0
557,2021-09-26 14:11:41,37100.0,1000.0,2352800.0
558,2021-09-26 14:11:41,37100.0,500.0,2351800.0
559,2021-09-26 14:11:41,37100.0,700.0,2351300.0
560,2021-09-26 14:11:41,37100.0,500.0,2350600.0
561,2021-09-26 14:11:41,37100.0,200.0,2350100.0
562,2021-09-26 14:11:41,37100.0,100.0,2349900.0
563,2021-09-26 14:11:41,37100.0,100.0,2349800.0
564,2021-09-26 14:11:41,37100.0,1000.0,2349700.0
565,2021-09-26 14:11:41,37100.0,900.0,2348700.0
566,2021-09-26 14:11:34,37100.0,1000.0,2347800.0
567,2021-09-26 14:11:25,37150.0,100.0,2346800.0
568,2021-09-26 14:11:06,37200.0,100.0,2346700.0
569,2021-09-26 14:11:06,37200.0,600.0,2346600.0
570,2021-09-26 14:11:06,37200.0,300.0,2346000.0
571,2021-09-26 14:11:04,37100.0,8100.0,2345700.0
572,2021-09-26 14:11:04,37100.0,500.0,2337600.0
573,2021-09-26 14:11:04,37100.0,100.0,2337100.0
574,2021-09-26 14:11:04,37100.0,100.0,2337000.0
575,2021-09-26 14:11:04,37100.0,500.0,2336900.0
576,2021-09-26 14:11:04,37100.0,1000.0,2336400.0
577,2021-09-26 14:11:04,37100.0,1000.0,2335400.0
578,2021-09-26 14:11:04,37100.0,200.0,2334400.0
579,2021-09-26 14:11:04,37150.0,200.0,2334200.0
580,2021-09-26 14:11:04,37150.0,5000.0,2334000.0
581,2021-09-26 14:11:04,37150.0,500.0,2329000.0
582,2021-09-26 14:11:04,37150.0,2000.0,2328500.0
583,2021-09-26 14:11:04,37150.0,200.0,2326500.0
584,2021-09-26 14:11:04,37150.0,100.0,2326300.0
585,2021-09-26 14:11:04,37150.0,300.0,2326200.0
586,2021-09-26 14:11:04,37150.0,100.0,2325900.0
587,2021-09-26 14:11:04,37150.0,100.0,2325800.0
588,2021-09-26 14:11:02,37200.0,2500.0,2325700.0
589,2021-09-26 14:10:46,37200.0,200.0,2323200.0
590,2021-09-26 14:10:45,37200.0,200.0,2323000.0
591,2021-09-26 14:10:43,37150.0,1000.0,2322800.0
592,2021-09-26 14:10:31,37200.0,100.0,2321800.0
593,2021-09-26 14:10:29,37150.0,200.0,2321700.0
594,2021-09-26 14:10:29,37150.0,100.0,2321500.0
595,2021-09-26 14:10:29,37150.0,200.0,2321400.0
596,2021-09-26 14:10:28,37200.0,1000.0,2321200.0
597,2021-09-26 14:10:28,37150.0,100.0,2320200.0
598,2021-09-26 14:10:28,37150.0,200.0,2320100.0
599,2021-09-26 14:10:28,37150.0,300.0,2319900.0
600,2021-09-26 14:10:28,37150.0,100.0,2319600.0
601,2021-09-26 14:10:28,37150.0,200.0,2319500.0
602,2021-09-26 14:10:27,37200.0,800.0,2319300.0
603,2021-09-26 14:10:22,37200.0,1000.0,2318500.0
604,2021-09-26 14:10:14,37200.0,500.0,2317500.0
605,2021-09-26 14:09:54,37200.0,100.0,2317000.0
606,2021-09-26 14:09:50,37200.0,5000.0,2316900.0
607,2021-09-26 14:09:50,37200.0,5000.0,2311900.0
608,2021-09-26 14:09:50,37200.0,500.0,2306900.0
609,2021-09-26 14:09:50,37200.0,2800.0,2306400.0
610,2021-09-26 14:09:47,37200.0,2200.0,2303600.0
611,2021-09-26 14:09:47,37200.0,300.0,2301400.0
612,2021-09-26 14:09:47,37200.0,100.0,2301100.0
613,2021-09-26 14:09:47,37200.0,500.0,2301000.0
614,2021-09-26 14:09:47,37200.0,400.0,2300500.0
615,2021-09-26 14:09:47,37200.0,700.0,2300100.0
616,2021-09-26 14:09:47,37200.0,200.0,2299400.0
617,2021-09-26 14:09:47,37200.0,1000.0,2299200.0
618,2021-09-26 14:09:47,37200.0,1000.0,2298200.0
619,2021-09-26 14:09:47,37200.0,300.0,2297200.0
620,2021-09-26 14:09:47,37200.0,100.0,2296900.0
621,2021-09-26 14:09:47,37200.0,600.0,2296800.0
622,2021-09-26 14:09:47,37200.0,200.0,2296200.0
623,2021-09-26 14:09:45,37200.0,900.0,2296000.0
624,2021-09-26 14:09:45,37200.0,1000.0,2295100.0
625,2021-09-26 14:09:45,37200.0,200.0,2294100.0
626,2021-09-26 14:09:45,37200.0,1000.0,2293900.0
627,2021-09-26 14:09:45,37200.0,500.0,2292900.0
628,2021-09-26 14:09:45,37200.0,200.0,2292400.0
629,2021-09-26 14:09:45,37200.0,100.0,2292200.0
630,2021-09-26 14:09:45,37200.0,100.0,2292100.0
631,2021-09-26 14:09:45,37200.0,100.0,2292000.0
632,2021-09-26 14:09:45,37200.0,200.0,2291900.0
633,2021-09-26 14:09:45,37200.0,2000.0,2291700.0
634,2021-09-26 14:09:45,37200.0,1000.0,2289700.0
635,2021-09-26 14:09:45,37200.0,800.0,2288700.0
636,2021-09-26 14:09:45,37200.0,1000.0,2287900.0
637,2021-09-26 14:09:45,37200.0,200.0,2286900.0
638,2021-09-26 14:09:45,37200.0,100.0,2286700.0
639,2021-09-26 14:09:45,37200.0,200.0,2286600.0
640,2021-09-26 14:09:45,37200.0,100.0,2286400.0
641,2021-09-26 14:09:45,37200.0,100.0,2286300.0
642,2021-09-26 14:09:45,37200.0,100.0,2286200.0
643,2021-09-26 14:09:45,37200.0,500.0,2286100.0
644,2021-09-26 14:09:45,37200.0,200.0,2285600.0
645,2021-09-26 14:09:45,37200.0,400.0,2285400.0
646,2021-09-26 14:09:45,37200.0,1000.0,2285000.0
647,2021-09-26 14:09:45,37200.0,200.0,2284000.0
648,2021-09-26 14:09:45,37200.0,3000.0,2283800.0
649,2021-09-26 14:09:45,37200.0,100.0,2280800.0
650,2021-09-26 14:09:45,37200.0,500.0,2280700.0
651,2021-09-26 14:09:45,37200.0,4200.0,2280200.0
652,2021-09-26 14:09:42,37200.0,3000.0,2276000.0
653,2021-09-26 14:09:41,37200.0,1400.0,2273000.0
654,2021-09-26 14:09:41,37200.0,100.0,2271600.0
655,2021-09-26 14:09:41,37200.0,400.0,2271500.0
656,2021-09-26 14:09:41,37200.0,500.0,2271100.0
657,2021-09-26 14:09:41,37200.0,100.0,2270600.0
658,2021-09-26 14:09:39,37200.0,100.0,2270500.0
659,2021-09-26 14:09:39,37200.0,100.0,2270400.0
660,2021-09-26 14:09:39,37200.0,700.0,2270300.0
661,2021-09-26 14:09:35,37200.0,1000.0,2269600.0
662,2021-09-26 14:09:31,37200.0,3200.0,2268600.0
663,2021-09-26 14:09:31,37200.0,100.0,2265400.0
664,2021-09-26 14:09:31,37200.0,500.0,2265300.0
665,2021-09-26 14:09:31,37200.0,100.0,2264800.0
666,2021-09-26 14:09:31,37200.0,200.0,2264700.0
667,2021-09-26 14:09:31,37200.0,3200.0,2264500.0
668,2021-09-26 14:09:31,37200.0,100.0,2261300.0
669,2021-09-26 14:09:31,37200.0,2000.0,2261200.0
670,2021-09-26 14:09:31,37200.0,1000.0,2259200.0
671,2021-09-26 14:09:31,37200.0,100.0,2258200.0
672,2021-09-26 14:09:31,37200.0,1000.0,2258100.0
673,2021-09-26 14:09:31,37200.0,200.0,2257100.0
674,2021-09-26 14:09:31,37200.0,300.0,2256900.0
675,2021-09-26 14:09:31,37200.0,100.0,2256600.0
676,2021-09-26 14:09:31,37200.0,500.0,2256500.0
677,2021-09-26 14:09:31,37200.0,200.0,2256000.0
678,2021-09-26 14:09:31,37200.0,200.0,2255800.0
679,2021-09-26 14:09:31,37200.0,500.0,2255600.0
680,2021-09-26 14:09:31,37200.0,500.0,2255100.0
681,2021-09-26 14:09:31,37200.0,100.0,2254600.0
682,2021-09-26 14:09:31,37200.0,200.0,2254500.0
683,2021-09-26 14:09:31,37200.0,500.0,2254300.0
684,2021-09-26 14:09:31,37200.0,200.0,2253800.0
685,2021-09-26 14:09:19,37200.0,100.0,2253600.0
686,2021-09-26 14:09:19,37200.0,1000.0,2253500.0
687,2021-09-26 14:09:19,37200.0,3000.0,2252500.0
688,2021-09-26 14:09:19,37200.0,200.0,2249500.0
689,2021-09-26 14:09:19,37200.0,500.0,2249300.0
690,2021-09-26 14:09:19,37200.0,500.0,2248800.0
691,2021-09-26 14:09:19,37200.0,200.0,2248300.0
692,2021-09-26 14:09:19,37200.0,300.0,2248100.0
693,2021-09-26 14:09:19,37200.0,100.0,2247800.0
694,2021-09-26 14:09:19,37200.0,100.0,2247700.0
695,2021-09-26 14:09:19,37200.0,200.0,2247600.0
696,2021-09-26 14:09:19,37200.0,1000.0,2247400.0
697,2021-09-26 14:09:19,37200.0,200.0,2246400.0
698,2021-09-26 14:09:19,37200.0,200.0,2246200.0
699,2021-09-26 14:09:19,37200.0,100.0,2246000.0
700,2021-09-26 14:09:19,37200.0,100.0,2245900.0
701,2021-09-26 14:09:19,37200.0,200.0,2245800.0
702,2021-09-26 14:09:19,37200.0,100.0,2245600.0
703,2021-09-26 14:09:19,37200.0,200.0,2245500.0
704,2021-09-26 14:09:19,37200.0,500.0,2245300.0
705,2021-09-26 14:09:19,37200.0,200.0,2244800.0
706,2021-09-26 14:09:19,37200.0,2000.0,2244600.0
707,2021-09-26 14:09:19,37200.0,100.0,2242600.0
708,2021-09-26 14:09:19,37200.0,100.0,2242500.0
709,2021-09-26 14:09:19,37200.0,500.0,2242400.0
710,2021-09-26 14:09:19,37200.0,1000.0,2241900.0
711,2021-09-26 14:09:19,37200.0,100.0,2240900.0
712,2021-09-26 14:09:19,37200.0,200.0,2240800.0
713,2021-09-26 14:09:19,37200.0,1000.0,2240600.0
714,2021-09-26 14:09:19,37200.0,500.0,2239600.0
715,2021-09-26 14:09:19,37200.0,500.0,2239100.0
716,2021-09-26 14:09:19,37200.0,1000.0,2238600.0
717,2021-09-26 14:09:19,37200.0,100.0,2237600.0
718,2021-09-26 14:09:19,37200.0,1000.0,2237500.0
719,2021-09-26 14:09:19,37200.0,400.0,2236500.0
720,2021-09-26 14:09:19,37200.0,4000.0,2236100.0
721,2021-09-26 14:09:19,37200.0,1000.0,2232100.0
722,2021-09-26 14:09:19,37200.0,2000.0,2231100.0
723,2021-09-26 14:09:19,37200.0,400.0,2229100.0
724,2021-09-26 14:09:19,37200.0,100.0,2228700.0
725,2021-09-26 14:09:19,37200.0,100.0,2228600.0
726,2021-09-26 14:09:19,37200.0,100.0,2228500.0
727,2021-09-26 14:09:19,37200.0,100.0,2228400.0
728,2021-09-26 14:09:19,37200.0,100.0,2228300.0
729,2021-09-26 14:09:19,37200.0,100.0,2228200.0
730,2021-09-26 14:09:19,37200.0,4500.0,2228100.0
731,2021-09-26 14:09:18,37200.0,500.0,2223600.0
732,2021-09-26 14:09:06,37200.0,1500.0,2223100.0
733,2021-09-26 14:09:04,37200.0,1500.0,2221600.0
734,2021-09-26 14:08:50,37200.0,1000.0,2220100.0
735,2021-09-26 14:08:36,37250.0,100.0,2219100.0
736,2021-09-26 14:08:34,37250.0,100.0,2219000.0
737,2021-09-26 14:08:07,37250.0,100.0,2218900.0
738,2021-09-26 14:08:04,37200.0,100.0,2218800.0
739,2021-09-26 14:07:43,37250.0,300.0,2218700.0
740,2021-09-26 14:07:41,37250.0,900.0,2218400.0
741,2021-09-26 14:07:36,37250.0,100.0,2217500.0
742,2021-09-26 14:07:36,37250.0,100.0,2217400.0
743,2021-09-26 14:07:34,37250.0,1700.0,2217300.0
744,2021-09-26 14:07:34,37250.0,1000.0,2215600.0
745,2021-09-26 14:07:34,37250.0,100.0,2214600.0
746,2021-09-26 14:07:30,37250.0,400.0,2214500.0
747,2021-09-26 14:07:30,37250.0,100.0,2214100.0
748,2021-09-26 14:07:22,37250.0,400.0,2214000.0
749,2021-09-26 14:07:22,37250.0,600.0,2213600.0
750,2021-09-26 14:07:19,37250.0,1000.0,2213000.0
751,2021-09-26 14:07:10,37250.0,400.0,2212000.0
752,2021-09-26 14:07:10,37250.0,500.0,2211600.0
753,2021-09-26 14:07:10,37250.0,100.0,2211100.0
754,2021-09-26 14:07:08,37250.0,900.0,2211000.0
755,2021-09-26 14:07:08,37250.0,500.0,2210100.0
756,2021-09-26 14:07:08,37250.0,1000.0,2209600.0
757,2021-09-26 14:07:08,37250.0,300.0,2208600.0
758,2021-09-26 14:07:08,37250.0,100.0,2208300.0
759,2021-09-26 14:07:08,37250.0,300.0,2208200.0
760,2021-09-26 14:07:08,37250.0,700.0,2207900.0
761,2021-09-26 14:07:08,37250.0,3000.0,2207200.0
762,2021-09-26 14:06:57,37300.0,1000.0,2204200.0
763,2021-09-26 14:06:53,37300.0,2500.0,2203200.0
764,2021-09-26 14:06:24,37300.0,100.0,2200700.0
765,2021-09-26 14:06:07,37300.0,100.0,2200600.0
766,2021-09-26 14:06:00,37250.0,1500.0,2200500.0
767,2021-09-26 14:05:46,37250.0,300.0,2199000.0
768,2021-09-26 14:05:43,37250.0,3900.0,2198700.0
769,2021-09-26 14:05:43,37250.0,1000.0,2194800.0
770,2021-09-26 14:05:43,37250.0,100.0,2193800.0
771,2021-09-26 14:05:40,37300.0,4800.0,2193700.0
772,2021-09-26 14:05:19,37250.0,100.0,2188900.0
773,2021-09-26 14:05:19,37250.0,100.0,2188800.0
774,2021-09-26 14:05:19,37250.0,100.0,2188700.0
775,2021-09-26 14:05:19,37250.0,100.0,2188600.0
776,2021-09-26 14:05:19,37250.0,200.0,2188500.0
777,2021-09-26 14:05:19,37250.0,700.0,2188300.0
778,2021-09-26 14:05:19,37250.0,400.0,2187600.0
779,2021-09-26 14:05:19,37250.0,100.0,2187200.0
780,2021-09-26 14:05:19,37250.0,100.0,2187100.0
781,2021-09-26 14:05:19,37250.0,100.0,2187000.0
782,2021-09-26 14:05:19,37250.0,1100.0,2186900.0
783,2021-09-26 14:05:19,37250.0,300.0,2185800.0
784,2021-09-26 14:05:19,37250.0,500.0,2185500.0
785,2021-09-26 14:05:19,37250.0,100.0,2185000.0
786,2021-09-26 14:05:19,37250.0,500.0,2184900.0
787,2021-09-26 14:05:19,37250.0,2000.0,2184400.0
788,2021-09-26 14:05:19,37250.0,1000.0,2182400.0
789,2021-09-26 14:05:19,37250.0,2000.0,2181400.0
790,2021-09-26 14:05:19,37250.0,200.0,2179400.0
791,2021-09-26 14:05:19,37250.0,300.0,2179200.0
792,2021-09-26 14:05:10,37250.0,100.0,2178900.0
793,2021-09-26 14:05:03,37300.0,300.0,2178800.0
794,2021-09-26 14:04:40,37300.0,100.0,2178500.0
795,2021-09-26 14:04:28,37300.0,200.0,2178400.0
796,2021-09-26 14:04:20,37300.0,400.0,2178200.0
797,2021-09-26 14:04:16,37300.0,100.0,2177800.0
798,2021-09-26 14:04:11,37300.0,6000.0,2177700.0
799,2021-09-26 14:04:11,37300.0,1000.0,2171700.0
800,2021-09-26 14:04:11,37300.0,200.0,2170700.0
801,2021-09-26 14:04:11,37300.0,800.0,2170500.0
802,2021-09-26 14:04:06,37300.0,100.0,2169700.0
803,2021-09-26 14:03:37,37300.0,200.0,2169600.0
804,2021-09-26 14:03:32,37300.0,100.0,2169400.0
805,2021-09-26 14:03:32,37300.0,800.0,2169300.0
806,2021-09-26 14:03:12,37300.0,1400.0,2168500.0
807,2021-09-26 14:02:25,37300.0,3000.0,2167100.0
808,2021-09-26 14:02:23,37300.0,1800.0,2164100.0
809,2021-09-26 14:02:23,37300.0,500.0,2162300.0
810,2021-09-26 14:02:23,37300.0,500.0,2161800.0
811,2021-09-26 14:02:21,37300.0,200.0,2161300.0
812,2021-09-26 14:02:21,37300.0,4600.0,2161100.0
813,2021-09-26 14:01:17,37300.0,300.0,2156500.0
814,2021-09-26 14:01:07,37300.0,100.0,2156200.0
815,2021-09-26 14:01:07,37300.0,100.0,2156100.0
816,2021-09-26 14:01:06,37300.0,300.0,2156000.0
817,2021-09-26 14:00:54,37300.0,400.0,2155700.0
818,2021-09-26 14:00:26,37250.0,100.0,2155300.0
819,2021-09-26 13:59:59,37300.0,200.0,2155200.0
820,2021-09-26 13:59:33,37350.0,100.0,2155000.0
821,2021-09-26 13:59:33,37300.0,100.0,2154900.0
822,2021-09-26 13:59:29,37300.0,1200.0,2154800.0
823,2021-09-26 13:59:29,37300.0,100.0,2153600.0
824,2021-09-26 13:59:27,37300.0,200.0,2153500.0
825,2021-09-26 13:59:27,37300.0,400.0,2153300.0
826,2021-09-26 13:59:27,37300.0,1400.0,2152900.0
827,2021-09-26 13:59:27,37300.0,1000.0,2151500.0
828,2021-09-26 13:59:27,37300.0,1000.0,2150500.0
829,2021-09-26 13:59:27,37300.0,300.0,2149500.0
830,2021-09-26 13:59:27,37300.0,1000.0,2149200.0
831,2021-09-26 13:59:27,37300.0,200.0,2148200.0
832,2021-09-26 13:59:27,37300.0,200.0,2148000.0
833,2021-09-26 13:59:27,37300.0,10000.0,2147800.0
834,2021-09-26 13:59:27,37300.0,300.0,2137800.0
835,2021-09-26 13:59:27,37300.0,1000.0,2137500.0
836,2021-09-26 13:59:27,37300.0,4000.0,2136500.0
837,2021-09-26 13:59:27,37300.0,100.0,2132500.0
838,2021-09-26 13:59:27,37300.0,100.0,2132400.0
839,2021-09-26 13:59:27,37300.0,2000.0,2132300.0
840,2021-09-26 13:59:27,37300.0,2500.0,2130300.0
841,2021-09-26 13:59:27,37300.0,100.0,2127800.0
842,2021-09-26 13:59:27,37300.0,500.0,2127700.0
843,2021-09-26 13:59:27,37300.0,300.0,2127200.0
844,2021-09-26 13:59:27,37300.0,100.0,2126900.0
845,2021-09-26 13:59:27,37300.0,100.0,2126800.0
846,2021-09-26 13:59:27,37300.0,100.0,2126700.0
847,2021-09-26 13:59:27,37300.0,400.0,2126600.0
848,2021-09-26 13:59:27,37300.0,100.0,2126200.0
849,2021-09-26 13:59:27,37300.0,5000.0,2126100.0
850,2021-09-26 13:59:27,37300.0,200.0,2121100.0
851,2021-09-26 13:59:27,37300.0,500.0,2120900.0
852,2021-09-26 13:59:27,37300.0,1000.0,2120400.0
853,2021-09-26 13:59:27,37300.0,1000.0,2119400.0
854,2021-09-26 13:59:27,37300.0,200.0,2118400.0
855,2021-09-26 13:59:27,37300.0,2100.0,2118200.0
856,2021-09-26 13:58:37,37300.0,100.0,2116100.0
857,2021-09-26 13:58:20,37350.0,100.0,2116000.0
858,2021-09-26 13:57:59,37350.0,1800.0,2115900.0
859,2021-09-26 13:57:59,37350.0,1200.0,2114100.0
860,2021-09-26 13:57:43,37300.0,100.0,2112900.0
861,2021-09-26 13:57:13,37300.0,200.0,2112800.0
862,2021-09-26 13:56:39,37300.0,500.0,2112600.0
863,2021-09-26 13:56:39,37300.0,300.0,2112100.0
864,2021-09-26 13:56:39,37300.0,100.0,2111800.0
865,2021-09-26 13:56:39,37300.0,100.0,2111700.0
866,2021-09-26 13:55:39,37350.0,2000.0,2111600.0
867,2021-09-26 13:55:00,37350.0,300.0,2109600.0
868,2021-09-26 13:54:52,37350.0,1000.0,2109300.0
869,2021-09-26 13:54:46,37350.0,100.0,2108300.0
870,2021-09-26 13:54:36,37350.0,200.0,2108200.0
871,2021-09-26 13:54:23,37350.0,200.0,2108000.0
872,2021-09-26 13:54:23,37350.0,100.0,2107800.0
873,2021-09-26 13:54:20,37300.0,100.0,2107700.0
874,2021-09-26 13:54:20,37300.0,100.0,2107600.0
875,2021-09-26 13:54:07,37350.0,1000.0,2107500.0
876,2021-09-26 13:53:52,37350.0,2500.0,2106500.0
877,2021-09-26 13:53:47,37350.0,1000.0,2104000.0
878,2021-09-26 13:53:47,37350.0,100.0,2103000.0
879,2021-09-26 13:53:47,37350.0,1900.0,2102900.0
880,2021-09-26 13:53:47,37350.0,300.0,2101000.0
881,2021-09-26 13:53:47,37350.0,1000.0,2100700.0
882,2021-09-26 13:53:47,37350.0,300.0,2099700.0
883,2021-09-26 13:53:47,37350.0,1200.0,2099400.0
884,2021-09-26 13:53:47,37350.0,6600.0,2098200.0
885,2021-09-26 13:53:30,37350.0,1200.0,2091600.0
886,2021-09-26 13:53:20,37400.0,300.0,2090400.0
887,2021-09-26 13:53:12,37350.0,100.0,2090100.0
888,2021-09-26 13:53:06,37350.0,2100.0,2090000.0
889,2021-09-26 13:53:06,37350.0,300.0,2087900.0
890,2021-09-26 13:53:06,37350.0,500.0,2087600.0
891,2021-09-26 13:53:06,37350.0,6400.0,2087100.0
892,2021-09-26 13:52:37,37400.0,6500.0,2080700.0
893,2021-09-26 13:51:58,37400.0,3200.0,2074200.0
894,2021-09-26 13:51:56,37400.0,100.0,2071000.0
895,2021-09-26 13:51:50,37400.0,2000.0,2070900.0
896,2021-09-26 13:51:37,37400.0,6500.0,2068900.0
897,2021-09-26 13:51:03,37350.0,1000.0,2062400.0
898,2021-09-26 13:50:39,37350.0,1000.0,2061400.0
899,2021-09-26 13:50:39,37400.0,700.0,2060400.0
900,2021-09-26 13:50:30,37400.0,100.0,2059700.0
901,2021-09-26 13:50:12,37350.0,900.0,2059600.0
902,2021-09-26 13:50:12,37350.0,100.0,2058700.0
903,2021-09-26 13:49:39,37400.0,1000.0,2058600.0
904,2021-09-26 13:48:49,37400.0,700.0,2057600.0
905,2021-09-26 13:48:49,37350.0,2000.0,2056900.0
906,2021-09-26 13:48:49,37350.0,1300.0,2054900.0
907,2021-09-26 13:48:29,37350.0,200.0,2053600.0
908,2021-09-26 13:48:19,37350.0,500.0,2053400.0
909,2021-09-26 13:48:15,37350.0,400.0,2052900.0
910,2021-09-26 13:47:58,37350.0,100.0,2052500.0
911,2021-09-26 13:47:57,37350.0,500.0,2052400.0
912,2021-09-26 13:47:57,37350.0,200.0,2051900.0
913,2021-09-26 13:47:44,37350.0,100.0,2051700.0
914,2021-09-26 13:47:44,37350.0,900.0,2051600.0
915,2021-09-26 13:47:42,37350.0,100.0,2050700.0
916,2021-09-26 13:47:42,37350.0,500.0,2050600.0
917,2021-09-26 13:47:36,37350.0,600.0,2050100.0
918,2021-09-26 13:47:33,37350.0,900.0,2049500.0
919,2021-09-26 13:47:33,37350.0,1100.0,2048600.0
920,2021-09-26 13:47:12,37350.0,300.0,2047500.0
921,2021-09-26 13:47:12,37350.0,3600.0,2047200.0
922,2021-09-26 13:47:10,37350.0,600.0,2043600.0
923,2021-09-26 13:46:59,37350.0,1000.0,2043000.0
924,2021-09-26 13:46:57,37350.0,500.0,2042000.0
925,2021-09-26 13:45:46,37350.0,200.0,2041500.0
926,2021-09-26 13:45:36,37350.0,2300.0,2041300.0
927,2021-09-26 13:45:36,37350.0,1800.0,2039000.0
928,2021-09-26 13:45:35,37300.0,500.0,2037200.0
929,2021-09-26 13:45:33,37350.0,200.0,2036700.0
930,2021-09-26 13:45:33,37350.0,200.0,2036500.0
931,2021-09-26 13:44:31,37350.0,100.0,2036300.0
932,2021-09-26 13:44:26,37350.0,100.0,2036200.0
933,2021-09-26 13:44:19,37350.0,600.0,2036100.0
934,2021-09-26 13:44:17,37350.0,400.0,2035500.0
935,2021-09-26 13:44:12,37350.0,100.0,2035100.0
936,2021-09-26 13:44:10,37350.0,200.0,2035000.0
937,2021-09-26 13:43:56,37350.0,500.0,2034800.0
938,2021-09-26 13:43:47,37350.0,300.0,2034300.0
939,2021-09-26 13:43:27,37350.0,300.0,2034000.0
940,2021-09-26 13:43:16,37300.0,2500.0,2033700.0
941,2021-09-26 13:43:10,37350.0,200.0,2031200.0
942,2021-09-26 13:43:05,37350.0,300.0,2031000.0
943,2021-09-26 13:42:56,37350.0,100.0,2030700.0
944,2021-09-26 13:42:56,37350.0,600.0,2030600.0
945,2021-09-26 13:42:51,37400.0,2500.0,2030000.0
946,2021-09-26 13:42:14,37350.0,400.0,2027500.0
947,2021-09-26 13:42:08,37350.0,4900.0,2027100.0
948,2021-09-26 13:42:08,37350.0,100.0,2022200.0
949,2021-09-26 13:42:08,37350.0,1000.0,2022100.0
950,2021-09-26 13:41:46,37300.0,1000.0,2021100.0
951,2021-09-26 13:41:23,37300.0,1000.0,2020100.0
952,2021-09-26 13:41:05,37250.0,1000.0,2019100.0
953,2021-09-26 13:41:05,37250.0,200.0,2018100.0
954,2021-09-26 13:41:05,37250.0,3100.0,2017900.0
955,2021-09-26 13:41:03,37250.0,100.0,2014800.0
956,2021-09-26 13:41:03,37250.0,1000.0,2014700.0
957,2021-09-26 13:41:01,37250.0,400.0,2013700.0
958,2021-09-26 13:41:01,37250.0,200.0,2013300.0
959,2021-09-26 13:41:01,37250.0,1000.0,2013100.0
960,2021-09-26 13:40:59,37250.0,1000.0,2012100.0
961,2021-09-26 13:40:57,37250.0,5000.0,2011100.0
962,2021-09-26 13:40:56,37250.0,2000.0,2006100.0
963,2021-09-26 13:40:54,37250.0,1000.0,2004100.0
964,2021-09-26 13:40:54,37250.0,1100.0,2003100.0
965,2021-09-26 13:40:52,37250.0,4600.0,2002000.0
966,2021-09-26 13:40:52,37250.0,2900.0,1997400.0
967,2021-09-26 13:40:46,37250.0,10000.0,1994500.0
968,2021-09-26 13:40:41,37250.0,100.0,1984500.0
969,2021-09-26 13:40:41,37250.0,200.0,1984400.0
970,2021-09-26 13:40:40,37250.0,100.0,1984200.0
971,2021-09-26 13:40:39,37250.0,3000.0,1984100.0
972,2021-09-26 13:40:36,37250.0,1300.0,1981100.0
973,2021-09-26 13:40:31,37250.0,300.0,1979800.0
974,2021-09-26 13:40:26,37250.0,2100.0,1979500.0
975,2021-09-26 13:40:25,37250.0,500.0,1977400.0
976,2021-09-26 13:40:21,37250.0,100.0,1976900.0
977,2021-09-26 13:40:19,37250.0,1800.0,1976800.0
978,2021-09-26 13:40:10,37250.0,1000.0,1975000.0
979,2021-09-26 13:40:10,37250.0,1000.0,1974000.0
980,2021-09-26 13:40:06,37250.0,100.0,1973000.0
981,2021-09-26 13:40:02,37250.0,400.0,1972900.0
982,2021-09-26 13:40:02,37250.0,3000.0,1972500.0
983,2021-09-26 13:40:01,37250.0,200.0,1969500.0
984,2021-09-26 13:39:58,37250.0,1000.0,1969300.0
985,2021-09-26 13:39:55,37250.0,500.0,1968300.0
986,2021-09-26 13:39:53,37250.0,20000.0,1967800.0
987,2021-09-26 13:39:45,37250.0,100.0,1947800.0
988,2021-09-26 13:39:39,37250.0,6400.0,1947700.0
989,2021-09-26 13:39:36,37250.0,100.0,1941300.0
990,2021-09-26 13:38:39,37200.0,100.0,1941200.0
991,2021-09-26 13:38:35,37200.0,2400.0,1941100.0
992,2021-09-26 13:38:25,37250.0,100.0,1938700.0
993,2021-09-26 13:38:21,37200.0,200.0,1938600.0
994,2021-09-26 13:38:12,37250.0,100.0,1938400.0
995,2021-09-26 13:38:08,37250.0,2000.0,1938300.0
996,2021-09-26 13:37:52,37200.0,1000.0,1936300.0
997,2021-09-26 13:37:39,37250.0,1300.0,1935300.0
998,2021-09-26 13:37:31,37250.0,4000.0,1934000.0
999,2021-09-26 13:37:30,37200.0,300.0,1930000.0
1000,2021-09-26 13:37:20,37250.0,1000.0,1929700.0
1001,2021-09-26 13:37:15,37200.0,1000.0,1928700.0
1002,2021-09-26 13:37:04,37250.0,500.0,1927700.0
1003,2021-09-26 13:37:04,37250.0,3000.0,1927200.0
1004,2021-09-26 13:37:04,37250.0,800.0,1924200.0
1005,2021-09-26 13:37:04,37250.0,8000.0,1923400.0
1006,2021-09-26 13:37:04,37250.0,2000.0,1915400.0
1007,2021-09-26 13:37:04,37250.0,300.0,1913400.0
1008,2021-09-26 13:37:04,37250.0,10000.0,1913100.0
1009,2021-09-26 13:37:04,37250.0,500.0,1903100.0
1010,2021-09-26 13:37:04,37250.0,500.0,1902600.0
1011,2021-09-26 13:37:04,37250.0,100.0,1902100.0
1012,2021-09-26 13:37:04,37250.0,2000.0,1902000.0
1013,2021-09-26 13:37:04,37250.0,100.0,1900000.0
1014,2021-09-26 13:37:04,37250.0,100.0,1899900.0
1015,2021-09-26 13:37:04,37250.0,200.0,1899800.0
1016,2021-09-26 13:37:04,37250.0,100.0,1899600.0
1017,2021-09-26 13:37:04,37250.0,200.0,1899500.0
1018,2021-09-26 13:37:04,37250.0,100.0,1899300.0
1019,2021-09-26 13:37:04,37250.0,200.0,1899200.0
1020,2021-09-26 13:37:04,37250.0,100.0,1899000.0
1021,2021-09-26 13:37:04,37250.0,200.0,1898900.0
1022,2021-09-26 13:37:04,37250.0,1200.0,1898700.0
1023,2021-09-26 13:37:04,37250.0,200.0,1897500.0
1024,2021-09-26 13:37:04,37250.0,3000.0,1897300.0
1025,2021-09-26 13:37:04,37250.0,100.0,1894300.0
1026,2021-09-26 13:37:04,37250.0,100.0,1894200.0
1027,2021-09-26 13:37:04,37300.0,100.0,1894100.0
1028,2021-09-26 13:37:04,37300.0,1000.0,1894000.0
1029,2021-09-26 13:37:04,37300.0,700.0,1893000.0
1030,2021-09-26 13:37:04,37300.0,200.0,1892300.0
1031,2021-09-26 13:37:04,37300.0,500.0,1892100.0
1032,2021-09-26 13:37:04,37300.0,1000.0,1891600.0
1033,2021-09-26 13:37:04,37300.0,400.0,1890600.0
1034,2021-09-26 13:37:04,37300.0,300.0,1890200.0
1035,2021-09-26 13:37:04,37300.0,100.0,1889900.0
1036,2021-09-26 13:37:04,37300.0,100.0,1889800.0
1037,2021-09-26 13:37:04,37300.0,100.0,1889700.0
1038,2021-09-26 13:37:04,37300.0,200.0,1889600.0
1039,2021-09-26 13:37:04,37300.0,100.0,1889400.0
1040,2021-09-26 13:37:04,37300.0,300.0,1889300.0
1041,2021-09-26 13:37:04,37300.0,400.0,1889000.0
1042,2021-09-26 13:37:04,37350.0,1200.0,1888600.0
1043,2021-09-26 13:37:04,37350.0,800.0,1887400.0
1044,2021-09-26 13:37:04,37350.0,4000.0,1886600.0
1045,2021-09-26 13:36:57,37350.0,100.0,1882600.0
1046,2021-09-26 13:36:54,37350.0,200.0,1882500.0
1047,2021-09-26 13:36:54,37350.0,2000.0,1882300.0
1048,2021-09-26 13:36:50,37300.0,100.0,1880300.0
1049,2021-09-26 13:36:50,37300.0,200.0,1880200.0
1050,2021-09-26 13:36:45,37300.0,300.0,1880000.0
1051,2021-09-26 13:36:24,37300.0,400.0,1879700.0
1052,2021-09-26 13:36:15,37300.0,1000.0,1879300.0
1053,2021-09-26 13:36:09,37300.0,300.0,1878300.0
1054,2021-09-26 13:36:06,37300.0,1000.0,1878000.0
1055,2021-09-26 13:36:06,37300.0,200.0,1877000.0
1056,2021-09-26 13:35:45,37300.0,800.0,1876800.0
1057,2021-09-26 13:35:45,37300.0,400.0,1876000.0
1058,2021-09-26 13:35:38,37300.0,100.0,1875600.0
1059,2021-09-26 13:35:38,37300.0,200.0,1875500.0
1060,2021-09-26 13:35:38,37300.0,500.0,1875300.0
1061,2021-09-26 13:35:38,37300.0,200.0,1874800.0
1062,2021-09-26 13:35:11,37300.0,100.0,1874600.0
1063,2021-09-26 13:35:11,37300.0,100.0,1874500.0
1064,2021-09-26 13:35:11,37300.0,100.0,1874400.0
1065,2021-09-26 13:35:11,37300.0,500.0,1874300.0
1066,2021-09-26 13:35:11,37300.0,200.0,1873800.0
1067,2021-09-26 13:35:11,37300.0,1000.0,1873600.0
1068,2021-09-26 13:35:11,37300.0,100.0,1872600.0
1069,2021-09-26 13:35:11,37300.0,100.0,1872500.0
1070,2021-09-26 13:35:11,37300.0,300.0,1872400.0
1071,2021-09-26 13:35:11,37300.0,300.0,1872100.0
1072,2021-09-26 13:35:11,37300.0,1000.0,1871800.0
1073,2021-09-26 13:35:11,37300.0,900.0,1870800.0
1074,2021-09-26 13:35:03,37300.0,2100.0,1869900.0
1075,2021-09-26 13:35:03,37300.0,1000.0,1867800.0
1076,2021-09-26 13:35:03,37300.0,500.0,1866800.0
1077,2021-09-26 13:35:03,37300.0,100.0,1866300.0
1078,2021-09-26 13:35:03,37300.0,300.0,1866200.0
1079,2021-09-26 13:34:59,37350.0,300.0,1865900.0
1080,2021-09-26 13:34:59,37350.0,1500.0,1865600.0
1081,2021-09-26 13:34:59,37350.0,200.0,1864100.0
1082,2021-09-26 13:34:49,37350.0,200.0,1863900.0
1083,2021-09-26 13:34:15,37300.0,100.0,1863700.0
1084,2021-09-26 13:34:15,37300.0,500.0,1863600.0
1085,2021-09-26 13:34:15,37300.0,100.0,1863100.0
1086,2021-09-26 13:34:15,37300.0,100.0,1863000.0
1087,2021-09-26 13:34:15,37300.0,4200.0,1862900.0
1088,2021-09-26 13:34:11,37350.0,500.0,1858700.0
1089,2021-09-26 13:34:09,37300.0,800.0,1858200.0
1090,2021-09-26 13:34:09,37300.0,100.0,1857400.0
1091,2021-09-26 13:34:09,37300.0,300.0,1857300.0
1092,2021-09-26 13:33:51,37350.0,200.0,1857000.0
1093,2021-09-26 13:33:49,37350.0,3000.0,1856800.0
1094,2021-09-26 13:33:49,37350.0,400.0,1853800.0
1095,2021-09-26 13:33:49,37350.0,500.0,1853400.0
1096,2021-09-26 13:33:46,37350.0,300.0,1852900.0
1097,2021-09-26 13:33:46,37350.0,700.0,1852600.0
1098,2021-09-26 13:33:30,37350.0,100.0,1851900.0
1099,2021-09-26 13:33:30,37350.0,100.0,1851800.0
1100,2021-09-26 13:33:30,37350.0,200.0,1851700.0
1101,2021-09-26 13:33:30,37350.0,200.0,1851500.0
1102,2021-09-26 13:33:30,37350.0,200.0,1851300.0
1103,2021-09-26 13:33:30,37350.0,200.0,1851100.0
1104,2021-09-26 13:33:30,37350.0,100.0,1850900.0
1105,2021-09-26 13:33:30,37350.0,100.0,1850800.0
1106,2021-09-26 13:33:30,37350.0,100.0,1850700.0
1107,2021-09-26 13:33:30,37350.0,100.0,1850600.0
1108,2021-09-26 13:33:30,37350.0,600.0,1850500.0
1109,2021-09-26 13:33:24,37400.0,200.0,1849900.0
1110,2021-09-26 13:33:16,37350.0,500.0,1849700.0
1111,2021-09-26 13:33:00,37350.0,1200.0,1849200.0
1112,2021-09-26 13:32:34,37350.0,4000.0,1848000.0
1113,2021-09-26 13:32:25,37350.0,2000.0,1844000.0
1114,2021-09-26 13:32:21,37350.0,1200.0,1842000.0
1115,2021-09-26 13:31:55,37350.0,500.0,1840800.0
1116,2021-09-26 13:31:55,37350.0,200.0,1840300.0
1117,2021-09-26 13:31:55,37350.0,100.0,1840100.0
1118,2021-09-26 13:31:55,37350.0,400.0,1840000.0
1119,2021-09-26 13:31:46,37350.0,600.0,1839600.0
1120,2021-09-26 13:31:46,37350.0,100.0,1839000.0
1121,2021-09-26 13:31:46,37350.0,2000.0,1838900.0
1122,2021-09-26 13:31:46,37350.0,200.0,1836900.0
1123,2021-09-26 13:31:46,37350.0,100.0,1836700.0
1124,2021-09-26 13:31:36,37350.0,200.0,1836600.0
1125,2021-09-26 13:31:22,37350.0,300.0,1836400.0
1126,2021-09-26 13:31:22,37350.0,300.0,1836100.0
1127,2021-09-26 13:31:22,37350.0,300.0,1835800.0
1128,2021-09-26 13:31:22,37350.0,300.0,1835500.0
1129,2021-09-26 13:31:20,37400.0,400.0,1835200.0
1130,2021-09-26 13:31:16,37400.0,200.0,1834800.0
1131,2021-09-26 13:31:16,37400.0,1000.0,1834600.0
1132,2021-09-26 13:31:16,37400.0,100.0,1833600.0
1133,2021-09-26 13:31:16,37400.0,400.0,1833500.0
1134,2021-09-26 13:31:16,37400.0,2900.0,1833100.0
1135,2021-09-26 13:31:16,37400.0,300.0,1830200.0
1136,2021-09-26 13:31:16,37400.0,1000.0,1829900.0
1137,2021-09-26 13:31:16,37400.0,100.0,1828900.0
1138,2021-09-26 13:31:16,37400.0,300.0,1828800.0
1139,2021-09-26 13:31:16,37400.0,100.0,1828500.0
1140,2021-09-26 13:31:16,37400.0,500.0,1828400.0
1141,2021-09-26 13:31:16,37400.0,200.0,1827900.0
1142,2021-09-26 13:31:16,37400.0,100.0,1827700.0
1143,2021-09-26 13:31:16,37400.0,2000.0,1827600.0
1144,2021-09-26 13:31:16,37400.0,100.0,1825600.0
1145,2021-09-26 13:31:16,37400.0,300.0,1825500.0
1146,2021-09-26 13:31:16,37400.0,100.0,1825200.0
1147,2021-09-26 13:31:16,37400.0,100.0,1825100.0
1148,2021-09-26 13:31:16,37400.0,500.0,1825000.0
1149,2021-09-26 13:31:16,37400.0,500.0,1824500.0
1150,2021-09-26 13:31:16,37400.0,100.0,1824000.0
1151,2021-09-26 13:31:16,37400.0,4700.0,1823900.0
1152,2021-09-26 13:31:16,37400.0,100.0,1819200.0
1153,2021-09-26 13:31:16,37400.0,1200.0,1819100.0
1154,2021-09-26 13:31:16,37400.0,100.0,1817900.0
1155,2021-09-26 13:31:16,37400.0,200.0,1817800.0
1156,2021-09-26 13:31:16,37400.0,100.0,1817600.0
1157,2021-09-26 13:31:16,37400.0,100.0,1817500.0
1158,2021-09-26 13:31:16,37400.0,500.0,1817400.0
1159,2021-09-26 13:31:16,37400.0,100.0,1816900.0
1160,2021-09-26 13:31:16,37400.0,200.0,1816800.0
1161,2021-09-26 13:31:16,37400.0,20000.0,1816600.0
1162,2021-09-26 13:31:16,37400.0,3000.0,1796600.0
1163,2021-09-26 13:31:16,37400.0,2000.0,1793600.0
1164,2021-09-26 13:31:16,37400.0,500.0,1791600.0
1165,2021-09-26 13:31:16,37400.0,4000.0,1791100.0
1166,2021-09-26 13:31:16,37400.0,200.0,1787100.0
1167,2021-09-26 13:31:16,37400.0,800.0,1786900.0
1168,2021-09-26 13:31:16,37400.0,1000.0,1786100.0
1169,2021-09-26 13:31:16,37400.0,1000.0,1785100.0
1170,2021-09-26 13:31:16,37400.0,600.0,1784100.0
1171,2021-09-26 13:31:16,37400.0,100.0,1783500.0
1172,2021-09-26 13:31:16,37400.0,45600.0,1783400.0
1173,2021-09-26 13:30:59,37400.0,500.0,1737800.0
1174,2021-09-26 13:30:55,37400.0,1200.0,1737300.0
1175,2021-09-26 13:30:32,37400.0,2000.0,1736100.0
1176,2021-09-26 13:30:20,37400.0,700.0,1734100.0
1177,2021-09-26 13:30:20,37400.0,300.0,1733400.0
1178,2021-09-26 13:30:20,37400.0,200.0,1733100.0
1179,2021-09-26 13:29:50,37400.0,300.0,1732900.0
1180,2021-09-26 13:29:50,37450.0,100.0,1732600.0
1181,2021-09-26 13:29:50,37450.0,800.0,1732500.0
1182,2021-09-26 13:29:21,37450.0,1200.0,1731700.0
1183,2021-09-26 13:28:53,37450.0,300.0,1730500.0
1184,2021-09-26 13:28:04,37450.0,200.0,1730200.0
1185,2021-09-26 13:28:04,37450.0,3000.0,1730000.0
1186,2021-09-26 13:28:04,37450.0,200.0,1727000.0
1187,2021-09-26 13:28:04,37450.0,100.0,1726800.0
1188,2021-09-26 13:28:04,37450.0,100.0,1726700.0
1189,2021-09-26 13:28:04,37450.0,400.0,1726600.0
1190,2021-09-26 13:27:18,37450.0,100.0,1726200.0
1191,2021-09-26 13:26:29,37550.0,1600.0,1726100.0
1192,2021-09-26 13:26:29,37500.0,1000.0,1724500.0
1193,2021-09-26 13:26:29,37500.0,1000.0,1723500.0
1194,2021-09-26 13:26:29,37500.0,200.0,1722500.0
1195,2021-09-26 13:26:29,37500.0,5000.0,1722300.0
1196,2021-09-26 13:26:29,37500.0,200.0,1717300.0
1197,2021-09-26 13:26:29,37500.0,4600.0,1717100.0
1198,2021-09-26 13:26:29,37500.0,2000.0,1712500.0
1199,2021-09-26 13:26:29,37500.0,100.0,1710500.0
1200,2021-09-26 13:26:29,37500.0,1900.0,1710400.0
1201,2021-09-26 13:26:29,37450.0,400.0,1708500.0
1202,2021-09-26 13:26:29,37450.0,1000.0,1708100.0
1203,2021-09-26 13:26:29,37450.0,1000.0,1707100.0
1204,2021-09-26 13:26:16,37450.0,1000.0,1706100.0
1205,2021-09-26 13:26:02,37400.0,100.0,1705100.0
1206,2021-09-26 13:25:48,37400.0,600.0,1705000.0
1207,2021-09-26 13:25:48,37400.0,200.0,1704400.0
1208,2021-09-26 13:25:48,37400.0,200.0,1704200.0
1209,2021-09-26 13:25:34,37450.0,1400.0,1704000.0
1210,2021-09-26 13:25:34,37450.0,600.0,1702600.0
1211,2021-09-26 13:25:33,37450.0,200.0,1702000.0
1212,2021-09-26 13:25:25,37400.0,300.0,1701800.0
1213,2021-09-26 13:25:25,37400.0,700.0,1701500.0
1214,2021-09-26 13:25:25,37400.0,200.0,1700800.0
1215,2021-09-26 13:25:19,37450.0,200.0,1700600.0
1216,2021-09-26 13:24:32,37450.0,200.0,1700400.0
1217,2021-09-26 13:24:22,37450.0,1800.0,1700200.0
1218,2021-09-26 13:24:22,37450.0,1200.0,1698400.0
1219,2021-09-26 13:24:21,37450.0,300.0,1697200.0
1220,2021-09-26 13:24:21,37450.0,200.0,1696900.0
1221,2021-09-26 13:24:07,37450.0,200.0,1696700.0
1222,2021-09-26 13:23:58,37450.0,1700.0,1696500.0
1223,2021-09-26 13:23:53,37450.0,100.0,1694800.0
1224,2021-09-26 13:23:37,37450.0,1200.0,1694700.0
1225,2021-09-26 13:23:25,37500.0,200.0,1693500.0
1226,2021-09-26 13:23:09,37500.0,100.0,1693300.0
1227,2021-09-26 13:23:05,37500.0,3900.0,1693200.0
1228,2021-09-26 13:23:05,37450.0,300.0,1689300.0
1229,2021-09-26 13:23:05,37450.0,2800.0,1689000.0
1230,2021-09-26 13:23:05,37450.0,1000.0,1686200.0
1231,2021-09-26 13:23:05,37450.0,300.0,1685200.0
1232,2021-09-26 13:23:05,37450.0,1700.0,1684900.0
1233,2021-09-26 13:22:58,37450.0,100.0,1683200.0
1234,2021-09-26 13:22:50,37450.0,1000.0,1683100.0
1235,2021-09-26 13:22:48,37450.0,100.0,1682100.0
1236,2021-09-26 13:22:47,37450.0,300.0,1682000.0
1237,2021-09-26 13:22:44,37450.0,100.0,1681700.0
1238,2021-09-26 13:22:44,37450.0,100.0,1681600.0
1239,2021-09-26 13:22:44,37450.0,100.0,1681500.0
1240,2021-09-26 13:22:44,37450.0,200.0,1681400.0
1241,2021-09-26 13:22:44,37450.0,100.0,1681200.0
1242,2021-09-26 13:22:44,37450.0,200.0,1681100.0
1243,2021-09-26 13:22:36,37450.0,400.0,1680900.0
1244,2021-09-26 13:22:36,37450.0,100.0,1680500.0
1245,2021-09-26 13:22:36,37450.0,200.0,1680400.0
1246,2021-09-26 13:22:36,37450.0,200.0,1680200.0
1247,2021-09-26 13:22:36,37450.0,3500.0,1680000.0
1248,2021-09-26 13:22:36,37450.0,100.0,1676500.0
1249,2021-09-26 13:22:36,37450.0,3000.0,1676400.0
1250,2021-09-26 13:22:36,37450.0,4500.0,1673400.0
1251,2021-09-26 13:22:26,37450.0,5000.0,1668900.0
1252,2021-09-26 13:22:15,37450.0,1000.0,1663900.0
1253,2021-09-26 13:22:13,37450.0,400.0,1662900.0
1254,2021-09-26 13:22:02,37450.0,9100.0,1662500.0
1255,2021-09-26 13:22:02,37450.0,400.0,1653400.0
1256,2021-09-26 13:22:02,37450.0,2700.0,1653000.0
1257,2021-09-26 13:21:55,37500.0,400.0,1650300.0
1258,2021-09-26 13:21:37,37450.0,100.0,1649900.0
1259,2021-09-26 13:21:26,37450.0,200.0,1649800.0
1260,2021-09-26 13:21:09,37500.0,7200.0,1649600.0
1261,2021-09-26 13:21:09,37500.0,300.0,1642400.0
1262,2021-09-26 13:21:09,37500.0,300.0,1642100.0
1263,2021-09-26 13:21:09,37500.0,100.0,1641800.0
1264,2021-09-26 13:21:09,37500.0,400.0,1641700.0
1265,2021-09-26 13:19:46,37500.0,2600.0,1641300.0
1266,2021-09-26 13:19:40,37500.0,2000.0,1638700.0
1267,2021-09-26 13:19:40,37500.0,400.0,1636700.0
1268,2021-09-26 13:19:25,37500.0,100.0,1636300.0
1269,2021-09-26 13:19:20,37500.0,200.0,1636200.0
1270,2021-09-26 13:19:05,37500.0,200.0,1636000.0
1271,2021-09-26 13:19:05,37500.0,300.0,1635800.0
1272,2021-09-26 13:18:47,37500.0,1600.0,1635500.0
1273,2021-09-26 13:18:39,37500.0,200.0,1633900.0
1274,2021-09-26 13:18:19,37500.0,100.0,1633700.0
1275,2021-09-26 13:18:14,37500.0,1500.0,1633600.0
1276,2021-09-26 13:18:14,37500.0,200.0,1632100.0
1277,2021-09-26 13:18:14,37500.0,1700.0,1631900.0
1278,2021-09-26 13:18:14,37500.0,200.0,1630200.0
1279,2021-09-26 13:18:14,37500.0,500.0,1630000.0
1280,2021-09-26 13:18:14,37500.0,10000.0,1629500.0
1281,2021-09-26 13:18:14,37500.0,100.0,1619500.0
1282,2021-09-26 13:18:14,37500.0,500.0,1619400.0
1283,2021-09-26 13:18:14,37500.0,300.0,1618900.0
1284,2021-09-26 13:18:14,37500.0,100.0,1618600.0
1285,2021-09-26 13:18:14,37500.0,500.0,1618500.0
1286,2021-09-26 13:18:14,37500.0,500.0,1618000.0
1287,2021-09-26 13:18:14,37500.0,1000.0,1617500.0
1288,2021-09-26 13:18:14,37500.0,500.0,1616500.0
1289,2021-09-26 13:18:14,37500.0,200.0,1616000.0
1290,2021-09-26 13:18:09,37500.0,100.0,1615800.0
1291,2021-09-26 13:18:09,37500.0,500.0,1615700.0
1292,2021-09-26 13:18:09,37500.0,200.0,1615200.0
1293,2021-09-26 13:18:09,37500.0,1800.0,1615000.0
1294,2021-09-26 13:17:59,37550.0,100.0,1613200.0
1295,2021-09-26 13:17:48,37550.0,100.0,1613100.0
1296,2021-09-26 13:17:11,37550.0,200.0,1613000.0
1297,2021-09-26 13:17:09,37500.0,100.0,1612800.0
1298,2021-09-26 13:17:01,37500.0,500.0,1612700.0
1299,2021-09-26 13:16:56,37550.0,100.0,1612200.0
1300,2021-09-26 13:16:44,37550.0,400.0,1612100.0
1301,2021-09-26 13:16:44,37550.0,100.0,1611700.0
1302,2021-09-26 13:15:00,37550.0,100.0,1611600.0
1303,2021-09-26 13:14:54,37550.0,500.0,1611500.0
1304,2021-09-26 13:14:45,37500.0,200.0,1611000.0
1305,2021-09-26 13:14:37,37500.0,100.0,1610800.0
1306,2021-09-26 13:14:27,37500.0,2000.0,1610700.0
1307,2021-09-26 13:14:15,37500.0,300.0,1608700.0
1308,2021-09-26 13:14:15,37500.0,1100.0,1608400.0
1309,2021-09-26 13:14:15,37500.0,200.0,1607300.0
1310,2021-09-26 13:14:15,37500.0,500.0,1607100.0
1311,2021-09-26 13:14:15,37500.0,900.0,1606600.0
1312,2021-09-26 13:13:49,37500.0,100.0,1605700.0
1313,2021-09-26 13:13:43,37550.0,4600.0,1605600.0
1314,2021-09-26 13:13:43,37550.0,400.0,1601000.0
1315,2021-09-26 13:13:19,37550.0,1000.0,1600600.0
1316,2021-09-26 13:13:09,37500.0,100.0,1599600.0
1317,2021-09-26 13:13:09,37500.0,100.0,1599500.0
1318,2021-09-26 13:13:09,37500.0,100.0,1599400.0
1319,2021-09-26 13:13:09,37550.0,200.0,1599300.0
1320,2021-09-26 13:12:52,37550.0,300.0,1599100.0
1321,2021-09-26 13:12:52,37550.0,200.0,1598800.0
1322,2021-09-26 13:12:28,37550.0,500.0,1598600.0
1323,2021-09-26 13:11:43,37600.0,4700.0,1598100.0
1324,2021-09-26 13:11:43,37600.0,300.0,1593400.0
1325,2021-09-26 13:11:25,37600.0,200.0,1593100.0
1326,2021-09-26 13:10:33,37600.0,4500.0,1592900.0
1327,2021-09-26 13:10:21,37600.0,100.0,1588400.0
1328,2021-09-26 13:09:45,37600.0,100.0,1588300.0
1329,2021-09-26 13:09:37,37650.0,200.0,1588200.0
1330,2021-09-26 13:09:32,37600.0,100.0,1588000.0
1331,2021-09-26 13:09:14,37650.0,100.0,1587900.0
1332,2021-09-26 13:09:14,37650.0,100.0,1587800.0
1333,2021-09-26 13:09:14,37600.0,200.0,1587700.0
1334,2021-09-26 13:09:14,37600.0,500.0,1587500.0
1335,2021-09-26 13:09:14,37600.0,300.0,1587000.0
1336,2021-09-26 13:08:57,37600.0,500.0,1586700.0
1337,2021-09-26 13:08:41,37600.0,100.0,1586200.0
1338,2021-09-26 13:08:41,37600.0,300.0,1586100.0
1339,2021-09-26 13:08:41,37600.0,300.0,1585800.0
1340,2021-09-26 13:08:41,37600.0,200.0,1585500.0
1341,2021-09-26 13:08:41,37600.0,100.0,1585300.0
1342,2021-09-26 13:08:41,37600.0,300.0,1585200.0
1343,2021-09-26 13:08:40,37600.0,100.0,1584900.0
1344,2021-09-26 13:08:36,37600.0,600.0,1584800.0
1345,2021-09-26 13:08:36,37600.0,100.0,1584200.0
1346,2021-09-26 13:08:36,37600.0,600.0,1584100.0
1347,2021-09-26 13:08:36,37600.0,1300.0,1583500.0
1348,2021-09-26 13:08:36,37600.0,200.0,1582200.0
1349,2021-09-26 13:08:36,37600.0,200.0,1582000.0
1350,2021-09-26 13:08:28,37600.0,800.0,1581800.0
1351,2021-09-26 13:08:28,37600.0,100.0,1581000.0
1352,2021-09-26 13:08:28,37600.0,400.0,1580900.0
1353,2021-09-26 13:08:28,37600.0,400.0,1580500.0
1354,2021-09-26 13:08:27,37600.0,100.0,1580100.0
1355,2021-09-26 13:08:18,37600.0,200.0,1580000.0
1356,2021-09-26 13:08:18,37600.0,3000.0,1579800.0
1357,2021-09-26 13:08:13,37600.0,200.0,1576800.0
1358,2021-09-26 13:08:10,37600.0,16800.0,1576600.0
1359,2021-09-26 13:08:10,37600.0,1700.0,1559800.0
1360,2021-09-26 13:08:10,37600.0,500.0,1558100.0
1361,2021-09-26 13:08:10,37600.0,500.0,1557600.0
1362,2021-09-26 13:08:10,37600.0,500.0,1557100.0
1363,2021-09-26 13:08:10,37600.0,1500.0,1556600.0
1364,2021-09-26 13:08:10,37600.0,500.0,1555100.0
1365,2021-09-26 13:08:07,37600.0,100.0,1554600.0
1366,2021-09-26 13:07:56,37550.0,2000.0,1554500.0
1367,2021-09-26 13:07:50,37550.0,2000.0,1552500.0
1368,2021-09-26 13:07:50,37550.0,300.0,1550500.0
1369,2021-09-26 13:07:49,37550.0,500.0,1550200.0
1370,2021-09-26 13:07:46,37550.0,100.0,1549700.0
1371,2021-09-26 13:07:44,37550.0,1000.0,1549600.0
1372,2021-09-26 13:07:41,37550.0,100.0,1548600.0
1373,2021-09-26 13:07:41,37550.0,100.0,1548500.0
1374,2021-09-26 13:07:32,37550.0,100.0,1548400.0
1375,2021-09-26 13:06:27,37500.0,1900.0,1548300.0
1376,2021-09-26 13:06:19,37500.0,2000.0,1546400.0
1377,2021-09-26 13:06:15,37500.0,200.0,1544400.0
1378,2021-09-26 13:06:15,37500.0,1000.0,1544200.0
1379,2021-09-26 13:06:15,37500.0,5000.0,1543200.0
1380,2021-09-26 13:06:15,37500.0,500.0,1538200.0
1381,2021-09-26 13:06:15,37500.0,300.0,1537700.0
1382,2021-09-26 13:06:15,37500.0,300.0,1537400.0
1383,2021-09-26 13:06:15,37500.0,200.0,1537100.0
1384,2021-09-26 13:06:15,37500.0,5400.0,1536900.0
1385,2021-09-26 13:06:11,37500.0,100.0,1531500.0
1386,2021-09-26 13:05:53,37500.0,1000.0,1531400.0
1387,2021-09-26 13:05:39,37500.0,1000.0,1530400.0
1388,2021-09-26 13:05:36,37500.0,500.0,1529400.0
1389,2021-09-26 13:05:19,37500.0,9500.0,1528900.0
1390,2021-09-26 13:05:13,37450.0,500.0,1519400.0
1391,2021-09-26 13:05:13,37500.0,500.0,1518900.0
1392,2021-09-26 13:05:01,37500.0,100.0,1518400.0
1393,2021-09-26 13:04:52,37500.0,1000.0,1518300.0
1394,2021-09-26 13:04:42,37500.0,500.0,1517300.0
1395,2021-09-26 13:04:19,37500.0,200.0,1516800.0
1396,2021-09-26 13:04:01,37500.0,200.0,1516600.0
1397,2021-09-26 13:03:54,37500.0,2000.0,1516400.0
1398,2021-09-26 13:03:52,37500.0,1200.0,1514400.0
1399,2021-09-26 13:03:24,37500.0,100.0,1513200.0
1400,2021-09-26 13:03:11,37500.0,100.0,1513100.0
1401,2021-09-26 13:02:43,37450.0,1500.0,1513000.0
1402,2021-09-26 13:02:43,37450.0,500.0,1511500.0
1403,2021-09-26 13:01:28,37500.0,400.0,1511000.0
1404,2021-09-26 13:01:27,37500.0,1800.0,1510600.0
1405,2021-09-26 13:01:08,37450.0,2000.0,1508800.0
1406,2021-09-26 13:00:59,37450.0,500.0,1506800.0
1407,2021-09-26 13:00:59,37450.0,600.0,1506300.0
1408,2021-09-26 13:00:59,37450.0,100.0,1505700.0
1409,2021-09-26 13:00:59,37450.0,2600.0,1505600.0
1410,2021-09-26 13:00:57,37450.0,500.0,1503000.0
1411,2021-09-26 13:00:48,37450.0,100.0,1502500.0
1412,2021-09-26 13:00:34,37400.0,300.0,1502400.0
1413,2021-09-26 13:00:34,37400.0,700.0,1502100.0
1414,2021-09-26 13:00:08,37400.0,500.0,1501400.0
1415,2021-09-26 13:00:02,37400.0,200.0,1500900.0
1416,2021-09-26 13:00:00,37450.0,100.0,1500700.0
1417,2021-09-26 13:00:00,37400.0,300.0,1500600.0
1418,2021-09-26 13:00:00,37400.0,700.0,1500300.0
1419,2021-09-26 13:00:00,37400.0,200.0,1499600.0
1420,2021-09-26 11:29:02,37400.0,200.0,1499400.0
1421,2021-09-26 11:28:37,37400.0,2000.0,1499200.0
1422,2021-09-26 11:28:07,37400.0,5100.0,1497200.0
1423,2021-09-26 11:28:04,37400.0,200.0,1492100.0
1424,2021-09-26 11:27:40,37400.0,1600.0,1491900.0
1425,2021-09-26 11:27:40,37400.0,600.0,1490300.0
1426,2021-09-26 11:27:24,37450.0,100.0,1489700.0
1427,2021-09-26 11:26:37,37400.0,200.0,1489600.0
1428,2021-09-26 11:25:46,37400.0,200.0,1489400.0
1429,2021-09-26 11:25:46,37400.0,800.0,1489200.0
1430,2021-09-26 11:24:22,37450.0,100.0,1488400.0
1431,2021-09-26 11:23:50,37450.0,200.0,1488300.0
1432,2021-09-26 11:23:49,37400.0,100.0,1488100.0
1433,2021-09-26 11:23:43,37400.0,100.0,1488000.0
1434,2021-09-26 11:23:43,37400.0,200.0,1487900.0
1435,2021-09-26 11:23:43,37400.0,1000.0,1487700.0
1436,2021-09-26 11:23:43,37400.0,3700.0,1486700.0
1437,2021-09-26 11:23:37,37400.0,3000.0,1483000.0
1438,2021-09-26 11:23:17,37400.0,100.0,1480000.0
1439,2021-09-26 11:22:51,37400.0,200.0,1479900.0
1440,2021-09-26 11:22:38,37400.0,100.0,1479700.0
1441,2021-09-26 11:22:22,37400.0,2900.0,1479600.0
1442,2021-09-26 11:22:22,37400.0,200.0,1476700.0
1443,2021-09-26 11:22:22,37400.0,500.0,1476500.0
1444,2021-09-26 11:22:22,37400.0,400.0,1476000.0
1445,2021-09-26 11:22:15,37400.0,500.0,1475600.0
1446,2021-09-26 11:22:15,37400.0,100.0,1475100.0
1447,2021-09-26 11:22:12,37400.0,2000.0,1475000.0
1448,2021-09-26 11:20:51,37350.0,700.0,1473000.0
1449,2021-09-26 11:20:51,37350.0,1500.0,1472300.0
1450,2021-09-26 11:20:51,37350.0,200.0,1470800.0
1451,2021-09-26 11:20:51,37350.0,200.0,1470600.0
1452,2021-09-26 11:20:51,37350.0,300.0,1470400.0
1453,2021-09-26 11:20:51,37350.0,100.0,1470100.0
1454,2021-09-26 11:20:36,37400.0,5000.0,1470000.0
1455,2021-09-26 11:18:42,37350.0,200.0,1465000.0
1456,2021-09-26 11:17:54,37400.0,2000.0,1464800.0
1457,2021-09-26 11:17:39,37400.0,500.0,1462800.0
1458,2021-09-26 11:16:28,37350.0,100.0,1462300.0
1459,2021-09-26 11:16:23,37350.0,100.0,1462200.0
1460,2021-09-26 11:16:23,37350.0,100.0,1462100.0
1461,2021-09-26 11:16:23,37350.0,2000.0,1462000.0
1462,2021-09-26 11:16:23,37350.0,1000.0,1460000.0
1463,2021-09-26 11:16:23,37350.0,100.0,1459000.0
1464,2021-09-26 11:16:23,37350.0,500.0,1458900.0
1465,2021-09-26 11:16:23,37350.0,200.0,1458400.0
1466,2021-09-26 11:16:08,37350.0,100.0,1458200.0
1467,2021-09-26 11:15:05,37350.0,1200.0,1458100.0
1468,2021-09-26 11:14:58,37400.0,500.0,1456900.0
1469,2021-09-26 11:14:38,37400.0,100.0,1456400.0
1470,2021-09-26 11:14:38,37400.0,1000.0,1456300.0
1471,2021-09-26 11:14:38,37400.0,100.0,1455300.0
1472,2021-09-26 11:14:38,37400.0,200.0,1455200.0
1473,2021-09-26 11:14:38,37400.0,100.0,1455000.0
1474,2021-09-26 11:14:38,37400.0,1000.0,1454900.0
1475,2021-09-26 11:14:37,37400.0,1000.0,1453900.0
1476,2021-09-26 11:14:37,37400.0,200.0,1452900.0
1477,2021-09-26 11:14:30,37400.0,2800.0,1452700.0
1478,2021-09-26 11:14:30,37400.0,300.0,1449900.0
1479,2021-09-26 11:14:30,37400.0,100.0,1449600.0
1480,2021-09-26 11:14:30,37400.0,100.0,1449500.0
1481,2021-09-26 11:14:30,37400.0,200.0,1449400.0
1482,2021-09-26 11:14:30,37400.0,500.0,1449200.0
1483,2021-09-26 11:14:30,37400.0,100.0,1448700.0
1484,2021-09-26 11:14:30,37400.0,900.0,1448600.0
1485,2021-09-26 11:14:18,37400.0,100.0,1447700.0
1486,2021-09-26 11:14:18,37400.0,100.0,1447600.0
1487,2021-09-26 11:14:18,37400.0,300.0,1447500.0
1488,2021-09-26 11:14:18,37400.0,500.0,1447200.0
1489,2021-09-26 11:14:00,37400.0,500.0,1446700.0
1490,2021-09-26 11:14:00,37400.0,2500.0,1446200.0
1491,2021-09-26 11:12:24,37400.0,500.0,1443700.0
1492,2021-09-26 11:12:24,37400.0,300.0,1443200.0
1493,2021-09-26 11:12:24,37400.0,200.0,1442900.0
1494,2021-09-26 11:12:24,37400.0,100.0,1442700.0
1495,2021-09-26 11:12:24,37400.0,100.0,1442600.0
1496,2021-09-26 11:12:15,37450.0,300.0,1442500.0
1497,2021-09-26 11:12:15,37450.0,1500.0,1442200.0
1498,2021-09-26 11:12:15,37450.0,100.0,1440700.0
1499,2021-09-26 11:12:15,37450.0,100.0,1440600.0
1500,2021-09-26 11:12:15,37450.0,300.0,1440500.0
1501,2021-09-26 11:12:02,37450.0,700.0,1440200.0
1502,2021-09-26 11:12:02,37450.0,800.0,1439500.0
1503,2021-09-26 11:11:59,37450.0,100.0,1438700.0
1504,2021-09-26 11:11:52,37450.0,2100.0,1438600.0
1505,2021-09-26 11:11:52,37450.0,100.0,1436500.0
1506,2021-09-26 11:11:36,37450.0,1000.0,1436400.0
1507,2021-09-26 11:11:21,37450.0,1200.0,1435400.0
1508,2021-09-26 11:11:21,37500.0,1000.0,1434200.0
1509,2021-09-26 11:11:16,37500.0,100.0,1433200.0
1510,2021-09-26 11:11:12,37500.0,1000.0,1433100.0
1511,2021-09-26 11:11:01,37450.0,300.0,1432100.0
1512,2021-09-26 11:11:01,37500.0,200.0,1431800.0
1513,2021-09-26 11:09:51,37500.0,300.0,1431600.0
1514,2021-09-26 11:09:46,37450.0,100.0,1431300.0
1515,2021-09-26 11:09:16,37450.0,300.0,1431200.0
1516,2021-09-26 11:09:10,37500.0,100.0,1430900.0
1517,2021-09-26 11:09:10,37500.0,100.0,1430800.0
1518,2021-09-26 11:09:10,37500.0,500.0,1430700.0
1519,2021-09-26 11:09:10,37500.0,600.0,1430200.0
1520,2021-09-26 11:09:10,37500.0,1000.0,1429600.0
1521,2021-09-26 11:09:10,37500.0,1300.0,1428600.0
1522,2021-09-26 11:09:10,37500.0,600.0,1427300.0
1523,2021-09-26 11:09:10,37500.0,17600.0,1426700.0
1524,2021-09-26 11:09:09,37550.0,500.0,1409100.0
1525,2021-09-26 11:09:09,37550.0,500.0,1408600.0
1526,2021-09-26 11:08:02,37500.0,100.0,1408100.0
1527,2021-09-26 11:07:46,37550.0,700.0,1408000.0
1528,2021-09-26 11:07:46,37550.0,500.0,1407300.0
1529,2021-09-26 11:07:46,37550.0,500.0,1406800.0
1530,2021-09-26 11:07:46,37550.0,100.0,1406300.0
1531,2021-09-26 11:07:46,37550.0,2000.0,1406200.0
1532,2021-09-26 11:07:46,37550.0,200.0,1404200.0
1533,2021-09-26 11:07:41,37500.0,600.0,1404000.0
1534,2021-09-26 11:07:35,37500.0,1000.0,1403400.0
1535,2021-09-26 11:06:56,37550.0,100.0,1402400.0
1536,2021-09-26 11:06:56,37550.0,300.0,1402300.0
1537,2021-09-26 11:06:55,37500.0,3800.0,1402000.0
1538,2021-09-26 11:06:48,37500.0,1400.0,1398200.0
1539,2021-09-26 11:06:18,37550.0,700.0,1396800.0
1540,2021-09-26 11:06:03,37500.0,1000.0,1396100.0
1541,2021-09-26 11:06:03,37500.0,1000.0,1395100.0
1542,2021-09-26 11:05:46,37500.0,1000.0,1394100.0
1543,2021-09-26 11:03:52,37500.0,800.0,1393100.0
1544,2021-09-26 11:03:46,37500.0,3000.0,1392300.0
1545,2021-09-26 11:03:40,37500.0,500.0,1389300.0
1546,2021-09-26 11:03:40,37500.0,12200.0,1388800.0
1547,2021-09-26 11:02:50,37500.0,500.0,1376600.0
1548,2021-09-26 11:02:36,37500.0,100.0,1376100.0
1549,2021-09-26 11:01:58,37500.0,1000.0,1376000.0
1550,2021-09-26 11:01:58,37500.0,100.0,1375000.0
1551,2021-09-26 11:01:58,37500.0,1100.0,1374900.0
1552,2021-09-26 11:01:07,37500.0,500.0,1373800.0
1553,2021-09-26 11:00:25,37550.0,100.0,1373300.0
1554,2021-09-26 11:00:16,37550.0,900.0,1373200.0
1555,2021-09-26 11:00:14,37550.0,100.0,1372300.0
1556,2021-09-26 11:00:14,37550.0,2000.0,1372200.0
1557,2021-09-26 11:00:14,37550.0,300.0,1370200.0
1558,2021-09-26 10:59:54,37550.0,100.0,1369900.0
1559,2021-09-26 10:59:44,37550.0,600.0,1369800.0
1560,2021-09-26 10:59:16,37550.0,5000.0,1369200.0
1561,2021-09-26 10:58:56,37500.0,1900.0,1364200.0
1562,2021-09-26 10:58:56,37500.0,100.0,1362300.0
1563,2021-09-26 10:58:56,37500.0,5000.0,1362200.0
1564,2021-09-26 10:58:56,37500.0,500.0,1357200.0
1565,2021-09-26 10:58:56,37500.0,2000.0,1356700.0
1566,2021-09-26 10:58:56,37500.0,300.0,1354700.0
1567,2021-09-26 10:58:56,37500.0,1000.0,1354400.0
1568,2021-09-26 10:58:44,37500.0,100.0,1353400.0
1569,2021-09-26 10:58:44,37500.0,100.0,1353300.0
1570,2021-09-26 10:58:44,37500.0,100.0,1353200.0
1571,2021-09-26 10:58:44,37500.0,900.0,1353100.0
1572,2021-09-26 10:58:44,37500.0,100.0,1352200.0
1573,2021-09-26 10:58:44,37500.0,1000.0,1352100.0
1574,2021-09-26 10:58:44,37500.0,1000.0,1351100.0
1575,2021-09-26 10:58:44,37500.0,500.0,1350100.0
1576,2021-09-26 10:58:44,37500.0,500.0,1349600.0
1577,2021-09-26 10:58:44,37500.0,600.0,1349100.0
1578,2021-09-26 10:58:44,37500.0,1000.0,1348500.0
1579,2021-09-26 10:58:44,37500.0,2000.0,1347500.0
1580,2021-09-26 10:58:44,37500.0,7100.0,1345500.0
1581,2021-09-26 10:57:50,37450.0,100.0,1338400.0
1582,2021-09-26 10:57:43,37450.0,1000.0,1338300.0
1583,2021-09-26 10:57:31,37450.0,2000.0,1337300.0
1584,2021-09-26 10:57:20,37450.0,900.0,1335300.0
1585,2021-09-26 10:57:16,37450.0,200.0,1334400.0
1586,2021-09-26 10:57:08,37450.0,3900.0,1334200.0
1587,2021-09-26 10:57:08,37450.0,200.0,1330300.0
1588,2021-09-26 10:56:33,37400.0,400.0,1330100.0
1589,2021-09-26 10:56:25,37400.0,200.0,1329700.0
1590,2021-09-26 10:56:25,37400.0,3400.0,1329500.0
1591,2021-09-26 10:56:25,37400.0,800.0,1326100.0
1592,2021-09-26 10:56:14,37400.0,500.0,1325300.0
1593,2021-09-26 10:56:14,37400.0,100.0,1324800.0
1594,2021-09-26 10:56:14,37400.0,300.0,1324700.0
1595,2021-09-26 10:56:14,37400.0,3300.0,1324400.0
1596,2021-09-26 10:56:06,37400.0,1700.0,1321100.0
1597,2021-09-26 10:56:06,37400.0,1000.0,1319400.0
1598,2021-09-26 10:56:06,37400.0,2300.0,1318400.0
1599,2021-09-26 10:55:47,37350.0,100.0,1316100.0
1600,2021-09-26 10:55:47,37350.0,100.0,1316000.0
1601,2021-09-26 10:55:47,37350.0,2000.0,1315900.0
1602,2021-09-26 10:55:47,37350.0,600.0,1313900.0
1603,2021-09-26 10:55:47,37350.0,700.0,1313300.0
1604,2021-09-26 10:55:47,37350.0,300.0,1312600.0
1605,2021-09-26 10:55:47,37350.0,200.0,1312300.0
1606,2021-09-26 10:55:45,37350.0,1300.0,1312100.0
1607,2021-09-26 10:55:45,37350.0,1000.0,1310800.0
1608,2021-09-26 10:55:45,37350.0,1000.0,1309800.0
1609,2021-09-26 10:55:45,37350.0,1700.0,1308800.0
1610,2021-09-26 10:55:44,37350.0,100.0,1307100.0
1611,2021-09-26 10:55:17,37350.0,100.0,1307000.0
1612,2021-09-26 10:54:59,37300.0,400.0,1306900.0
1613,2021-09-26 10:54:59,37300.0,100.0,1306500.0
1614,2021-09-26 10:54:59,37300.0,500.0,1306400.0
1615,2021-09-26 10:54:38,37300.0,100.0,1305900.0
1616,2021-09-26 10:54:34,37300.0,100.0,1305800.0
1617,2021-09-26 10:54:28,37300.0,100.0,1305700.0
1618,2021-09-26 10:54:28,37300.0,100.0,1305600.0
1619,2021-09-26 10:54:28,37300.0,300.0,1305500.0
1620,2021-09-26 10:54:23,37350.0,100.0,1305200.0
1621,2021-09-26 10:54:19,37300.0,200.0,1305100.0
1622,2021-09-26 10:54:19,37300.0,300.0,1304900.0
1623,2021-09-26 10:54:19,37300.0,2000.0,1304600.0
1624,2021-09-26 10:54:19,37300.0,2000.0,1302600.0
1625,2021-09-26 10:54:19,37300.0,500.0,1300600.0
1626,2021-09-26 10:54:19,37300.0,5000.0,1300100.0
1627,2021-09-26 10:53:54,37350.0,1000.0,1295100.0
1628,2021-09-26 10:53:17,37250.0,900.0,1294100.0
1629,2021-09-26 10:53:17,37250.0,500.0,1293200.0
1630,2021-09-26 10:53:17,37250.0,600.0,1292700.0
1631,2021-09-26 10:53:01,37250.0,200.0,1292100.0
1632,2021-09-26 10:52:58,37250.0,1400.0,1291900.0
1633,2021-09-26 10:52:42,37250.0,800.0,1290500.0
1634,2021-09-26 10:52:42,37300.0,500.0,1289700.0
1635,2021-09-26 10:52:42,37300.0,200.0,1289200.0
1636,2021-09-26 10:52:42,37300.0,200.0,1289000.0
1637,2021-09-26 10:52:42,37300.0,300.0,1288800.0
1638,2021-09-26 10:52:07,37350.0,100.0,1288500.0
1639,2021-09-26 10:51:44,37300.0,500.0,1288400.0
1640,2021-09-26 10:51:44,37300.0,300.0,1287900.0
1641,2021-09-26 10:51:44,37300.0,100.0,1287600.0
1642,2021-09-26 10:51:44,37300.0,200.0,1287500.0
1643,2021-09-26 10:51:44,37300.0,600.0,1287300.0
1644,2021-09-26 10:51:40,37300.0,2000.0,1286700.0
1645,2021-09-26 10:51:34,37300.0,600.0,1284700.0
1646,2021-09-26 10:51:32,37300.0,200.0,1284100.0
1647,2021-09-26 10:50:51,37300.0,1000.0,1283900.0
1648,2021-09-26 10:50:51,37250.0,3000.0,1282900.0
1649,2021-09-26 10:50:46,37250.0,1000.0,1279900.0
1650,2021-09-26 10:50:41,37250.0,1000.0,1278900.0
1651,2021-09-26 10:50:38,37300.0,8700.0,1277900.0
1652,2021-09-26 10:50:38,37300.0,5400.0,1269200.0
1653,2021-09-26 10:50:35,37250.0,1000.0,1263800.0
1654,2021-09-26 10:50:29,37200.0,5900.0,1262800.0
1655,2021-09-26 10:50:29,37200.0,100.0,1256900.0
1656,2021-09-26 10:50:29,37200.0,200.0,1256800.0
1657,2021-09-26 10:50:29,37200.0,1000.0,1256600.0
1658,2021-09-26 10:50:29,37200.0,100.0,1255600.0
1659,2021-09-26 10:50:29,37200.0,100.0,1255500.0
1660,2021-09-26 10:50:29,37200.0,100.0,1255400.0
1661,2021-09-26 10:50:29,37200.0,100.0,1255300.0
1662,2021-09-26 10:50:29,37250.0,2400.0,1255200.0
1663,2021-09-26 10:50:26,37250.0,300.0,1252800.0
1664,2021-09-26 10:50:22,37250.0,200.0,1252500.0
1665,2021-09-26 10:50:17,37250.0,300.0,1252300.0
1666,2021-09-26 10:50:17,37250.0,2400.0,1252000.0
1667,2021-09-26 10:49:57,37250.0,1000.0,1249600.0
1668,2021-09-26 10:49:55,37250.0,600.0,1248600.0
1669,2021-09-26 10:49:50,37250.0,500.0,1248000.0
1670,2021-09-26 10:49:45,37250.0,500.0,1247500.0
1671,2021-09-26 10:49:14,37200.0,500.0,1247000.0
1672,2021-09-26 10:49:14,37200.0,2000.0,1246500.0
1673,2021-09-26 10:49:14,37200.0,300.0,1244500.0
1674,2021-09-26 10:49:14,37200.0,200.0,1244200.0
1675,2021-09-26 10:49:14,37200.0,1000.0,1244000.0
1676,2021-09-26 10:49:14,37200.0,200.0,1243000.0
1677,2021-09-26 10:49:14,37200.0,5000.0,1242800.0
1678,2021-09-26 10:49:14,37200.0,2000.0,1237800.0
1679,2021-09-26 10:49:14,37200.0,300.0,1235800.0
1680,2021-09-26 10:49:14,37200.0,400.0,1235500.0
1681,2021-09-26 10:49:14,37200.0,100.0,1235100.0
1682,2021-09-26 10:49:14,37200.0,500.0,1235000.0
1683,2021-09-26 10:49:14,37200.0,1000.0,1234500.0
1684,2021-09-26 10:49:14,37200.0,100.0,1233500.0
1685,2021-09-26 10:49:14,37200.0,500.0,1233400.0
1686,2021-09-26 10:49:14,37200.0,100.0,1232900.0
1687,2021-09-26 10:49:14,37200.0,100.0,1232800.0
1688,2021-09-26 10:49:14,37200.0,100.0,1232700.0
1689,2021-09-26 10:49:14,37250.0,1000.0,1232600.0
1690,2021-09-26 10:49:14,37250.0,300.0,1231600.0
1691,2021-09-26 10:49:14,37250.0,100.0,1231300.0
1692,2021-09-26 10:49:14,37250.0,200.0,1231200.0
1693,2021-09-26 10:49:14,37250.0,300.0,1231000.0
1694,2021-09-26 10:49:14,37250.0,400.0,1230700.0
1695,2021-09-26 10:49:14,37250.0,2000.0,1230300.0
1696,2021-09-26 10:49:14,37250.0,500.0,1228300.0
1697,2021-09-26 10:49:14,37250.0,100.0,1227800.0
1698,2021-09-26 10:49:14,37300.0,400.0,1227700.0
1699,2021-09-26 10:49:14,37300.0,100.0,1227300.0
1700,2021-09-26 10:49:14,37300.0,100.0,1227200.0
1701,2021-09-26 10:49:14,37300.0,100.0,1227100.0
1702,2021-09-26 10:49:14,37300.0,100.0,1227000.0
1703,2021-09-26 10:49:14,37300.0,100.0,1226900.0
1704,2021-09-26 10:49:14,37300.0,1800.0,1226800.0
1705,2021-09-26 10:49:14,37300.0,4000.0,1225000.0
1706,2021-09-26 10:49:14,37300.0,100.0,1221000.0
1707,2021-09-26 10:49:14,37300.0,1000.0,1220900.0
1708,2021-09-26 10:49:14,37300.0,5000.0,1219900.0
1709,2021-09-26 10:49:14,37300.0,100.0,1214900.0
1710,2021-09-26 10:49:14,37300.0,400.0,1214800.0
1711,2021-09-26 10:49:13,37300.0,3000.0,1214400.0
1712,2021-09-26 10:49:12,37300.0,700.0,1211400.0
1713,2021-09-26 10:49:12,37300.0,100.0,1210700.0
1714,2021-09-26 10:49:12,37300.0,500.0,1210600.0
1715,2021-09-26 10:49:12,37300.0,2000.0,1210100.0
1716,2021-09-26 10:49:12,37300.0,400.0,1208100.0
1717,2021-09-26 10:49:12,37300.0,300.0,1207700.0
1718,2021-09-26 10:49:08,37300.0,400.0,1207400.0
1719,2021-09-26 10:48:59,37300.0,2300.0,1207000.0
1720,2021-09-26 10:48:59,37300.0,100.0,1204700.0
1721,2021-09-26 10:48:59,37300.0,100.0,1204600.0
1722,2021-09-26 10:48:59,37300.0,100.0,1204500.0
1723,2021-09-26 10:48:59,37300.0,200.0,1204400.0
1724,2021-09-26 10:48:59,37300.0,200.0,1204200.0
1725,2021-09-26 10:48:59,37300.0,100.0,1204000.0
1726,2021-09-26 10:48:59,37300.0,100.0,1203900.0
1727,2021-09-26 10:48:59,37300.0,1000.0,1203800.0
1728,2021-09-26 10:48:59,37300.0,200.0,1202800.0
1729,2021-09-26 10:48:59,37300.0,300.0,1202600.0
1730,2021-09-26 10:48:59,37300.0,100.0,1202300.0
1731,2021-09-26 10:48:59,37300.0,100.0,1202200.0
1732,2021-09-26 10:48:59,37300.0,1000.0,1202100.0
1733,2021-09-26 10:48:59,37300.0,800.0,1201100.0
1734,2021-09-26 10:48:59,37300.0,100.0,1200300.0
1735,2021-09-26 10:48:59,37300.0,100.0,1200200.0
1736,2021-09-26 10:48:59,37300.0,3000.0,1200100.0
1737,2021-09-26 10:48:59,37300.0,100.0,1197100.0
1738,2021-09-26 10:48:58,37350.0,1900.0,1197000.0
1739,2021-09-26 10:48:58,37350.0,100.0,1195100.0
1740,2021-09-26 10:48:54,37300.0,400.0,1195000.0
1741,2021-09-26 10:48:54,37300.0,100.0,1194600.0
1742,2021-09-26 10:48:54,37300.0,300.0,1194500.0
1743,2021-09-26 10:48:54,37300.0,200.0,1194200.0
1744,2021-09-26 10:48:54,37300.0,100.0,1194000.0
1745,2021-09-26 10:48:54,37300.0,1400.0,1193900.0
1746,2021-09-26 10:48:54,37300.0,1000.0,1192500.0
1747,2021-09-26 10:48:54,37300.0,1000.0,1191500.0
1748,2021-09-26 10:48:54,37300.0,200.0,1190500.0
1749,2021-09-26 10:48:54,37300.0,5300.0,1190300.0
1750,2021-09-26 10:48:38,37300.0,1500.0,1185000.0
1751,2021-09-26 10:48:30,37350.0,1000.0,1183500.0
1752,2021-09-26 10:48:22,37350.0,300.0,1182500.0
1753,2021-09-26 10:48:20,37300.0,200.0,1182200.0
1754,2021-09-26 10:48:05,37300.0,1000.0,1182000.0
1755,2021-09-26 10:47:56,37350.0,1000.0,1181000.0
1756,2021-09-26 10:47:54,37300.0,200.0,1180000.0
1757,2021-09-26 10:47:53,37300.0,6800.0,1179800.0
1758,2021-09-26 10:47:53,37300.0,1000.0,1173000.0
1759,2021-09-26 10:47:53,37300.0,800.0,1172000.0
1760,2021-09-26 10:47:40,37350.0,300.0,1171200.0
1761,2021-09-26 10:47:40,37350.0,300.0,1170900.0
1762,2021-09-26 10:47:40,37350.0,200.0,1170600.0
1763,2021-09-26 10:47:08,37350.0,100.0,1170400.0
1764,2021-09-26 10:47:04,37350.0,1000.0,1170300.0
1765,2021-09-26 10:46:59,37350.0,100.0,1169300.0
1766,2021-09-26 10:46:54,37350.0,200.0,1169200.0
1767,2021-09-26 10:46:54,37350.0,800.0,1169000.0
1768,2021-09-26 10:46:53,37300.0,200.0,1168200.0
1769,2021-09-26 10:46:53,37300.0,800.0,1168000.0
1770,2021-09-26 10:46:48,37300.0,500.0,1167200.0
1771,2021-09-26 10:46:46,37350.0,100.0,1166700.0
1772,2021-09-26 10:46:45,37300.0,100.0,1166600.0
1773,2021-09-26 10:46:36,37300.0,100.0,1166500.0
1774,2021-09-26 10:46:23,37300.0,500.0,1166400.0
1775,2021-09-26 10:46:10,37350.0,100.0,1165900.0
1776,2021-09-26 10:46:04,37350.0,500.0,1165800.0
1777,2021-09-26 10:46:04,37350.0,300.0,1165300.0
1778,2021-09-26 10:45:49,37350.0,200.0,1165000.0
1779,2021-09-26 10:45:44,37400.0,100.0,1164800.0
1780,2021-09-26 10:45:31,37350.0,1000.0,1164700.0
1781,2021-09-26 10:45:31,37350.0,3000.0,1163700.0
1782,2021-09-26 10:45:31,37350.0,100.0,1160700.0
1783,2021-09-26 10:45:31,37350.0,300.0,1160600.0
1784,2021-09-26 10:45:31,37350.0,1500.0,1160300.0
1785,2021-09-26 10:45:31,37350.0,400.0,1158800.0
1786,2021-09-26 10:45:31,37350.0,1000.0,1158400.0
1787,2021-09-26 10:45:31,37350.0,500.0,1157400.0
1788,2021-09-26 10:45:31,37350.0,1000.0,1156900.0
1789,2021-09-26 10:45:31,37350.0,200.0,1155900.0
1790,2021-09-26 10:45:31,37350.0,200.0,1155700.0
1791,2021-09-26 10:45:31,37350.0,100.0,1155500.0
1792,2021-09-26 10:45:31,37350.0,300.0,1155400.0
1793,2021-09-26 10:45:31,37350.0,1100.0,1155100.0
1794,2021-09-26 10:45:31,37350.0,100.0,1154000.0
1795,2021-09-26 10:45:31,37350.0,500.0,1153900.0
1796,2021-09-26 10:45:31,37350.0,100.0,1153400.0
1797,2021-09-26 10:45:31,37350.0,300.0,1153300.0
1798,2021-09-26 10:45:31,37350.0,100.0,1153000.0
1799,2021-09-26 10:45:31,37350.0,400.0,1152900.0
1800,2021-09-26 10:45:31,37350.0,100.0,1152500.0
1801,2021-09-26 10:45:31,37350.0,400.0,1152400.0
1802,2021-09-26 10:45:31,37350.0,100.0,1152000.0
1803,2021-09-26 10:45:31,37350.0,200.0,1151900.0
1804,2021-09-26 10:45:31,37350.0,500.0,1151700.0
1805,2021-09-26 10:45:30,37350.0,200.0,1151200.0
1806,2021-09-26 10:45:16,37400.0,400.0,1151000.0
1807,2021-09-26 10:45:12,37350.0,300.0,1150600.0
1808,2021-09-26 10:45:12,37350.0,500.0,1150300.0
1809,2021-09-26 10:45:12,37350.0,100.0,1149800.0
1810,2021-09-26 10:45:12,37350.0,100.0,1149700.0
1811,2021-09-26 10:44:51,37400.0,300.0,1149600.0
1812,2021-09-26 10:44:47,37400.0,900.0,1149300.0
1813,2021-09-26 10:44:47,37400.0,200.0,1148400.0
1814,2021-09-26 10:44:47,37400.0,2900.0,1148200.0
1815,2021-09-26 10:44:44,37400.0,100.0,1145300.0
1816,2021-09-26 10:44:40,37400.0,100.0,1145200.0
1817,2021-09-26 10:44:32,37400.0,200.0,1145100.0
1818,2021-09-26 10:44:29,37400.0,1000.0,1144900.0
1819,2021-09-26 10:44:29,37400.0,100.0,1143900.0
1820,2021-09-26 10:44:29,37400.0,100.0,1143800.0
1821,2021-09-26 10:44:29,37400.0,500.0,1143700.0
1822,2021-09-26 10:44:12,37400.0,1000.0,1143200.0
1823,2021-09-26 10:44:06,37400.0,1000.0,1142200.0
1824,2021-09-26 10:43:52,37400.0,200.0,1141200.0
1825,2021-09-26 10:43:49,37400.0,200.0,1141000.0
1826,2021-09-26 10:43:48,37400.0,1000.0,1140800.0
1827,2021-09-26 10:43:35,37400.0,6100.0,1139800.0
1828,2021-09-26 10:43:35,37400.0,900.0,1133700.0
1829,2021-09-26 10:43:35,37400.0,100.0,1132800.0
1830,2021-09-26 10:43:35,37400.0,100.0,1132700.0
1831,2021-09-26 10:43:35,37400.0,500.0,1132600.0
1832,2021-09-26 10:43:35,37400.0,300.0,1132100.0
1833,2021-09-26 10:43:35,37400.0,1000.0,1131800.0
1834,2021-09-26 10:43:35,37400.0,600.0,1130800.0
1835,2021-09-26 10:43:35,37400.0,400.0,1130200.0
1836,2021-09-26 10:43:13,37400.0,9600.0,1129800.0
1837,2021-09-26 10:43:13,37400.0,200.0,1120200.0
1838,2021-09-26 10:43:13,37400.0,200.0,1120000.0
1839,2021-09-26 10:43:01,37400.0,500.0,1119800.0
1840,2021-09-26 10:42:40,37400.0,100.0,1119300.0
1841,2021-09-26 10:42:36,37400.0,2000.0,1119200.0
1842,2021-09-26 10:41:55,37400.0,700.0,1117200.0
1843,2021-09-26 10:41:38,37400.0,1500.0,1116500.0
1844,2021-09-26 10:41:38,37400.0,100.0,1115000.0
1845,2021-09-26 10:41:38,37400.0,100.0,1114900.0
1846,2021-09-26 10:41:38,37400.0,800.0,1114800.0
1847,2021-09-26 10:41:38,37400.0,800.0,1114000.0
1848,2021-09-26 10:41:38,37400.0,200.0,1113200.0
1849,2021-09-26 10:41:38,37400.0,500.0,1113000.0
1850,2021-09-26 10:41:38,37400.0,100.0,1112500.0
1851,2021-09-26 10:41:38,37400.0,100.0,1112400.0
1852,2021-09-26 10:41:38,37400.0,100.0,1112300.0
1853,2021-09-26 10:41:38,37400.0,1000.0,1112200.0
1854,2021-09-26 10:41:38,37400.0,1700.0,1111200.0
1855,2021-09-26 10:41:35,37400.0,300.0,1109500.0
1856,2021-09-26 10:41:35,37400.0,100.0,1109200.0
1857,2021-09-26 10:41:35,37400.0,600.0,1109100.0
1858,2021-09-26 10:41:29,37400.0,200.0,1108500.0
1859,2021-09-26 10:41:14,37400.0,1000.0,1108300.0
1860,2021-09-26 10:40:55,37400.0,1200.0,1107300.0
1861,2021-09-26 10:40:55,37400.0,100.0,1106100.0
1862,2021-09-26 10:40:55,37400.0,1000.0,1106000.0
1863,2021-09-26 10:40:55,37400.0,100.0,1105000.0
1864,2021-09-26 10:40:55,37400.0,300.0,1104900.0
1865,2021-09-26 10:40:55,37400.0,1100.0,1104600.0
1866,2021-09-26 10:40:55,37400.0,100.0,1103500.0
1867,2021-09-26 10:40:55,37400.0,500.0,1103400.0
1868,2021-09-26 10:40:55,37400.0,500.0,1102900.0
1869,2021-09-26 10:40:55,37400.0,500.0,1102400.0
1870,2021-09-26 10:40:55,37400.0,100.0,1101900.0
1871,2021-09-26 10:40:55,37400.0,100.0,1101800.0
1872,2021-09-26 10:40:55,37400.0,1000.0,1101700.0
1873,2021-09-26 10:40:55,37400.0,1000.0,1100700.0
1874,2021-09-26 10:40:55,37400.0,1000.0,1099700.0
1875,2021-09-26 10:40:55,37400.0,200.0,1098700.0
1876,2021-09-26 10:40:55,37400.0,2300.0,1098500.0
1877,2021-09-26 10:40:55,37400.0,300.0,1096200.0
1878,2021-09-26 10:40:55,37400.0,300.0,1095900.0
1879,2021-09-26 10:40:55,37400.0,4000.0,1095600.0
1880,2021-09-26 10:40:55,37400.0,500.0,1091600.0
1881,2021-09-26 10:40:55,37400.0,300.0,1091100.0
1882,2021-09-26 10:40:55,37400.0,1200.0,1090800.0
1883,2021-09-26 10:40:55,37400.0,1000.0,1089600.0
1884,2021-09-26 10:40:55,37400.0,1300.0,1088600.0
1885,2021-09-26 10:40:33,37450.0,100.0,1087300.0
1886,2021-09-26 10:40:22,37450.0,100.0,1087200.0
1887,2021-09-26 10:39:52,37450.0,300.0,1087100.0
1888,2021-09-26 10:39:51,37450.0,500.0,1086800.0
1889,2021-09-26 10:39:51,37450.0,100.0,1086300.0
1890,2021-09-26 10:39:51,37450.0,300.0,1086200.0
1891,2021-09-26 10:39:39,37500.0,5000.0,1085900.0
1892,2021-09-26 10:39:27,37450.0,1000.0,1080900.0
1893,2021-09-26 10:39:24,37450.0,200.0,1079900.0
1894,2021-09-26 10:39:15,37450.0,3500.0,1079700.0
1895,2021-09-26 10:39:15,37450.0,500.0,1076200.0
1896,2021-09-26 10:39:15,37450.0,700.0,1075700.0
1897,2021-09-26 10:39:10,37450.0,100.0,1075000.0
1898,2021-09-26 10:39:10,37450.0,100.0,1074900.0
1899,2021-09-26 10:39:10,37450.0,100.0,1074800.0
1900,2021-09-26 10:39:10,37450.0,100.0,1074700.0
1901,2021-09-26 10:38:57,37450.0,100.0,1074600.0
1902,2021-09-26 10:38:57,37450.0,1000.0,1074500.0
1903,2021-09-26 10:38:57,37450.0,1900.0,1073500.0
1904,2021-09-26 10:38:45,37500.0,500.0,1071600.0
1905,2021-09-26 10:38:11,37500.0,1000.0,1071100.0
1906,2021-09-26 10:37:59,37500.0,5000.0,1070100.0
1907,2021-09-26 10:37:54,37450.0,10000.0,1065100.0
1908,2021-09-26 10:37:53,37500.0,500.0,1055100.0
1909,2021-09-26 10:37:52,37500.0,2000.0,1054600.0
1910,2021-09-26 10:37:35,37500.0,5000.0,1052600.0
1911,2021-09-26 10:37:24,37500.0,100.0,1047600.0
1912,2021-09-26 10:37:10,37500.0,1600.0,1047500.0
1913,2021-09-26 10:37:09,37450.0,1000.0,1045900.0
1914,2021-09-26 10:36:52,37450.0,2300.0,1044900.0
1915,2021-09-26 10:36:52,37450.0,700.0,1042600.0
1916,2021-09-26 10:36:48,37450.0,500.0,1041900.0
1917,2021-09-26 10:36:25,37450.0,1800.0,1041400.0
1918,2021-09-26 10:35:54,37450.0,2000.0,1039600.0
1919,2021-09-26 10:35:11,37450.0,2000.0,1037600.0
1920,2021-09-26 10:34:45,37500.0,2000.0,1035600.0
1921,2021-09-26 10:34:45,37450.0,1700.0,1033600.0
1922,2021-09-26 10:34:44,37450.0,100.0,1031900.0
1923,2021-09-26 10:34:28,37400.0,1000.0,1031800.0
1924,2021-09-26 10:34:25,37450.0,2700.0,1030800.0
1925,2021-09-26 10:34:25,37450.0,2000.0,1028100.0
1926,2021-09-26 10:34:25,37450.0,500.0,1026100.0
1927,2021-09-26 10:34:16,37450.0,500.0,1025600.0
1928,2021-09-26 10:34:14,37450.0,1600.0,1025100.0
1929,2021-09-26 10:33:44,37500.0,100.0,1023500.0
1930,2021-09-26 10:33:12,37450.0,300.0,1023400.0
1931,2021-09-26 10:33:12,37450.0,2400.0,1023100.0
1932,2021-09-26 10:33:04,37450.0,100.0,1020700.0
1933,2021-09-26 10:33:04,37450.0,1000.0,1020600.0
1934,2021-09-26 10:33:04,37450.0,100.0,1019600.0
1935,2021-09-26 10:33:04,37450.0,200.0,1019500.0
1936,2021-09-26 10:33:04,37450.0,500.0,1019300.0
1937,2021-09-26 10:33:04,37450.0,700.0,1018800.0
1938,2021-09-26 10:32:48,37450.0,200.0,1018100.0
1939,2021-09-26 10:32:40,37450.0,1000.0,1017900.0
1940,2021-09-26 10:32:07,37450.0,100.0,1016900.0
1941,2021-09-26 10:32:07,37450.0,900.0,1016800.0
1942,2021-09-26 10:31:42,37500.0,100.0,1015900.0
1943,2021-09-26 10:31:42,37500.0,200.0,1015800.0
1944,2021-09-26 10:31:38,37500.0,500.0,1015600.0
1945,2021-09-26 10:31:22,37450.0,300.0,1015100.0
1946,2021-09-26 10:31:12,37450.0,100.0,1014800.0
1947,2021-09-26 10:30:33,37450.0,100.0,1014700.0
1948,2021-09-26 10:30:33,37450.0,200.0,1014600.0
1949,2021-09-26 10:30:33,37450.0,100.0,1014400.0
1950,2021-09-26 10:30:33,37450.0,1300.0,1014300.0
1951,2021-09-26 10:30:30,37450.0,400.0,1013000.0
1952,2021-09-26 10:30:20,37450.0,300.0,1012600.0
1953,2021-09-26 10:30:07,37450.0,100.0,1012300.0
1954,2021-09-26 10:30:07,37450.0,1000.0,1012200.0
1955,2021-09-26 10:30:07,37450.0,900.0,1011200.0
1956,2021-09-26 10:30:07,37450.0,100.0,1010300.0
1957,2021-09-26 10:30:07,37450.0,1500.0,1010200.0
1958,2021-09-26 10:30:07,37450.0,200.0,1008700.0
1959,2021-09-26 10:30:07,37450.0,200.0,1008500.0
1960,2021-09-26 10:30:05,37400.0,700.0,1008300.0
1961,2021-09-26 10:30:05,37400.0,100.0,1007600.0
1962,2021-09-26 10:30:05,37400.0,600.0,1007500.0
1963,2021-09-26 10:30:05,37400.0,600.0,1006900.0
1964,2021-09-26 10:30:02,37400.0,1000.0,1006300.0
1965,2021-09-26 10:29:52,37400.0,1000.0,1005300.0
1966,2021-09-26 10:29:51,37400.0,2000.0,1004300.0
1967,2021-09-26 10:29:51,37450.0,2000.0,1002300.0
1968,2021-09-26 10:29:50,37400.0,200.0,1000300.0
1969,2021-09-26 10:29:41,37400.0,200.0,1000100.0
1970,2021-09-26 10:29:41,37400.0,200.0,999900.0
1971,2021-09-26 10:29:41,37400.0,1000.0,999700.0
1972,2021-09-26 10:29:41,37400.0,100.0,998700.0
1973,2021-09-26 10:29:41,37400.0,100.0,998600.0
1974,2021-09-26 10:29:41,37400.0,500.0,998500.0
1975,2021-09-26 10:29:41,37400.0,200.0,998000.0
1976,2021-09-26 10:29:41,37400.0,1000.0,997800.0
1977,2021-09-26 10:29:28,37400.0,600.0,996800.0
1978,2021-09-26 10:29:20,37400.0,400.0,996200.0
1979,2021-09-26 10:29:20,37400.0,100.0,995800.0
1980,2021-09-26 10:28:58,37400.0,100.0,995700.0
1981,2021-09-26 10:28:58,37400.0,100.0,995600.0
1982,2021-09-26 10:28:58,37400.0,200.0,995500.0
1983,2021-09-26 10:28:46,37400.0,200.0,995300.0
1984,2021-09-26 10:28:35,37400.0,1000.0,995100.0
1985,2021-09-26 10:28:34,37450.0,1000.0,994100.0
1986,2021-09-26 10:28:22,37450.0,3000.0,993100.0
1987,2021-09-26 10:28:20,37400.0,500.0,990100.0
1988,2021-09-26 10:28:19,37400.0,100.0,989600.0
1989,2021-09-26 10:28:19,37400.0,100.0,989500.0
1990,2021-09-26 10:28:07,37400.0,400.0,989400.0
1991,2021-09-26 10:28:07,37400.0,300.0,989000.0
1992,2021-09-26 10:28:07,37400.0,100.0,988700.0
1993,2021-09-26 10:28:07,37400.0,200.0,988600.0
1994,2021-09-26 10:28:00,37400.0,400.0,988400.0
1995,2021-09-26 10:28:00,37400.0,600.0,988000.0
1996,2021-09-26 10:27:46,37450.0,100.0,987400.0
1997,2021-09-26 10:27:41,37450.0,2000.0,987300.0
1998,2021-09-26 10:27:25,37400.0,1000.0,985300.0
1999,2021-09-26 10:27:11,37400.0,300.0,984300.0
2000,2021-09-26 10:27:08,37400.0,100.0,984000.0
2001,2021-09-26 10:27:08,37400.0,2500.0,983900.0
2002,2021-09-26 10:27:08,37400.0,100.0,981400.0
2003,2021-09-26 10:27:08,37400.0,100.0,981300.0
2004,2021-09-26 10:27:08,37400.0,100.0,981200.0
2005,2021-09-26 10:27:08,37400.0,100.0,981100.0
2006,2021-09-26 10:27:08,37400.0,100.0,981000.0
2007,2021-09-26 10:27:08,37400.0,1000.0,980900.0
2008,2021-09-26 10:27:08,37400.0,200.0,979900.0
2009,2021-09-26 10:27:08,37400.0,100.0,979700.0
2010,2021-09-26 10:27:08,37400.0,100.0,979600.0
2011,2021-09-26 10:27:08,37400.0,200.0,979500.0
2012,2021-09-26 10:27:08,37400.0,1000.0,979300.0
2013,2021-09-26 10:27:08,37400.0,1000.0,978300.0
2014,2021-09-26 10:27:08,37400.0,200.0,977300.0
2015,2021-09-26 10:27:08,37400.0,2300.0,977100.0
2016,2021-09-26 10:27:01,37400.0,4700.0,974800.0
2017,2021-09-26 10:26:42,37450.0,100.0,970100.0
2018,2021-09-26 10:26:28,37450.0,1600.0,970000.0
2019,2021-09-26 10:26:14,37450.0,18400.0,968400.0
2020,2021-09-26 10:25:58,37450.0,800.0,950000.0
2021,2021-09-26 10:25:58,37450.0,1400.0,949200.0
2022,2021-09-26 10:25:58,37450.0,100.0,947800.0
2023,2021-09-26 10:25:58,37450.0,500.0,947700.0
2024,2021-09-26 10:25:58,37450.0,100.0,947200.0
2025,2021-09-26 10:25:58,37450.0,4500.0,947100.0
2026,2021-09-26 10:25:58,37450.0,100.0,942600.0
2027,2021-09-26 10:25:58,37450.0,300.0,942500.0
2028,2021-09-26 10:25:58,37450.0,100.0,942200.0
2029,2021-09-26 10:25:58,37450.0,100.0,942100.0
2030,2021-09-26 10:25:58,37450.0,200.0,942000.0
2031,2021-09-26 10:25:58,37450.0,100.0,941800.0
2032,2021-09-26 10:25:58,37450.0,100.0,941700.0
2033,2021-09-26 10:25:58,37450.0,100.0,941600.0
2034,2021-09-26 10:25:58,37450.0,100.0,941500.0
2035,2021-09-26 10:25:58,37450.0,100.0,941400.0
2036,2021-09-26 10:25:58,37450.0,2000.0,941300.0
2037,2021-09-26 10:25:58,37450.0,100.0,939300.0
2038,2021-09-26 10:25:58,37450.0,500.0,939200.0
2039,2021-09-26 10:25:58,37450.0,200.0,938700.0
2040,2021-09-26 10:25:58,37450.0,100.0,938500.0
2041,2021-09-26 10:25:32,37500.0,1500.0,938400.0
2042,2021-09-26 10:25:32,37500.0,100.0,936900.0
2043,2021-09-26 10:25:32,37500.0,1300.0,936800.0
2044,2021-09-26 10:25:32,37500.0,1000.0,935500.0
2045,2021-09-26 10:25:32,37500.0,100.0,934500.0
2046,2021-09-26 10:25:32,37500.0,300.0,934400.0
2047,2021-09-26 10:25:32,37500.0,100.0,934100.0
2048,2021-09-26 10:25:32,37500.0,100.0,934000.0
2049,2021-09-26 10:25:32,37500.0,500.0,933900.0
2050,2021-09-26 10:25:32,37500.0,500.0,933400.0
2051,2021-09-26 10:25:32,37500.0,100.0,932900.0
