,Time,Price,Volume_per_trade,Volume
0,2021-10-19 07:45:01,7270.0,1200.0,7484100.0
1,2021-10-19 07:45:01,7270.0,100.0,7482900.0
2,2021-10-19 07:45:01,7270.0,3700.0,7482800.0
3,2021-10-19 07:45:01,7270.0,1000.0,7479100.0
4,2021-10-19 07:45:01,7270.0,300.0,7478100.0
5,2021-10-19 07:45:01,7270.0,100.0,7477800.0
6,2021-10-19 07:45:01,7270.0,500.0,7477700.0
7,2021-10-19 07:45:01,7270.0,100.0,7477200.0
8,2021-10-19 07:45:01,7270.0,800.0,7477100.0
9,2021-10-19 07:45:01,7270.0,500.0,7476300.0
10,2021-10-19 07:29:26,7270.0,200.0,7475800.0
11,2021-10-19 07:27:46,7270.0,300.0,7475600.0
12,2021-10-19 07:25:47,7270.0,100.0,7475300.0
13,2021-10-19 07:24:57,7270.0,200.0,7475200.0
14,2021-10-19 07:24:04,7270.0,5000.0,7475000.0
15,2021-10-19 07:22:49,7270.0,100.0,7470000.0
16,2021-10-19 07:22:43,7270.0,9000.0,7469900.0
17,2021-10-19 07:22:24,7270.0,400.0,7460900.0
18,2021-10-19 07:21:53,7270.0,800.0,7460500.0
19,2021-10-19 07:19:06,7270.0,800.0,7459700.0
20,2021-10-19 07:16:47,7270.0,1000.0,7458900.0
21,2021-10-19 07:15:10,7270.0,3000.0,7457900.0
22,2021-10-19 07:13:57,7270.0,4000.0,7454900.0
23,2021-10-19 07:13:53,7270.0,5000.0,7450900.0
24,2021-10-19 07:11:22,7270.0,1200.0,7445900.0
25,2021-10-19 07:11:02,7270.0,26800.0,7444700.0
26,2021-10-19 07:10:55,7270.0,200.0,7417900.0
27,2021-10-19 07:09:54,7270.0,15000.0,7417700.0
28,2021-10-19 07:09:01,7270.0,21000.0,7402700.0
29,2021-10-19 07:09:00,7270.0,100.0,7381700.0
30,2021-10-19 07:08:40,7270.0,10000.0,7381600.0
31,2021-10-19 07:06:37,7270.0,2100.0,7371600.0
32,2021-10-19 07:06:09,7270.0,600.0,7369500.0
33,2021-10-19 07:05:34,7270.0,500.0,7368900.0
34,2021-10-19 07:04:22,7270.0,500.0,7368400.0
35,2021-10-19 07:03:44,7270.0,100.0,7367900.0
36,2021-10-19 07:03:43,7270.0,200.0,7367800.0
37,2021-10-19 07:01:58,7270.0,3000.0,7367600.0
38,2021-10-19 07:00:16,7270.0,2700.0,7364600.0
39,2021-10-19 06:58:52,7270.0,8000.0,7361900.0
40,2021-10-19 06:56:12,7270.0,500.0,7353900.0
41,2021-10-19 06:55:24,7270.0,200.0,7353400.0
42,2021-10-19 06:54:51,7270.0,3000.0,7353200.0
43,2021-10-19 06:54:09,7270.0,2300.0,7350200.0
44,2021-10-19 06:53:53,7270.0,300.0,7347900.0
45,2021-10-19 06:53:52,7270.0,400.0,7347600.0
46,2021-10-19 06:53:43,7270.0,5000.0,7347200.0
47,2021-10-19 06:53:07,7270.0,400.0,7342200.0
48,2021-10-19 06:52:57,7270.0,2000.0,7341800.0
49,2021-10-19 06:52:36,7270.0,5000.0,7339800.0
50,2021-10-19 06:52:29,7270.0,500.0,7334800.0
51,2021-10-19 06:51:42,7270.0,3000.0,7334300.0
52,2021-10-19 06:51:36,7270.0,8000.0,7331300.0
53,2021-10-19 06:51:32,7270.0,1000.0,7323300.0
54,2021-10-19 06:51:04,7270.0,100.0,7322300.0
55,2021-10-19 06:50:22,7270.0,2000.0,7322200.0
56,2021-10-19 06:49:45,7270.0,100.0,7320200.0
57,2021-10-19 06:49:33,7270.0,1000.0,7320100.0
58,2021-10-19 06:49:26,7270.0,8000.0,7319100.0
59,2021-10-19 06:49:24,7270.0,100.0,7311100.0
60,2021-10-19 06:48:54,7270.0,300.0,7311000.0
61,2021-10-19 06:48:38,7270.0,2000.0,7310700.0
62,2021-10-19 06:48:01,7270.0,8000.0,7308700.0
63,2021-10-19 06:47:59,7270.0,500.0,7300700.0
64,2021-10-19 06:47:23,7270.0,5000.0,7300200.0
65,2021-10-19 06:46:10,7270.0,200.0,7295200.0
66,2021-10-19 06:45:53,7270.0,1000.0,7295000.0
67,2021-10-19 06:45:09,7270.0,900.0,7294000.0
68,2021-10-19 06:45:01,7270.0,100.0,7293100.0
69,2021-10-19 06:44:51,7270.0,300.0,7293000.0
70,2021-10-19 06:42:52,7270.0,8100.0,7292700.0
71,2021-10-19 06:42:38,7270.0,1000.0,7284600.0
72,2021-10-19 06:39:34,7270.0,200.0,7283600.0
73,2021-10-19 06:38:40,7270.0,700.0,7283400.0
74,2021-10-19 06:38:18,7270.0,500.0,7282700.0
75,2021-10-19 06:38:18,7270.0,500.0,7282200.0
76,2021-10-19 06:37:23,7270.0,200.0,7281700.0
77,2021-10-19 06:35:51,7270.0,1000.0,7281500.0
78,2021-10-19 06:34:45,7270.0,500.0,7280500.0
79,2021-10-19 06:33:32,7270.0,100.0,7280000.0
80,2021-10-19 06:32:54,7270.0,100.0,7279900.0
81,2021-10-19 06:32:42,7270.0,100.0,7279800.0
82,2021-10-19 06:31:18,7270.0,300.0,7279700.0
83,2021-10-19 06:30:56,7270.0,1300.0,7279400.0
84,2021-10-19 06:29:58,7270.0,200.0,7278100.0
85,2021-10-19 06:29:27,7270.0,1000.0,7277900.0
86,2021-10-19 06:27:25,7270.0,300.0,7276900.0
87,2021-10-19 06:26:22,7270.0,1000.0,7276600.0
88,2021-10-19 06:25:38,7270.0,200.0,7275600.0
89,2021-10-19 06:25:18,7270.0,500.0,7275400.0
90,2021-10-19 06:25:16,7270.0,100.0,7274900.0
91,2021-10-19 06:24:37,7270.0,10000.0,7274800.0
92,2021-10-19 06:24:31,7270.0,500.0,7264800.0
93,2021-10-19 06:23:35,7270.0,100.0,7264300.0
94,2021-10-19 06:22:52,7270.0,700.0,7264200.0
95,2021-10-19 06:22:31,7270.0,600.0,7263500.0
96,2021-10-19 06:21:47,7270.0,200.0,7262900.0
97,2021-10-19 06:21:33,7270.0,500.0,7262700.0
98,2021-10-19 06:17:56,7270.0,2000.0,7262200.0
99,2021-10-19 06:17:39,7270.0,500.0,7260200.0
100,2021-10-19 06:16:05,7270.0,1000.0,7259700.0
101,2021-10-19 06:14:50,7270.0,200.0,7258700.0
102,2021-10-19 06:13:45,7270.0,100.0,7258500.0
103,2021-10-19 06:13:27,7270.0,200.0,7258400.0
104,2021-10-19 06:13:24,7270.0,300.0,7258200.0
105,2021-10-19 06:11:17,7270.0,100.0,7257900.0
106,2021-10-19 06:10:50,7270.0,500.0,7257800.0
107,2021-10-19 06:10:36,7270.0,100.0,7257300.0
108,2021-10-19 06:10:31,7270.0,1700.0,7257200.0
109,2021-10-19 06:09:43,7270.0,500.0,7255500.0
110,2021-10-19 06:08:34,7270.0,800.0,7255000.0
111,2021-10-19 06:07:55,7270.0,100.0,7254200.0
112,2021-10-19 06:07:19,7270.0,100.0,7254100.0
113,2021-10-19 06:07:15,7270.0,200.0,7254000.0
114,2021-10-19 06:06:18,7270.0,200.0,7253800.0
115,2021-10-19 06:05:34,7270.0,11000.0,7253600.0
116,2021-10-19 06:05:28,7270.0,4000.0,7242600.0
117,2021-10-19 06:05:19,7270.0,600.0,7238600.0
118,2021-10-19 06:05:09,7270.0,2000.0,7238000.0
119,2021-10-19 06:04:47,7270.0,1000.0,7236000.0
120,2021-10-19 06:04:27,7270.0,2000.0,7235000.0
121,2021-10-19 06:04:17,7270.0,3000.0,7233000.0
122,2021-10-19 06:03:05,7270.0,53800.0,7230000.0
123,2021-10-19 06:02:06,7270.0,26200.0,7176200.0
124,2021-10-19 06:02:06,7270.0,73800.0,7150000.0
125,2021-10-19 06:01:59,7270.0,100000.0,7076200.0
126,2021-10-19 06:01:29,7270.0,22800.0,6976200.0
127,2021-10-19 06:00:33,7270.0,900.0,6953400.0
128,2021-10-19 06:00:31,7270.0,500.0,6952500.0
129,2021-10-19 06:00:28,7270.0,2000.0,6952000.0
130,2021-10-19 06:00:25,7270.0,6000.0,6950000.0
131,2021-10-19 06:00:25,7270.0,100.0,6944000.0
132,2021-10-19 06:00:24,7270.0,6100.0,6943900.0
133,2021-10-19 06:00:23,7270.0,1400.0,6937800.0
134,2021-10-19 06:00:21,7270.0,6000.0,6936400.0
135,2021-10-19 06:00:17,7270.0,6000.0,6930400.0
136,2021-10-19 06:00:15,7270.0,600.0,6924400.0
137,2021-10-19 06:00:13,7270.0,500.0,6923800.0
138,2021-10-19 06:00:13,7270.0,2900.0,6923300.0
139,2021-10-19 06:00:12,7270.0,29800.0,6920400.0
140,2021-10-19 06:00:11,7270.0,300.0,6890600.0
141,2021-10-19 06:00:11,7270.0,1000.0,6890300.0
142,2021-10-19 06:00:10,7270.0,300.0,6889300.0
143,2021-10-19 06:00:10,7270.0,200.0,6889000.0
144,2021-10-19 06:00:08,7270.0,100.0,6888800.0
145,2021-10-19 06:00:06,7270.0,17000.0,6888700.0
146,2021-10-19 06:00:06,7270.0,400.0,6871700.0
147,2021-10-19 06:00:05,7270.0,5000.0,6871300.0
148,2021-10-19 06:00:04,7270.0,100.0,6866300.0
149,2021-10-19 06:00:03,7270.0,200.0,6866200.0
150,2021-10-19 06:00:03,7270.0,800.0,6866000.0
151,2021-10-19 06:00:02,7270.0,5000.0,6865200.0
152,2021-10-19 06:00:01,7270.0,120000.0,6860200.0
153,2021-10-19 06:00:01,7270.0,2000.0,6740200.0
154,2021-10-19 06:00:01,7270.0,700.0,6738200.0
155,2021-10-19 06:00:01,7270.0,1000.0,6737500.0
156,2021-10-19 06:00:01,7270.0,2000.0,6736500.0
157,2021-10-19 06:00:01,7270.0,2000.0,6734500.0
158,2021-10-19 06:00:00,7270.0,500.0,6732500.0
159,2021-10-19 06:00:00,7270.0,200.0,6732000.0
160,2021-10-19 06:00:00,7270.0,400.0,6731800.0
161,2021-10-19 06:00:00,7270.0,2400.0,6731400.0
162,2021-10-19 06:00:00,7270.0,3000.0,6729000.0
163,2021-10-19 06:00:00,7270.0,100.0,6726000.0
164,2021-10-19 06:00:00,7270.0,200.0,6725900.0
165,2021-10-19 06:00:00,7270.0,500.0,6725700.0
166,2021-10-19 06:00:00,7270.0,500.0,6725200.0
167,2021-10-19 06:00:00,7270.0,2200.0,6724700.0
168,2021-10-19 06:00:00,7270.0,1000.0,6722500.0
169,2021-10-19 06:00:00,7270.0,400.0,6721500.0
170,2021-10-19 06:00:00,7270.0,400.0,6721100.0
171,2021-10-19 04:29:48,7270.0,5600.0,6720700.0
172,2021-10-19 04:29:13,7270.0,1000.0,6715100.0
173,2021-10-19 04:29:13,7270.0,5000.0,6714100.0
174,2021-10-19 04:29:12,7270.0,5000.0,6709100.0
175,2021-10-19 04:29:09,7270.0,400.0,6704100.0
176,2021-10-19 04:28:46,7270.0,1500.0,6703700.0
177,2021-10-19 04:28:42,7270.0,2800.0,6702200.0
178,2021-10-19 04:28:36,7270.0,2900.0,6699400.0
179,2021-10-19 04:28:31,7270.0,100.0,6696500.0
180,2021-10-19 04:28:04,7270.0,3700.0,6696400.0
181,2021-10-19 04:27:17,7270.0,2000.0,6692700.0
182,2021-10-19 04:27:17,7270.0,1300.0,6690700.0
183,2021-10-19 04:27:03,7270.0,1500.0,6689400.0
184,2021-10-19 04:26:45,7270.0,12700.0,6687900.0
185,2021-10-19 04:26:40,7270.0,300.0,6675200.0
186,2021-10-19 04:26:37,7270.0,200.0,6674900.0
187,2021-10-19 04:26:30,7270.0,100.0,6674700.0
188,2021-10-19 04:26:21,7270.0,100.0,6674600.0
189,2021-10-19 04:26:19,7270.0,5000.0,6674500.0
190,2021-10-19 04:26:16,7270.0,5000.0,6669500.0
191,2021-10-19 04:26:14,7270.0,500.0,6664500.0
192,2021-10-19 04:26:10,7270.0,1000.0,6664000.0
193,2021-10-19 04:26:03,7270.0,600.0,6663000.0
194,2021-10-19 04:25:59,7270.0,2000.0,6662400.0
195,2021-10-19 04:25:54,7270.0,5000.0,6660400.0
196,2021-10-19 04:25:51,7270.0,200.0,6655400.0
197,2021-10-19 04:25:38,7270.0,1000.0,6655200.0
198,2021-10-19 04:25:32,7270.0,2000.0,6654200.0
199,2021-10-19 04:25:23,7270.0,400.0,6652200.0
200,2021-10-19 04:25:18,7270.0,600.0,6651800.0
201,2021-10-19 04:25:00,7270.0,1000.0,6651200.0
202,2021-10-19 04:24:50,7270.0,200.0,6650200.0
203,2021-10-19 04:24:50,7270.0,100.0,6650000.0
204,2021-10-19 04:24:41,7270.0,500.0,6649900.0
205,2021-10-19 04:24:38,7270.0,500.0,6649400.0
206,2021-10-19 04:24:29,7270.0,200.0,6648900.0
207,2021-10-19 04:24:26,7270.0,100.0,6648700.0
208,2021-10-19 04:24:13,7270.0,1000.0,6648600.0
209,2021-10-19 04:24:08,7270.0,100.0,6647600.0
210,2021-10-19 04:24:03,7270.0,100.0,6647500.0
211,2021-10-19 04:23:42,7270.0,5000.0,6647400.0
212,2021-10-19 04:23:34,7270.0,1000.0,6642400.0
213,2021-10-19 04:23:29,7270.0,400.0,6641400.0
214,2021-10-19 04:23:29,7270.0,1600.0,6641000.0
215,2021-10-19 04:23:27,7270.0,100.0,6639400.0
216,2021-10-19 04:23:25,7270.0,300.0,6639300.0
217,2021-10-19 04:23:25,7270.0,200.0,6639000.0
218,2021-10-19 04:23:24,7270.0,1000.0,6638800.0
219,2021-10-19 04:23:24,7270.0,1000.0,6637800.0
220,2021-10-19 04:23:23,7270.0,100.0,6636800.0
221,2021-10-19 04:23:22,7270.0,100.0,6636700.0
222,2021-10-19 04:23:22,7270.0,200.0,6636600.0
223,2021-10-19 04:23:22,7270.0,5000.0,6636400.0
224,2021-10-19 04:23:22,7270.0,5300.0,6631400.0
225,2021-10-19 04:23:21,7270.0,400.0,6626100.0
226,2021-10-19 04:23:21,7270.0,2300.0,6625700.0
227,2021-10-19 04:23:21,7270.0,100.0,6623400.0
228,2021-10-19 04:23:21,7270.0,1000.0,6623300.0
229,2021-10-19 04:23:21,7270.0,1000.0,6622300.0
230,2021-10-19 04:23:21,7270.0,5000.0,6621300.0
231,2021-10-19 04:23:21,7270.0,7200.0,6616300.0
232,2021-10-19 04:23:21,7270.0,300.0,6609100.0
233,2021-10-19 04:23:21,7270.0,100.0,6608800.0
234,2021-10-19 04:23:21,7270.0,2900.0,6608700.0
235,2021-10-19 04:23:21,7270.0,100.0,6605800.0
236,2021-10-19 04:23:21,7270.0,500.0,6605700.0
237,2021-10-19 04:23:21,7270.0,200.0,6605200.0
238,2021-10-19 04:23:21,7270.0,2000.0,6605000.0
239,2021-10-19 04:23:21,7270.0,1000.0,6603000.0
240,2021-10-19 04:23:21,7270.0,1000.0,6602000.0
241,2021-10-19 04:23:21,7270.0,1000.0,6601000.0
242,2021-10-19 04:23:21,7270.0,5000.0,6600000.0
243,2021-10-19 04:23:21,7270.0,1000.0,6595000.0
244,2021-10-19 04:23:21,7270.0,100.0,6594000.0
245,2021-10-19 04:23:21,7270.0,100.0,6593900.0
246,2021-10-19 04:23:21,7270.0,1500.0,6593800.0
247,2021-10-19 04:23:21,7270.0,6400.0,6592300.0
248,2021-10-19 04:23:21,7270.0,15000.0,6585900.0
249,2021-10-19 04:23:21,7270.0,3000.0,6570900.0
250,2021-10-19 04:23:21,7270.0,500.0,6567900.0
251,2021-10-19 04:23:21,7270.0,500.0,6567400.0
252,2021-10-19 04:23:21,7270.0,16400.0,6566900.0
253,2021-10-19 04:23:20,7270.0,2000.0,6550500.0
254,2021-10-19 04:23:19,7270.0,800.0,6548500.0
255,2021-10-19 04:23:19,7270.0,100.0,6547700.0
256,2021-10-19 04:23:19,7270.0,700.0,6547600.0
257,2021-10-19 04:23:19,7270.0,1000.0,6546900.0
258,2021-10-19 04:23:19,7270.0,2000.0,6545900.0
259,2021-10-19 04:23:19,7270.0,100.0,6543900.0
260,2021-10-19 04:23:19,7270.0,500.0,6543800.0
261,2021-10-19 04:23:19,7270.0,300.0,6543300.0
262,2021-10-19 04:23:19,7270.0,200.0,6543000.0
263,2021-10-19 04:23:19,7270.0,1000.0,6542800.0
264,2021-10-19 04:23:19,7270.0,8200.0,6541800.0
265,2021-10-19 04:23:18,7270.0,1800.0,6533600.0
266,2021-10-19 04:23:18,7270.0,200.0,6531800.0
267,2021-10-19 04:23:16,7270.0,800.0,6531600.0
268,2021-10-19 04:23:16,7270.0,100.0,6530800.0
269,2021-10-19 04:23:16,7270.0,3400.0,6530700.0
270,2021-10-19 04:23:14,7270.0,1600.0,6527300.0
271,2021-10-19 04:23:14,7270.0,400.0,6525700.0
272,2021-10-19 04:23:14,7270.0,100.0,6525300.0
273,2021-10-19 04:23:13,7270.0,100.0,6525200.0
274,2021-10-19 04:23:13,7270.0,100.0,6525100.0
275,2021-10-19 04:23:13,7270.0,1000.0,6525000.0
276,2021-10-19 04:23:13,7270.0,100.0,6524000.0
277,2021-10-19 04:23:09,7270.0,100.0,6523900.0
278,2021-10-19 04:23:09,7270.0,2000.0,6523800.0
279,2021-10-19 04:23:09,7270.0,7900.0,6521800.0
280,2021-10-19 04:23:09,7270.0,2100.0,6513900.0
281,2021-10-19 04:23:09,7270.0,500.0,6511800.0
282,2021-10-19 04:23:09,7270.0,500.0,6511300.0
283,2021-10-19 04:23:09,7270.0,1000.0,6510800.0
284,2021-10-19 04:23:09,7270.0,200.0,6509800.0
285,2021-10-19 04:23:09,7270.0,500.0,6509600.0
286,2021-10-19 04:23:09,7270.0,100.0,6509100.0
287,2021-10-19 04:23:09,7270.0,3500.0,6509000.0
288,2021-10-19 04:23:09,7270.0,500.0,6505500.0
289,2021-10-19 04:23:09,7270.0,16100.0,6505000.0
290,2021-10-19 04:23:08,7270.0,300.0,6488900.0
291,2021-10-19 04:23:07,7270.0,2000.0,6488600.0
292,2021-10-19 04:23:04,7270.0,1600.0,6486600.0
293,2021-10-19 04:23:04,7270.0,1000.0,6485000.0
294,2021-10-19 04:23:04,7270.0,2400.0,6484000.0
295,2021-10-19 04:23:03,7270.0,1600.0,6481600.0
296,2021-10-19 04:23:03,7270.0,400.0,6480000.0
297,2021-10-19 04:23:02,7270.0,500.0,6479600.0
298,2021-10-19 04:23:01,7270.0,300.0,6479100.0
299,2021-10-19 04:23:00,7260.0,1800.0,6478800.0
300,2021-10-19 04:23:00,7260.0,200.0,6477000.0
301,2021-10-19 04:23:00,7270.0,500.0,6476800.0
302,2021-10-19 04:22:53,7270.0,300.0,6476300.0
303,2021-10-19 04:22:53,7270.0,3000.0,6476000.0
304,2021-10-19 04:22:53,7270.0,100.0,6473000.0
305,2021-10-19 04:22:53,7270.0,100.0,6472900.0
306,2021-10-19 04:22:53,7270.0,2000.0,6472800.0
307,2021-10-19 04:22:53,7270.0,10000.0,6470800.0
308,2021-10-19 04:22:53,7270.0,7800.0,6460800.0
309,2021-10-19 04:22:51,7270.0,2200.0,6453000.0
310,2021-10-19 04:22:51,7270.0,300.0,6450800.0
311,2021-10-19 04:22:51,7270.0,1000.0,6450500.0
312,2021-10-19 04:22:51,7270.0,100.0,6449500.0
313,2021-10-19 04:22:50,7270.0,1500.0,6449400.0
314,2021-10-19 04:22:49,7270.0,100.0,6447900.0
315,2021-10-19 04:22:47,7270.0,1600.0,6447800.0
316,2021-10-19 04:22:47,7270.0,900.0,6446200.0
317,2021-10-19 04:22:46,7270.0,10000.0,6445300.0
318,2021-10-19 04:22:44,7270.0,30800.0,6435300.0
319,2021-10-19 04:22:44,7270.0,3000.0,6404500.0
320,2021-10-19 04:22:44,7270.0,2000.0,6401500.0
321,2021-10-19 04:22:44,7270.0,200.0,6399500.0
322,2021-10-19 04:22:44,7270.0,500.0,6399300.0
323,2021-10-19 04:22:44,7270.0,1000.0,6398800.0
324,2021-10-19 04:22:44,7270.0,1000.0,6397800.0
325,2021-10-19 04:22:44,7270.0,100.0,6396800.0
326,2021-10-19 04:22:44,7270.0,1000.0,6396700.0
327,2021-10-19 04:22:44,7270.0,700.0,6395700.0
328,2021-10-19 04:22:44,7270.0,5700.0,6395000.0
329,2021-10-19 04:22:39,7270.0,1200.0,6389300.0
330,2021-10-19 04:22:39,7270.0,100.0,6388100.0
331,2021-10-19 04:22:39,7270.0,200.0,6388000.0
332,2021-10-19 04:22:39,7270.0,400.0,6387800.0
333,2021-10-19 04:22:39,7270.0,300.0,6387400.0
334,2021-10-19 04:22:39,7270.0,400.0,6387100.0
335,2021-10-19 04:22:39,7270.0,500.0,6386700.0
336,2021-10-19 04:22:39,7270.0,500.0,6386200.0
337,2021-10-19 04:22:39,7270.0,17600.0,6385700.0
338,2021-10-19 04:22:39,7270.0,700.0,6368100.0
339,2021-10-19 04:22:39,7270.0,1000.0,6367400.0
340,2021-10-19 04:22:39,7270.0,3000.0,6366400.0
341,2021-10-19 04:22:39,7270.0,36000.0,6363400.0
342,2021-10-19 04:22:39,7270.0,20600.0,6327400.0
343,2021-10-19 04:22:39,7270.0,5000.0,6306800.0
344,2021-10-19 04:22:39,7270.0,1200.0,6301800.0
345,2021-10-19 04:22:39,7270.0,100.0,6300600.0
346,2021-10-19 04:22:39,7270.0,1000.0,6300500.0
347,2021-10-19 04:22:39,7270.0,9000.0,6299500.0
348,2021-10-19 04:22:39,7270.0,1000.0,6290500.0
349,2021-10-19 04:22:39,7270.0,500.0,6289500.0
350,2021-10-19 04:22:39,7270.0,200.0,6289000.0
351,2021-10-19 04:22:39,7270.0,1000.0,6288800.0
352,2021-10-19 04:22:39,7270.0,500.0,6287800.0
353,2021-10-19 04:22:39,7270.0,500.0,6287300.0
354,2021-10-19 04:22:39,7270.0,1000.0,6286800.0
355,2021-10-19 04:22:39,7270.0,500.0,6285800.0
356,2021-10-19 04:22:39,7270.0,1000.0,6285300.0
357,2021-10-19 04:22:39,7270.0,1000.0,6284300.0
358,2021-10-19 04:22:39,7270.0,18000.0,6283300.0
359,2021-10-19 04:22:39,7270.0,400.0,6265300.0
360,2021-10-19 04:22:39,7270.0,100.0,6264900.0
361,2021-10-19 04:22:39,7270.0,600.0,6264800.0
362,2021-10-19 04:22:39,7270.0,1800.0,6264200.0
363,2021-10-19 04:22:39,7270.0,60000.0,6262400.0
364,2021-10-19 04:22:39,7270.0,3600.0,6202400.0
365,2021-10-19 04:22:39,7270.0,1000.0,6198800.0
366,2021-10-19 04:22:39,7270.0,500.0,6197800.0
367,2021-10-19 04:22:39,7270.0,1000.0,6197300.0
368,2021-10-19 04:22:39,7270.0,1000.0,6196300.0
369,2021-10-19 04:22:39,7270.0,6000.0,6195300.0
370,2021-10-19 04:22:31,7270.0,14000.0,6189300.0
371,2021-10-19 04:22:31,7270.0,300.0,6175300.0
372,2021-10-19 04:22:31,7270.0,5000.0,6175000.0
373,2021-10-19 04:22:31,7270.0,700.0,6170000.0
374,2021-10-19 04:22:30,7270.0,300.0,6169300.0
375,2021-10-19 04:22:30,7270.0,100.0,6169000.0
376,2021-10-19 04:22:29,7270.0,100.0,6168900.0
377,2021-10-19 04:22:26,7270.0,100.0,6168800.0
378,2021-10-19 04:22:26,7270.0,1200.0,6168700.0
379,2021-10-19 04:22:26,7270.0,200.0,6167500.0
380,2021-10-19 04:22:26,7270.0,1500.0,6167300.0
381,2021-10-19 04:22:26,7270.0,5000.0,6165800.0
382,2021-10-19 04:22:22,7270.0,5000.0,6160800.0
383,2021-10-19 04:22:22,7270.0,300.0,6155800.0
384,2021-10-19 04:22:22,7270.0,12700.0,6155500.0
385,2021-10-19 04:22:21,7270.0,4000.0,6142800.0
386,2021-10-19 04:22:19,7270.0,400.0,6138800.0
387,2021-10-19 04:22:19,7270.0,2900.0,6138400.0
388,2021-10-19 04:22:19,7270.0,100.0,6135500.0
389,2021-10-19 04:22:19,7270.0,3000.0,6135400.0
390,2021-10-19 04:22:19,7270.0,4000.0,6132400.0
391,2021-10-19 04:22:17,7270.0,1900.0,6128400.0
392,2021-10-19 04:22:13,7270.0,100.0,6126500.0
393,2021-10-19 04:22:10,7270.0,300.0,6126400.0
394,2021-10-19 04:22:08,7270.0,2000.0,6126100.0
395,2021-10-19 04:22:07,7270.0,200.0,6124100.0
396,2021-10-19 04:22:00,7270.0,5500.0,6123900.0
397,2021-10-19 04:22:00,7270.0,1000.0,6118400.0
398,2021-10-19 04:22:00,7270.0,300.0,6117400.0
399,2021-10-19 04:22:00,7270.0,2000.0,6117100.0
400,2021-10-19 04:22:00,7270.0,100.0,6115100.0
401,2021-10-19 04:22:00,7270.0,200.0,6115000.0
402,2021-10-19 04:22:00,7270.0,100.0,6114800.0
403,2021-10-19 04:22:00,7270.0,2000.0,6114700.0
404,2021-10-19 04:22:00,7270.0,500.0,6112700.0
405,2021-10-19 04:22:00,7270.0,500.0,6112200.0
406,2021-10-19 04:22:00,7270.0,100.0,6111700.0
407,2021-10-19 04:22:00,7270.0,500.0,6111600.0
408,2021-10-19 04:22:00,7270.0,2000.0,6111100.0
409,2021-10-19 04:22:00,7270.0,3000.0,6109100.0
410,2021-10-19 04:22:00,7270.0,200.0,6106100.0
411,2021-10-19 04:22:00,7270.0,300.0,6105900.0
412,2021-10-19 04:22:00,7270.0,5000.0,6105600.0
413,2021-10-19 04:22:00,7270.0,5000.0,6100600.0
414,2021-10-19 04:22:00,7270.0,100.0,6095600.0
415,2021-10-19 04:22:00,7270.0,300.0,6095500.0
416,2021-10-19 04:22:00,7270.0,100.0,6095200.0
417,2021-10-19 04:22:00,7270.0,500.0,6095100.0
418,2021-10-19 04:22:00,7270.0,500.0,6094600.0
419,2021-10-19 04:22:00,7270.0,100.0,6094100.0
420,2021-10-19 04:22:00,7270.0,100.0,6094000.0
421,2021-10-19 04:21:56,7270.0,900.0,6093900.0
422,2021-10-19 04:21:56,7270.0,200.0,6093000.0
423,2021-10-19 04:21:56,7270.0,3900.0,6092800.0
424,2021-10-19 04:21:48,7270.0,100.0,6088900.0
425,2021-10-19 04:21:48,7260.0,100.0,6088800.0
426,2021-10-19 04:21:45,7260.0,2000.0,6088700.0
427,2021-10-19 04:21:40,7270.0,1000.0,6086700.0
428,2021-10-19 04:21:39,7270.0,1000.0,6085700.0
429,2021-10-19 04:21:37,7260.0,300.0,6084700.0
430,2021-10-19 04:21:36,7260.0,2000.0,6084400.0
431,2021-10-19 04:21:35,7260.0,8000.0,6082400.0
432,2021-10-19 04:21:35,7260.0,1000.0,6074400.0
433,2021-10-19 04:21:35,7260.0,700.0,6073400.0
434,2021-10-19 04:21:34,7260.0,2300.0,6072700.0
435,2021-10-19 04:21:34,7260.0,2600.0,6070400.0
436,2021-10-19 04:21:32,7260.0,1000.0,6067800.0
437,2021-10-19 04:21:31,7260.0,300.0,6066800.0
438,2021-10-19 04:21:30,7260.0,100.0,6066500.0
439,2021-10-19 04:21:30,7260.0,1000.0,6066400.0
440,2021-10-19 04:21:29,7260.0,200.0,6065400.0
441,2021-10-19 04:21:28,7260.0,9900.0,6065200.0
442,2021-10-19 04:21:27,7260.0,200.0,6055300.0
443,2021-10-19 04:21:24,7260.0,800.0,6055100.0
444,2021-10-19 04:21:23,7260.0,2500.0,6054300.0
445,2021-10-19 04:21:20,7260.0,2500.0,6051800.0
446,2021-10-19 04:21:19,7260.0,500.0,6049300.0
447,2021-10-19 04:21:17,7260.0,200.0,6048800.0
448,2021-10-19 04:21:12,7260.0,2000.0,6048600.0
449,2021-10-19 04:21:11,7260.0,500.0,6046600.0
450,2021-10-19 04:21:05,7260.0,600.0,6046100.0
451,2021-10-19 04:20:58,7260.0,21300.0,6045500.0
452,2021-10-19 04:20:58,7260.0,5000.0,6024200.0
453,2021-10-19 04:20:58,7260.0,100.0,6019200.0
454,2021-10-19 04:20:58,7260.0,10000.0,6019100.0
455,2021-10-19 04:20:58,7260.0,1000.0,6009100.0
456,2021-10-19 04:20:58,7260.0,1000.0,6008100.0
457,2021-10-19 04:20:58,7260.0,2000.0,6007100.0
458,2021-10-19 04:20:58,7260.0,1000.0,6005100.0
459,2021-10-19 04:20:58,7260.0,4000.0,6004100.0
460,2021-10-19 04:20:58,7260.0,100.0,6000100.0
461,2021-10-19 04:20:58,7260.0,100.0,6000000.0
462,2021-10-19 04:20:58,7260.0,1000.0,5999900.0
463,2021-10-19 04:20:58,7250.0,500.0,5998900.0
464,2021-10-19 04:20:58,7250.0,200.0,5998400.0
465,2021-10-19 04:20:58,7250.0,500.0,5998200.0
466,2021-10-19 04:20:58,7250.0,5000.0,5997700.0
467,2021-10-19 04:20:58,7250.0,300.0,5992700.0
468,2021-10-19 04:20:58,7250.0,100.0,5992400.0
469,2021-10-19 04:20:58,7250.0,5000.0,5992300.0
470,2021-10-19 04:20:58,7250.0,21800.0,5987300.0
471,2021-10-19 04:20:56,7250.0,3000.0,5965500.0
472,2021-10-19 04:20:49,7240.0,1200.0,5962500.0
473,2021-10-19 04:20:49,7250.0,5200.0,5961300.0
474,2021-10-19 04:20:49,7250.0,100.0,5956100.0
475,2021-10-19 04:20:49,7250.0,1600.0,5956000.0
476,2021-10-19 04:20:49,7250.0,2100.0,5954400.0
477,2021-10-19 04:20:49,7250.0,1000.0,5952300.0
478,2021-10-19 04:20:42,7250.0,1900.0,5951300.0
479,2021-10-19 04:20:42,7250.0,500.0,5949400.0
480,2021-10-19 04:20:42,7250.0,200.0,5948900.0
481,2021-10-19 04:20:42,7250.0,300.0,5948700.0
482,2021-10-19 04:20:39,7250.0,200.0,5948400.0
483,2021-10-19 04:20:39,7250.0,500.0,5948200.0
484,2021-10-19 04:20:39,7250.0,2000.0,5947700.0
485,2021-10-19 04:20:39,7250.0,100.0,5945700.0
486,2021-10-19 04:20:39,7250.0,500.0,5945600.0
487,2021-10-19 04:20:36,7250.0,1000.0,5945100.0
488,2021-10-19 04:20:27,7240.0,800.0,5944100.0
489,2021-10-19 04:20:26,7240.0,500.0,5943300.0
490,2021-10-19 04:20:26,7240.0,500.0,5942800.0
491,2021-10-19 04:20:26,7240.0,3900.0,5942300.0
492,2021-10-19 04:20:23,7240.0,2700.0,5938400.0
493,2021-10-19 04:20:21,7240.0,100.0,5935700.0
494,2021-10-19 04:20:21,7240.0,900.0,5935600.0
495,2021-10-19 04:20:20,7240.0,100.0,5934700.0
496,2021-10-19 04:20:20,7240.0,600.0,5934600.0
497,2021-10-19 04:20:20,7240.0,100.0,5934000.0
498,2021-10-19 04:20:14,7250.0,7000.0,5933900.0
499,2021-10-19 04:20:11,7250.0,200.0,5926900.0
500,2021-10-19 04:20:11,7240.0,200.0,5926700.0
501,2021-10-19 04:20:10,7240.0,1500.0,5926500.0
502,2021-10-19 04:20:06,7240.0,2000.0,5925000.0
503,2021-10-19 04:20:06,7240.0,100.0,5923000.0
504,2021-10-19 04:20:05,7240.0,900.0,5922900.0
505,2021-10-19 04:20:03,7250.0,17600.0,5922000.0
506,2021-10-19 04:20:03,7240.0,2400.0,5904400.0
507,2021-10-19 04:20:00,7240.0,2000.0,5902000.0
508,2021-10-19 04:19:58,7200.0,300.0,5900000.0
509,2021-10-19 04:19:54,7240.0,500.0,5899700.0
510,2021-10-19 04:19:52,7250.0,200.0,5899200.0
511,2021-10-19 04:19:52,7250.0,1300.0,5899000.0
512,2021-10-19 04:19:50,7250.0,1700.0,5897700.0
513,2021-10-19 04:19:50,7250.0,100.0,5896000.0
514,2021-10-19 04:19:50,7240.0,100.0,5895900.0
515,2021-10-19 04:19:50,7240.0,3000.0,5895800.0
516,2021-10-19 04:19:50,7240.0,3000.0,5892800.0
517,2021-10-19 04:19:50,7240.0,100.0,5889800.0
518,2021-10-19 04:19:50,7220.0,10000.0,5889700.0
519,2021-10-19 04:19:50,7210.0,2000.0,5879700.0
520,2021-10-19 04:19:49,7200.0,100.0,5877700.0
521,2021-10-19 04:19:49,7200.0,1300.0,5877600.0
522,2021-10-19 04:19:49,7200.0,200.0,5876300.0
523,2021-10-19 04:19:48,7200.0,1600.0,5876100.0
524,2021-10-19 04:19:47,7200.0,1000.0,5874500.0
525,2021-10-19 04:19:46,7200.0,5900.0,5873500.0
526,2021-10-19 04:19:46,7200.0,3000.0,5867600.0
527,2021-10-19 04:19:46,7200.0,300.0,5864600.0
528,2021-10-19 04:19:46,7200.0,7100.0,5864300.0
529,2021-10-19 04:19:46,7200.0,30000.0,5857200.0
530,2021-10-19 04:19:46,7200.0,200.0,5827200.0
531,2021-10-19 04:19:46,7200.0,200.0,5827000.0
532,2021-10-19 04:19:46,7200.0,100.0,5826800.0
533,2021-10-19 04:19:46,7200.0,2000.0,5826700.0
534,2021-10-19 04:19:46,7200.0,1000.0,5824700.0
535,2021-10-19 04:19:46,7200.0,200.0,5823700.0
536,2021-10-19 04:19:45,7200.0,300.0,5823500.0
537,2021-10-19 04:19:45,7200.0,200.0,5823200.0
538,2021-10-19 04:19:45,7200.0,300.0,5823000.0
539,2021-10-19 04:19:42,7200.0,300.0,5822700.0
540,2021-10-19 04:19:42,7190.0,1700.0,5822400.0
541,2021-10-19 04:19:42,7190.0,2300.0,5820700.0
542,2021-10-19 04:19:39,7200.0,400.0,5818400.0
543,2021-10-19 04:19:39,7200.0,500.0,5818000.0
544,2021-10-19 04:19:37,7200.0,1100.0,5817500.0
545,2021-10-19 04:19:37,7200.0,200.0,5816400.0
546,2021-10-19 04:19:37,7200.0,100.0,5816200.0
547,2021-10-19 04:19:37,7200.0,500.0,5816100.0
548,2021-10-19 04:19:37,7200.0,5000.0,5815600.0
549,2021-10-19 04:19:37,7200.0,100.0,5810600.0
550,2021-10-19 04:19:35,7200.0,2000.0,5810500.0
551,2021-10-19 04:19:34,7200.0,1000.0,5808500.0
552,2021-10-19 04:19:31,7200.0,100.0,5807500.0
553,2021-10-19 04:19:30,7200.0,300.0,5807400.0
554,2021-10-19 04:19:30,7200.0,2000.0,5807100.0
555,2021-10-19 04:19:30,7200.0,10000.0,5805100.0
556,2021-10-19 04:19:30,7200.0,200.0,5795100.0
557,2021-10-19 04:19:30,7200.0,3000.0,5794900.0
558,2021-10-19 04:19:30,7200.0,2000.0,5791900.0
559,2021-10-19 04:19:30,7200.0,1000.0,5789900.0
560,2021-10-19 04:19:30,7200.0,2600.0,5788900.0
561,2021-10-19 04:19:30,7200.0,1200.0,5786300.0
562,2021-10-19 04:19:29,7190.0,1000.0,5785100.0
563,2021-10-19 04:19:28,7200.0,10000.0,5784100.0
564,2021-10-19 04:19:27,7200.0,1000.0,5774100.0
565,2021-10-19 04:19:27,7200.0,7800.0,5773100.0
566,2021-10-19 04:19:27,7200.0,500.0,5765300.0
567,2021-10-19 04:19:27,7200.0,10000.0,5764800.0
568,2021-10-19 04:19:27,7200.0,1000.0,5754800.0
569,2021-10-19 04:19:27,7200.0,100.0,5753800.0
570,2021-10-19 04:19:27,7200.0,7600.0,5753700.0
571,2021-10-19 04:19:21,7190.0,100.0,5746100.0
572,2021-10-19 04:19:19,7200.0,6300.0,5746000.0
573,2021-10-19 04:19:19,7200.0,500.0,5739700.0
574,2021-10-19 04:19:19,7200.0,300.0,5739200.0
575,2021-10-19 04:19:19,7200.0,12200.0,5738900.0
576,2021-10-19 04:19:19,7200.0,7800.0,5726700.0
577,2021-10-19 04:19:19,7200.0,4000.0,5718900.0
578,2021-10-19 04:19:19,7200.0,1000.0,5714900.0
579,2021-10-19 04:19:19,7200.0,1000.0,5713900.0
580,2021-10-19 04:19:19,7200.0,500.0,5712900.0
581,2021-10-19 04:19:19,7200.0,5000.0,5712400.0
582,2021-10-19 04:19:19,7200.0,700.0,5707400.0
583,2021-10-19 04:19:19,7200.0,200.0,5706700.0
584,2021-10-19 04:19:18,7200.0,1200.0,5706500.0
585,2021-10-19 04:19:18,7200.0,4800.0,5705300.0
586,2021-10-19 04:19:18,7200.0,200.0,5700500.0
587,2021-10-19 04:19:18,7200.0,100.0,5700300.0
588,2021-10-19 04:19:16,7200.0,100.0,5700200.0
589,2021-10-19 04:19:16,7200.0,100.0,5700100.0
590,2021-10-19 04:19:14,7200.0,700.0,5700000.0
591,2021-10-19 04:19:14,7200.0,1300.0,5699300.0
592,2021-10-19 04:19:10,7200.0,400.0,5698000.0
593,2021-10-19 04:19:08,7200.0,300.0,5697600.0
594,2021-10-19 04:19:08,7200.0,500.0,5697300.0
595,2021-10-19 04:19:08,7200.0,100.0,5696800.0
596,2021-10-19 04:19:08,7200.0,4900.0,5696700.0
597,2021-10-19 04:19:08,7200.0,2200.0,5691800.0
598,2021-10-19 04:19:07,7200.0,2000.0,5689600.0
599,2021-10-19 04:19:06,7200.0,1500.0,5687600.0
600,2021-10-19 04:19:04,7200.0,2000.0,5686100.0
601,2021-10-19 04:19:04,7200.0,500.0,5684100.0
602,2021-10-19 04:19:04,7200.0,100.0,5683600.0
603,2021-10-19 04:19:00,7190.0,400.0,5683500.0
604,2021-10-19 04:18:58,7190.0,100.0,5683100.0
605,2021-10-19 04:18:57,7190.0,200.0,5683000.0
606,2021-10-19 04:18:57,7190.0,1300.0,5682800.0
607,2021-10-19 04:18:57,7190.0,700.0,5681500.0
608,2021-10-19 04:18:54,7190.0,900.0,5680800.0
609,2021-10-19 04:18:49,7190.0,400.0,5679900.0
610,2021-10-19 04:18:49,7200.0,400.0,5679500.0
611,2021-10-19 04:18:43,7200.0,1300.0,5679100.0
612,2021-10-19 04:18:43,7190.0,700.0,5677800.0
613,2021-10-19 04:18:43,7180.0,2000.0,5677100.0
614,2021-10-19 04:18:42,7190.0,1000.0,5675100.0
615,2021-10-19 04:18:41,7190.0,100.0,5674100.0
616,2021-10-19 04:18:39,7190.0,1500.0,5674000.0
617,2021-10-19 04:18:37,7190.0,1200.0,5672500.0
618,2021-10-19 04:18:35,7180.0,200.0,5671300.0
619,2021-10-19 04:18:32,7190.0,500.0,5671100.0
620,2021-10-19 04:18:28,7180.0,9300.0,5670600.0
621,2021-10-19 04:18:27,7180.0,3900.0,5661300.0
622,2021-10-19 04:18:27,7160.0,6100.0,5657400.0
623,2021-10-19 04:18:21,7180.0,18800.0,5651300.0
624,2021-10-19 04:18:20,7180.0,200.0,5632500.0
625,2021-10-19 04:18:16,7180.0,1300.0,5632300.0
626,2021-10-19 04:18:14,7180.0,200.0,5631000.0
627,2021-10-19 04:18:13,7180.0,500.0,5630800.0
628,2021-10-19 04:18:11,7180.0,5000.0,5630300.0
629,2021-10-19 04:18:10,7160.0,200.0,5625300.0
630,2021-10-19 04:18:10,7160.0,1600.0,5625100.0
631,2021-10-19 04:18:10,7160.0,400.0,5623500.0
632,2021-10-19 04:18:10,7160.0,600.0,5623100.0
633,2021-10-19 04:18:09,7150.0,200.0,5622500.0
634,2021-10-19 04:18:07,7160.0,100.0,5622300.0
635,2021-10-19 04:18:05,7150.0,11000.0,5622200.0
636,2021-10-19 04:18:03,7150.0,19000.0,5611200.0
637,2021-10-19 04:17:56,7150.0,100.0,5592200.0
638,2021-10-19 04:17:56,7150.0,900.0,5592100.0
639,2021-10-19 04:17:56,7150.0,500.0,5591200.0
640,2021-10-19 04:17:56,7150.0,8600.0,5590700.0
641,2021-10-19 04:17:56,7150.0,500.0,5582100.0
642,2021-10-19 04:17:56,7150.0,100.0,5581600.0
643,2021-10-19 04:17:55,7150.0,1900.0,5581500.0
644,2021-10-19 04:17:55,7150.0,500.0,5579600.0
645,2021-10-19 04:17:55,7150.0,200.0,5579100.0
646,2021-10-19 04:17:55,7150.0,100.0,5578900.0
647,2021-10-19 04:17:55,7150.0,1900.0,5578800.0
648,2021-10-19 04:17:54,7150.0,300.0,5576900.0
649,2021-10-19 04:17:51,7150.0,2800.0,5576600.0
650,2021-10-19 04:17:51,7150.0,200.0,5573800.0
651,2021-10-19 04:17:45,7150.0,4800.0,5573600.0
652,2021-10-19 04:17:45,7150.0,200.0,5568800.0
653,2021-10-19 04:17:45,7130.0,5000.0,5568600.0
654,2021-10-19 04:17:37,7100.0,100.0,5563600.0
655,2021-10-19 04:17:37,7100.0,1500.0,5563500.0
656,2021-10-19 04:17:37,7100.0,1000.0,5562000.0
657,2021-10-19 04:17:37,7100.0,3100.0,5561000.0
658,2021-10-19 04:17:33,7100.0,11300.0,5557900.0
659,2021-10-19 04:17:33,7100.0,5000.0,5546600.0
660,2021-10-19 04:17:31,7100.0,700.0,5541600.0
661,2021-10-19 04:17:31,7100.0,5000.0,5540900.0
662,2021-10-19 04:17:25,7100.0,4900.0,5535900.0
663,2021-10-19 04:17:25,7100.0,200.0,5531000.0
664,2021-10-19 04:17:25,7100.0,4900.0,5530800.0
665,2021-10-19 04:17:24,7100.0,4100.0,5525900.0
666,2021-10-19 04:17:24,7100.0,1000.0,5521800.0
667,2021-10-19 04:17:24,7100.0,5000.0,5520800.0
668,2021-10-19 04:17:24,7100.0,4000.0,5515800.0
669,2021-10-19 04:17:24,7100.0,5900.0,5511800.0
670,2021-10-19 04:17:23,7100.0,100.0,5505900.0
671,2021-10-19 04:17:23,7100.0,500.0,5505800.0
672,2021-10-19 04:17:23,7100.0,500.0,5505300.0
673,2021-10-19 04:17:23,7100.0,100.0,5504800.0
674,2021-10-19 04:17:23,7100.0,1000.0,5504700.0
675,2021-10-19 04:17:23,7100.0,1800.0,5503700.0
676,2021-10-19 04:17:15,7100.0,1200.0,5501900.0
677,2021-10-19 04:17:15,7100.0,200.0,5500700.0
678,2021-10-19 04:17:15,7100.0,1100.0,5500500.0
679,2021-10-19 04:17:15,7100.0,900.0,5499400.0
680,2021-10-19 04:17:15,7100.0,1000.0,5498500.0
681,2021-10-19 04:17:15,7100.0,1000.0,5497500.0
682,2021-10-19 04:17:15,7100.0,100.0,5496500.0
683,2021-10-19 04:17:15,7100.0,17000.0,5496400.0
684,2021-10-19 04:17:12,7100.0,2000.0,5479400.0
685,2021-10-19 04:17:09,7100.0,5000.0,5477400.0
686,2021-10-19 04:17:09,7100.0,300.0,5472400.0
687,2021-10-19 04:17:08,7060.0,100.0,5472100.0
688,2021-10-19 04:17:04,7060.0,100.0,5472000.0
689,2021-10-19 04:17:04,7100.0,200.0,5471900.0
690,2021-10-19 04:17:04,7100.0,500.0,5471700.0
691,2021-10-19 04:17:04,7100.0,5000.0,5471200.0
692,2021-10-19 04:17:04,7100.0,500.0,5466200.0
693,2021-10-19 04:17:04,7100.0,100.0,5465700.0
694,2021-10-19 04:17:04,7100.0,10000.0,5465600.0
695,2021-10-19 04:17:04,7100.0,500.0,5455600.0
696,2021-10-19 04:17:04,7100.0,2300.0,5455100.0
697,2021-10-19 04:17:04,7100.0,1000.0,5452800.0
698,2021-10-19 04:17:04,7100.0,100.0,5451800.0
699,2021-10-19 04:17:00,7100.0,5000.0,5451700.0
700,2021-10-19 04:16:56,7090.0,100.0,5446700.0
701,2021-10-19 04:16:21,7050.0,1000.0,5446600.0
702,2021-10-19 04:16:21,7050.0,200.0,5445600.0
703,2021-10-19 04:16:21,7050.0,10000.0,5445400.0
704,2021-10-19 04:16:21,7050.0,1500.0,5435400.0
705,2021-10-19 04:16:21,7040.0,2100.0,5433900.0
706,2021-10-19 04:16:17,7040.0,2900.0,5431800.0
707,2021-10-19 04:16:17,7040.0,200.0,5428900.0
708,2021-10-19 04:16:05,7030.0,100.0,5428700.0
709,2021-10-19 04:16:05,7030.0,100.0,5428600.0
710,2021-10-19 04:16:05,7030.0,500.0,5428500.0
711,2021-10-19 04:16:05,7030.0,500.0,5428000.0
712,2021-10-19 04:16:04,7030.0,300.0,5427500.0
713,2021-10-19 04:16:01,7030.0,100.0,5427200.0
714,2021-10-19 04:15:50,7030.0,100.0,5427100.0
715,2021-10-19 04:15:42,7020.0,300.0,5427000.0
716,2021-10-19 04:15:42,7020.0,500.0,5426700.0
717,2021-10-19 04:15:36,7010.0,400.0,5426200.0
718,2021-10-19 04:15:36,7010.0,200.0,5425800.0
719,2021-10-19 04:15:36,7010.0,400.0,5425600.0
720,2021-10-19 04:15:22,7010.0,100.0,5425200.0
721,2021-10-19 04:15:22,7010.0,100.0,5425100.0
722,2021-10-19 04:15:08,7000.0,1700.0,5425000.0
723,2021-10-19 04:14:54,7000.0,1800.0,5423300.0
724,2021-10-19 04:14:54,7000.0,200.0,5421500.0
725,2021-10-19 04:14:54,7000.0,500.0,5421300.0
726,2021-10-19 04:14:54,7000.0,100.0,5420800.0
727,2021-10-19 04:14:54,7000.0,2100.0,5420700.0
728,2021-10-19 04:14:54,7000.0,300.0,5418600.0
729,2021-10-19 04:14:54,7000.0,1000.0,5418300.0
730,2021-10-19 04:14:54,7000.0,100.0,5417300.0
731,2021-10-19 04:14:54,7000.0,100.0,5417200.0
732,2021-10-19 04:14:54,7000.0,100.0,5417100.0
733,2021-10-19 04:14:54,7000.0,100.0,5417000.0
734,2021-10-19 04:14:54,7000.0,1000.0,5416900.0
735,2021-10-19 04:14:54,7000.0,500.0,5415900.0
736,2021-10-19 04:14:54,7000.0,1500.0,5415400.0
737,2021-10-19 04:14:54,7000.0,500.0,5413900.0
738,2021-10-19 04:14:54,7000.0,100.0,5413400.0
739,2021-10-19 04:14:54,7000.0,100.0,5413300.0
740,2021-10-19 04:14:49,6990.0,900.0,5413200.0
741,2021-10-19 04:14:48,6990.0,2200.0,5412300.0
742,2021-10-19 04:14:47,6990.0,1000.0,5410100.0
743,2021-10-19 04:14:45,6990.0,300.0,5409100.0
744,2021-10-19 04:14:44,6990.0,100.0,5408800.0
745,2021-10-19 04:14:40,6990.0,300.0,5408700.0
746,2021-10-19 04:14:39,6990.0,500.0,5408400.0
747,2021-10-19 04:14:38,6990.0,1600.0,5407900.0
748,2021-10-19 04:14:38,6990.0,400.0,5406300.0
749,2021-10-19 04:14:38,6990.0,400.0,5405900.0
750,2021-10-19 04:14:38,6990.0,1100.0,5405500.0
751,2021-10-19 04:14:37,7000.0,400.0,5404400.0
752,2021-10-19 04:14:34,7000.0,300.0,5404000.0
753,2021-10-19 04:14:31,7000.0,4300.0,5403700.0
754,2021-10-19 04:14:31,7000.0,1000.0,5399400.0
755,2021-10-19 04:14:31,7000.0,2000.0,5398400.0
756,2021-10-19 04:14:31,7000.0,200.0,5396400.0
757,2021-10-19 04:14:31,7000.0,500.0,5396200.0
758,2021-10-19 04:14:31,7000.0,100.0,5395700.0
759,2021-10-19 04:14:31,7000.0,11900.0,5395600.0
760,2021-10-19 04:14:29,7000.0,18100.0,5383700.0
761,2021-10-19 04:14:29,7000.0,1000.0,5365600.0
762,2021-10-19 04:14:29,7000.0,500.0,5364600.0
763,2021-10-19 04:14:29,7000.0,200.0,5364100.0
764,2021-10-19 04:14:29,7000.0,700.0,5363900.0
765,2021-10-19 04:14:29,7000.0,1000.0,5363200.0
766,2021-10-19 04:14:29,7000.0,1000.0,5362200.0
767,2021-10-19 04:14:29,7000.0,1000.0,5361200.0
768,2021-10-19 04:14:29,7000.0,2000.0,5360200.0
769,2021-10-19 04:14:29,7000.0,200.0,5358200.0
770,2021-10-19 04:14:29,7000.0,1900.0,5358000.0
771,2021-10-19 04:14:29,7000.0,2500.0,5356100.0
772,2021-10-19 04:14:29,7000.0,1000.0,5353600.0
773,2021-10-19 04:14:29,7000.0,600.0,5352600.0
774,2021-10-19 04:14:29,7000.0,1000.0,5352000.0
775,2021-10-19 04:14:29,7000.0,100.0,5351000.0
776,2021-10-19 04:14:29,7000.0,100.0,5350900.0
777,2021-10-19 04:14:29,7000.0,400.0,5350800.0
778,2021-10-19 04:14:29,7000.0,1000.0,5350400.0
779,2021-10-19 04:14:29,7000.0,2300.0,5349400.0
780,2021-10-19 04:14:29,7000.0,2000.0,5347100.0
781,2021-10-19 04:14:29,7000.0,1000.0,5345100.0
782,2021-10-19 04:14:29,7000.0,150400.0,5344100.0
783,2021-10-19 04:14:15,6990.0,3900.0,5193700.0
784,2021-10-19 04:14:15,6990.0,600.0,5189800.0
785,2021-10-19 04:14:15,6990.0,500.0,5189200.0
786,2021-10-19 04:14:10,6990.0,500.0,5188700.0
787,2021-10-19 04:14:02,6990.0,300.0,5188200.0
788,2021-10-19 04:14:01,6990.0,7600.0,5187900.0
789,2021-10-19 04:14:01,6990.0,1900.0,5180300.0
790,2021-10-19 04:13:56,6990.0,100.0,5178400.0
791,2021-10-19 04:13:52,6990.0,100.0,5178300.0
792,2021-10-19 04:13:52,6990.0,4000.0,5178200.0
793,2021-10-19 04:13:52,6990.0,16500.0,5174200.0
794,2021-10-19 04:13:35,6990.0,800.0,5157700.0
795,2021-10-19 04:13:25,6990.0,2700.0,5156900.0
796,2021-10-19 04:13:21,6990.0,7000.0,5154200.0
797,2021-10-19 04:13:19,6990.0,200.0,5147200.0
798,2021-10-19 04:13:14,6990.0,300.0,5147000.0
799,2021-10-19 04:13:10,6990.0,5000.0,5146700.0
800,2021-10-19 04:13:09,6990.0,1000.0,5141700.0
801,2021-10-19 04:13:09,6990.0,200.0,5140700.0
802,2021-10-19 04:12:52,6990.0,10000.0,5140500.0
803,2021-10-19 04:12:52,6990.0,300.0,5130500.0
804,2021-10-19 04:12:52,6990.0,300.0,5130200.0
805,2021-10-19 04:12:52,6990.0,23000.0,5129900.0
806,2021-10-19 04:12:49,7000.0,3600.0,5106900.0
807,2021-10-19 04:12:49,7000.0,100.0,5103300.0
808,2021-10-19 04:12:49,7000.0,500.0,5103200.0
809,2021-10-19 04:12:49,7000.0,500.0,5102700.0
810,2021-10-19 04:12:49,7000.0,300.0,5102200.0
811,2021-10-19 04:12:46,7000.0,100.0,5101900.0
812,2021-10-19 04:12:32,6990.0,7000.0,5101800.0
813,2021-10-19 04:12:29,7000.0,1600.0,5094800.0
814,2021-10-19 04:12:29,7000.0,100.0,5093200.0
815,2021-10-19 04:12:29,7000.0,3300.0,5093100.0
816,2021-10-19 04:12:21,7000.0,1700.0,5089800.0
817,2021-10-19 04:12:18,6990.0,500.0,5088100.0
818,2021-10-19 04:12:18,6990.0,500.0,5087600.0
819,2021-10-19 04:12:18,6990.0,100.0,5087100.0
820,2021-10-19 04:12:18,6990.0,2000.0,5087000.0
821,2021-10-19 04:12:18,6990.0,200.0,5085000.0
822,2021-10-19 04:12:18,6990.0,400.0,5084800.0
823,2021-10-19 04:12:18,6990.0,500.0,5084400.0
824,2021-10-19 04:12:18,6990.0,500.0,5083900.0
825,2021-10-19 04:12:18,6990.0,500.0,5083400.0
826,2021-10-19 04:12:18,6990.0,8400.0,5082900.0
827,2021-10-19 04:12:18,6980.0,11000.0,5074500.0
828,2021-10-19 04:12:14,6980.0,500.0,5063500.0
829,2021-10-19 04:12:14,6980.0,8200.0,5063000.0
830,2021-10-19 04:12:14,6980.0,1000.0,5054800.0
831,2021-10-19 04:12:14,6980.0,29300.0,5053800.0
832,2021-10-19 04:12:12,6990.0,1000.0,5024500.0
833,2021-10-19 04:12:07,6990.0,600.0,5023500.0
834,2021-10-19 04:12:07,6990.0,500.0,5022900.0
835,2021-10-19 04:12:07,6990.0,1600.0,5022400.0
836,2021-10-19 04:12:01,6990.0,400.0,5020800.0
837,2021-10-19 04:12:01,6990.0,1000.0,5020400.0
838,2021-10-19 04:12:01,6990.0,500.0,5019400.0
839,2021-10-19 04:12:01,6990.0,600.0,5018900.0
840,2021-10-19 04:11:57,6990.0,600.0,5018300.0
841,2021-10-19 04:11:57,6990.0,800.0,5017700.0
842,2021-10-19 04:11:57,6990.0,1600.0,5016900.0
843,2021-10-19 04:11:52,6990.0,400.0,5015300.0
844,2021-10-19 04:11:51,6980.0,5000.0,5014900.0
845,2021-10-19 04:11:50,6990.0,100.0,5009900.0
846,2021-10-19 04:11:48,6990.0,500.0,5009800.0
847,2021-10-19 04:11:48,6990.0,2400.0,5009300.0
848,2021-10-19 04:11:48,6990.0,20000.0,5006900.0
849,2021-10-19 04:11:48,6990.0,300.0,4986900.0
850,2021-10-19 04:11:48,6990.0,700.0,4986600.0
851,2021-10-19 04:11:48,6990.0,6600.0,4985900.0
852,2021-10-19 04:11:41,6990.0,400.0,4979300.0
853,2021-10-19 04:11:33,6990.0,400.0,4978900.0
854,2021-10-19 04:11:31,6990.0,600.0,4978500.0
855,2021-10-19 04:11:31,6990.0,300.0,4977900.0
856,2021-10-19 04:11:31,6990.0,100.0,4977600.0
857,2021-10-19 04:11:31,6990.0,2000.0,4977500.0
858,2021-10-19 04:11:31,6990.0,900.0,4975500.0
859,2021-10-19 04:11:31,6990.0,100.0,4974600.0
860,2021-10-19 04:11:15,6990.0,100.0,4974500.0
861,2021-10-19 04:11:12,6980.0,5000.0,4974400.0
862,2021-10-19 04:10:58,6980.0,5700.0,4969400.0
863,2021-10-19 04:10:53,6980.0,500.0,4963700.0
864,2021-10-19 04:10:26,6980.0,3800.0,4963200.0
865,2021-10-19 04:10:16,6980.0,400.0,4959400.0
866,2021-10-19 04:10:15,6980.0,100.0,4959000.0
867,2021-10-19 04:10:15,6980.0,2000.0,4958900.0
868,2021-10-19 04:10:15,6980.0,1000.0,4956900.0
869,2021-10-19 04:10:15,6980.0,500.0,4955900.0
870,2021-10-19 04:10:15,6980.0,900.0,4955400.0
871,2021-10-19 04:10:00,6980.0,100.0,4954500.0
872,2021-10-19 04:10:00,6980.0,100.0,4954400.0
873,2021-10-19 04:09:56,6980.0,100.0,4954300.0
874,2021-10-19 04:09:49,6980.0,400.0,4954200.0
875,2021-10-19 04:09:46,6980.0,200.0,4953800.0
876,2021-10-19 04:09:31,6980.0,2000.0,4953600.0
877,2021-10-19 04:09:07,6980.0,10000.0,4951600.0
878,2021-10-19 04:09:01,6970.0,600.0,4941600.0
879,2021-10-19 04:08:53,6970.0,1100.0,4941000.0
880,2021-10-19 04:08:53,6970.0,3500.0,4939900.0
881,2021-10-19 04:08:53,6970.0,1400.0,4936400.0
882,2021-10-19 04:08:31,6970.0,4200.0,4935000.0
883,2021-10-19 04:08:19,6970.0,500.0,4930800.0
884,2021-10-19 04:08:19,6970.0,800.0,4930300.0
885,2021-10-19 04:08:19,6970.0,100.0,4929500.0
886,2021-10-19 04:08:19,6970.0,200.0,4929400.0
887,2021-10-19 04:08:19,6970.0,400.0,4929200.0
888,2021-10-19 04:08:19,6970.0,4900.0,4928800.0
889,2021-10-19 04:08:14,6970.0,300.0,4923900.0
890,2021-10-19 04:07:30,6970.0,2000.0,4923600.0
891,2021-10-19 04:07:17,6970.0,2800.0,4921600.0
892,2021-10-19 04:07:17,6970.0,800.0,4918800.0
893,2021-10-19 04:07:13,6970.0,2500.0,4918000.0
894,2021-10-19 04:07:10,6970.0,1000.0,4915500.0
895,2021-10-19 04:07:02,6970.0,200.0,4914500.0
896,2021-10-19 04:07:02,6970.0,1300.0,4914300.0
897,2021-10-19 04:06:44,6970.0,400.0,4913000.0
898,2021-10-19 04:06:25,6960.0,1000.0,4912600.0
899,2021-10-19 04:06:25,6960.0,200.0,4911600.0
900,2021-10-19 04:06:25,6960.0,500.0,4911400.0
901,2021-10-19 04:06:25,6960.0,1100.0,4910900.0
902,2021-10-19 04:06:09,6950.0,1000.0,4909800.0
903,2021-10-19 04:06:05,6960.0,1000.0,4908800.0
904,2021-10-19 04:05:53,6960.0,1000.0,4907800.0
905,2021-10-19 04:05:46,6960.0,3000.0,4906800.0
906,2021-10-19 04:05:24,6960.0,3900.0,4903800.0
907,2021-10-19 04:05:24,6960.0,500.0,4899900.0
908,2021-10-19 04:05:24,6960.0,500.0,4899400.0
909,2021-10-19 04:05:24,6960.0,100.0,4898900.0
910,2021-10-19 04:05:24,6960.0,10000.0,4898800.0
911,2021-10-19 04:05:01,6950.0,600.0,4888800.0
912,2021-10-19 04:04:45,6950.0,800.0,4888200.0
913,2021-10-19 04:04:44,6950.0,1500.0,4887400.0
914,2021-10-19 04:04:44,6950.0,100.0,4885900.0
915,2021-10-19 04:04:44,6950.0,2000.0,4885800.0
916,2021-10-19 04:03:59,6950.0,300.0,4883800.0
917,2021-10-19 04:03:59,6950.0,500.0,4883500.0
918,2021-10-19 04:03:59,6950.0,100.0,4883000.0
919,2021-10-19 04:03:59,6950.0,3100.0,4882900.0
920,2021-10-19 04:03:58,6940.0,8800.0,4879800.0
921,2021-10-19 04:03:58,6940.0,1200.0,4871000.0
922,2021-10-19 04:03:13,6950.0,100.0,4869800.0
923,2021-10-19 04:03:09,6950.0,500.0,4869700.0
924,2021-10-19 04:02:56,6950.0,2000.0,4869200.0
925,2021-10-19 04:02:17,6950.0,500.0,4867200.0
926,2021-10-19 04:02:14,6950.0,3800.0,4866700.0
927,2021-10-19 04:00:48,6960.0,200.0,4862900.0
928,2021-10-19 04:00:45,6960.0,100.0,4862700.0
929,2021-10-19 04:00:45,6960.0,6000.0,4862600.0
930,2021-10-19 04:00:45,6960.0,2500.0,4856600.0
931,2021-10-19 04:00:45,6950.0,1400.0,4854100.0
932,2021-10-19 04:00:41,6950.0,100.0,4852700.0
933,2021-10-19 04:00:35,6950.0,1000.0,4852600.0
934,2021-10-19 04:00:34,6950.0,500.0,4851600.0
935,2021-10-19 04:00:34,6950.0,100.0,4851100.0
936,2021-10-19 04:00:34,6950.0,500.0,4851000.0
937,2021-10-19 04:00:34,6950.0,100.0,4850500.0
938,2021-10-19 04:00:34,6950.0,300.0,4850400.0
939,2021-10-19 04:00:11,6960.0,1000.0,4850100.0
940,2021-10-19 03:59:30,6960.0,1000.0,4849100.0
941,2021-10-19 03:59:30,6960.0,100.0,4848100.0
942,2021-10-19 03:59:24,6960.0,100.0,4848000.0
943,2021-10-19 03:59:17,6960.0,300.0,4847900.0
944,2021-10-19 03:59:03,6960.0,400.0,4847600.0
945,2021-10-19 03:59:01,6950.0,200.0,4847200.0
946,2021-10-19 03:58:53,6960.0,200.0,4847000.0
947,2021-10-19 03:58:48,6960.0,4400.0,4846800.0
948,2021-10-19 03:58:28,6960.0,200.0,4842400.0
949,2021-10-19 03:58:13,6970.0,100.0,4842200.0
950,2021-10-19 03:57:58,6970.0,1700.0,4842100.0
951,2021-10-19 03:57:58,6970.0,300.0,4840400.0
952,2021-10-19 03:57:54,6960.0,200.0,4840100.0
953,2021-10-19 03:57:51,6960.0,800.0,4839900.0
954,2021-10-19 03:57:51,6960.0,200.0,4839100.0
955,2021-10-19 03:57:45,6970.0,1000.0,4838900.0
956,2021-10-19 03:57:32,6970.0,100.0,4837900.0
957,2021-10-19 03:56:50,6970.0,1500.0,4837800.0
958,2021-10-19 03:56:50,6960.0,500.0,4836300.0
959,2021-10-19 03:56:45,6960.0,1000.0,4835800.0
960,2021-10-19 03:56:45,6960.0,500.0,4834800.0
961,2021-10-19 03:56:44,6960.0,400.0,4834300.0
962,2021-10-19 03:56:44,6960.0,600.0,4833900.0
963,2021-10-19 03:56:37,6970.0,7100.0,4833300.0
964,2021-10-19 03:56:37,6970.0,500.0,4826200.0
965,2021-10-19 03:56:37,6970.0,1200.0,4825700.0
966,2021-10-19 03:56:37,6970.0,1000.0,4824500.0
967,2021-10-19 03:56:37,6970.0,200.0,4823500.0
968,2021-10-19 03:56:30,6960.0,100.0,4823300.0
969,2021-10-19 03:56:04,6960.0,200.0,4823200.0
970,2021-10-19 03:55:54,6960.0,1000.0,4823000.0
971,2021-10-19 03:55:53,6950.0,100.0,4822000.0
972,2021-10-19 03:55:47,6950.0,1400.0,4821900.0
973,2021-10-19 03:55:47,6950.0,1600.0,4820500.0
974,2021-10-19 03:55:46,6950.0,1000.0,4818900.0
975,2021-10-19 03:55:37,6950.0,2400.0,4817900.0
976,2021-10-19 03:55:36,6950.0,1000.0,4815500.0
977,2021-10-19 03:55:25,6950.0,100.0,4814500.0
978,2021-10-19 03:55:15,6950.0,100.0,4814400.0
979,2021-10-19 03:55:15,6950.0,2500.0,4814300.0
980,2021-10-19 03:54:06,6950.0,3900.0,4811800.0
981,2021-10-19 03:54:06,6950.0,1000.0,4807900.0
982,2021-10-19 03:54:06,6950.0,100.0,4806900.0
983,2021-10-19 03:54:06,6950.0,19000.0,4806800.0
984,2021-10-19 03:54:06,6950.0,100.0,4787800.0
985,2021-10-19 03:54:06,6950.0,500.0,4787700.0
986,2021-10-19 03:54:06,6950.0,1000.0,4787200.0
987,2021-10-19 03:54:06,6950.0,500.0,4786200.0
988,2021-10-19 03:54:06,6950.0,500.0,4785700.0
989,2021-10-19 03:54:06,6950.0,3400.0,4785200.0
990,2021-10-19 03:54:04,6950.0,2000.0,4781800.0
991,2021-10-19 03:53:57,6950.0,1000.0,4779800.0
992,2021-10-19 03:53:54,6950.0,3600.0,4778800.0
993,2021-10-19 03:53:43,6950.0,3000.0,4775200.0
994,2021-10-19 03:53:35,6950.0,600.0,4772200.0
995,2021-10-19 03:53:02,6950.0,6400.0,4771600.0
996,2021-10-19 03:53:02,6950.0,100.0,4765200.0
997,2021-10-19 03:53:02,6950.0,20000.0,4765100.0
998,2021-10-19 03:53:02,6950.0,5000.0,4745100.0
999,2021-10-19 03:53:02,6950.0,3000.0,4740100.0
1000,2021-10-19 03:53:02,6950.0,1000.0,4737100.0
1001,2021-10-19 03:53:02,6940.0,500.0,4736100.0
1002,2021-10-19 03:53:02,6940.0,64000.0,4735600.0
1003,2021-10-19 03:52:52,6940.0,500.0,4671600.0
1004,2021-10-19 03:52:47,6920.0,100.0,4671100.0
1005,2021-10-19 03:52:44,6940.0,1000.0,4671000.0
1006,2021-10-19 03:52:26,6940.0,4500.0,4670000.0
1007,2021-10-19 03:52:26,6930.0,300.0,4665500.0
1008,2021-10-19 03:52:26,6930.0,500.0,4665200.0
1009,2021-10-19 03:52:26,6930.0,500.0,4664700.0
1010,2021-10-19 03:52:26,6930.0,100.0,4664200.0
1011,2021-10-19 03:52:26,6930.0,14100.0,4664100.0
1012,2021-10-19 03:52:18,6920.0,1000.0,4650000.0
1013,2021-10-19 03:51:46,6920.0,500.0,4649000.0
1014,2021-10-19 03:51:42,6930.0,4900.0,4648500.0
1015,2021-10-19 03:51:28,6930.0,1000.0,4643600.0
1016,2021-10-19 03:51:26,6930.0,1000.0,4642600.0
1017,2021-10-19 03:51:01,6930.0,500.0,4641600.0
1018,2021-10-19 03:50:52,6910.0,100.0,4641100.0
1019,2021-10-19 03:50:52,6910.0,900.0,4641000.0
1020,2021-10-19 03:50:52,6910.0,100.0,4640100.0
1021,2021-10-19 03:50:40,6940.0,100.0,4640000.0
1022,2021-10-19 03:48:38,6900.0,6000.0,4639900.0
1023,2021-10-19 03:48:38,6940.0,4000.0,4633900.0
1024,2021-10-19 03:48:35,6940.0,300.0,4629900.0
1025,2021-10-19 03:48:35,6940.0,700.0,4629600.0
1026,2021-10-19 03:48:26,6940.0,300.0,4628900.0
1027,2021-10-19 03:48:26,6940.0,1000.0,4628600.0
1028,2021-10-19 03:48:26,6940.0,200.0,4627600.0
1029,2021-10-19 03:48:26,6930.0,200.0,4627400.0
1030,2021-10-19 03:48:15,6920.0,1100.0,4627200.0
1031,2021-10-19 03:48:15,6920.0,200.0,4626100.0
1032,2021-10-19 03:48:15,6920.0,700.0,4625900.0
1033,2021-10-19 03:48:15,6920.0,2000.0,4625200.0
1034,2021-10-19 03:48:15,6910.0,1000.0,4623200.0
1035,2021-10-19 03:48:02,6900.0,500.0,4622200.0
1036,2021-10-19 03:48:02,6900.0,2000.0,4621700.0
1037,2021-10-19 03:48:02,6900.0,500.0,4619700.0
1038,2021-10-19 03:48:02,6900.0,1000.0,4619200.0
1039,2021-10-19 03:48:02,6900.0,500.0,4618200.0
1040,2021-10-19 03:48:02,6900.0,2000.0,4617700.0
1041,2021-10-19 03:48:02,6900.0,1000.0,4615700.0
1042,2021-10-19 03:48:02,6900.0,1000.0,4614700.0
1043,2021-10-19 03:48:02,6900.0,100.0,4613700.0
1044,2021-10-19 03:48:02,6900.0,100.0,4613600.0
1045,2021-10-19 03:48:02,6900.0,2100.0,4613500.0
1046,2021-10-19 03:47:53,6900.0,2900.0,4611400.0
1047,2021-10-19 03:47:53,6900.0,100.0,4608500.0
1048,2021-10-19 03:47:53,6900.0,2000.0,4608400.0
1049,2021-10-19 03:47:53,6900.0,1000.0,4606400.0
1050,2021-10-19 03:47:53,6900.0,10000.0,4605400.0
1051,2021-10-19 03:47:53,6900.0,500.0,4595400.0
1052,2021-10-19 03:47:53,6900.0,3500.0,4594900.0
1053,2021-10-19 03:47:46,6900.0,10400.0,4591400.0
1054,2021-10-19 03:47:46,6900.0,5000.0,4581000.0
1055,2021-10-19 03:47:46,6900.0,100.0,4576000.0
1056,2021-10-19 03:47:46,6900.0,1000.0,4575900.0
1057,2021-10-19 03:47:46,6900.0,2000.0,4574900.0
1058,2021-10-19 03:47:46,6900.0,900.0,4572900.0
1059,2021-10-19 03:47:46,6900.0,100.0,4572000.0
1060,2021-10-19 03:47:46,6900.0,500.0,4571900.0
1061,2021-10-19 03:47:35,6900.0,500.0,4571400.0
1062,2021-10-19 03:47:35,6900.0,700.0,4570900.0
1063,2021-10-19 03:46:53,6890.0,1000.0,4570200.0
1064,2021-10-19 03:46:53,6890.0,100.0,4569200.0
1065,2021-10-19 03:46:53,6890.0,2400.0,4569100.0
1066,2021-10-19 03:46:44,6890.0,1200.0,4566700.0
1067,2021-10-19 03:46:24,6890.0,5000.0,4565500.0
1068,2021-10-19 03:46:13,6890.0,500.0,4560500.0
1069,2021-10-19 03:46:10,6890.0,900.0,4560000.0
1070,2021-10-19 03:46:10,6890.0,100.0,4559100.0
1071,2021-10-19 03:46:06,6890.0,1200.0,4559000.0
1072,2021-10-19 03:45:59,6890.0,1000.0,4557800.0
1073,2021-10-19 03:45:55,6880.0,300.0,4556800.0
1074,2021-10-19 03:45:39,6890.0,100.0,4556500.0
1075,2021-10-19 03:45:35,6890.0,1000.0,4556400.0
1076,2021-10-19 03:45:34,6890.0,400.0,4555400.0
1077,2021-10-19 03:45:27,6890.0,100.0,4555000.0
1078,2021-10-19 03:45:21,6880.0,300.0,4554900.0
1079,2021-10-19 03:45:21,6880.0,1500.0,4554600.0
1080,2021-10-19 03:45:21,6880.0,200.0,4553100.0
1081,2021-10-19 03:45:01,6890.0,200.0,4552900.0
1082,2021-10-19 03:44:37,6890.0,200.0,4552700.0
1083,2021-10-19 03:44:21,6890.0,4500.0,4552500.0
1084,2021-10-19 03:44:21,6890.0,5500.0,4548000.0
1085,2021-10-19 03:43:48,6890.0,4500.0,4542500.0
1086,2021-10-19 03:43:48,6890.0,500.0,4538000.0
1087,2021-10-19 03:43:48,6890.0,900.0,4537500.0
1088,2021-10-19 03:43:48,6890.0,1000.0,4536600.0
1089,2021-10-19 03:43:48,6890.0,1000.0,4535600.0
1090,2021-10-19 03:43:48,6890.0,200.0,4534600.0
1091,2021-10-19 03:43:48,6890.0,5000.0,4534400.0
1092,2021-10-19 03:43:48,6890.0,5000.0,4529400.0
1093,2021-10-19 03:43:48,6890.0,81900.0,4524400.0
1094,2021-10-19 03:43:44,6890.0,200.0,4442500.0
1095,2021-10-19 03:43:12,6880.0,5000.0,4442300.0
1096,2021-10-19 03:42:24,6870.0,3000.0,4437300.0
1097,2021-10-19 03:41:39,6890.0,200.0,4434300.0
1098,2021-10-19 03:41:39,6890.0,100.0,4434100.0
1099,2021-10-19 03:41:39,6880.0,400.0,4434000.0
1100,2021-10-19 03:41:39,6880.0,600.0,4433600.0
1101,2021-10-19 03:41:27,6880.0,4400.0,4433000.0
1102,2021-10-19 03:41:27,6880.0,600.0,4428600.0
1103,2021-10-19 03:40:57,6880.0,500.0,4428000.0
1104,2021-10-19 03:40:14,6880.0,500.0,4427500.0
1105,2021-10-19 03:40:14,6880.0,200.0,4427000.0
1106,2021-10-19 03:40:14,6880.0,1200.0,4426800.0
1107,2021-10-19 03:39:27,6880.0,800.0,4425600.0
1108,2021-10-19 03:39:27,6880.0,300.0,4424800.0
1109,2021-10-19 03:38:35,6880.0,200.0,4424500.0
1110,2021-10-19 03:38:14,6880.0,2000.0,4424300.0
1111,2021-10-19 03:38:13,6880.0,100.0,4422300.0
1112,2021-10-19 03:38:12,6880.0,1200.0,4422200.0
1113,2021-10-19 03:38:02,6880.0,500.0,4421000.0
1114,2021-10-19 03:37:33,6880.0,500.0,4420500.0
1115,2021-10-19 03:37:16,6870.0,16000.0,4420000.0
1116,2021-10-19 03:37:16,6880.0,200.0,4404000.0
1117,2021-10-19 03:36:55,6880.0,300.0,4403800.0
1118,2021-10-19 03:36:41,6880.0,200.0,4403500.0
1119,2021-10-19 03:36:31,6880.0,500.0,4403300.0
1120,2021-10-19 03:36:25,6880.0,2000.0,4402800.0
1121,2021-10-19 03:36:24,6880.0,3600.0,4400800.0
1122,2021-10-19 03:36:24,6880.0,1500.0,4397200.0
1123,2021-10-19 03:36:24,6880.0,200.0,4395700.0
1124,2021-10-19 03:36:24,6880.0,4700.0,4395500.0
1125,2021-10-19 03:36:02,6880.0,1700.0,4390800.0
1126,2021-10-19 03:36:02,6880.0,100.0,4389100.0
1127,2021-10-19 03:36:02,6880.0,400.0,4389000.0
1128,2021-10-19 03:36:02,6880.0,2000.0,4388600.0
1129,2021-10-19 03:36:02,6880.0,700.0,4386600.0
1130,2021-10-19 03:36:02,6880.0,100.0,4385900.0
1131,2021-10-19 03:35:53,6890.0,300.0,4385800.0
1132,2021-10-19 03:35:51,6880.0,1000.0,4385500.0
1133,2021-10-19 03:35:50,6890.0,1000.0,4384500.0
1134,2021-10-19 03:35:39,6880.0,200.0,4383500.0
1135,2021-10-19 03:35:30,6880.0,500.0,4383300.0
1136,2021-10-19 03:35:15,6880.0,3000.0,4382800.0
1137,2021-10-19 03:35:00,6880.0,600.0,4379800.0
1138,2021-10-19 03:34:51,6890.0,200.0,4379200.0
1139,2021-10-19 03:34:45,6880.0,2600.0,4379000.0
1140,2021-10-19 03:34:40,6880.0,1000.0,4376400.0
1141,2021-10-19 03:34:40,6880.0,2400.0,4375400.0
1142,2021-10-19 03:33:57,6880.0,2800.0,4373000.0
1143,2021-10-19 03:33:57,6880.0,500.0,4370200.0
1144,2021-10-19 03:33:57,6880.0,2000.0,4369700.0
1145,2021-10-19 03:33:57,6880.0,3600.0,4367700.0
1146,2021-10-19 03:33:43,6880.0,1400.0,4364100.0
1147,2021-10-19 03:33:43,6880.0,1600.0,4362700.0
1148,2021-10-19 03:33:36,6880.0,400.0,4361100.0
1149,2021-10-19 03:33:36,6880.0,1000.0,4360700.0
1150,2021-10-19 03:33:36,6880.0,600.0,4359700.0
1151,2021-10-19 03:33:22,6880.0,1000.0,4359100.0
1152,2021-10-19 03:33:16,6880.0,4000.0,4358100.0
1153,2021-10-19 03:32:36,6880.0,6900.0,4354100.0
1154,2021-10-19 03:32:28,6890.0,500.0,4347200.0
1155,2021-10-19 03:32:17,6880.0,900.0,4346700.0
1156,2021-10-19 03:32:17,6880.0,600.0,4345800.0
1157,2021-10-19 03:32:06,6880.0,400.0,4345200.0
1158,2021-10-19 03:32:06,6880.0,600.0,4344800.0
1159,2021-10-19 03:31:55,6880.0,300.0,4344200.0
1160,2021-10-19 03:31:51,6880.0,100.0,4343900.0
1161,2021-10-19 03:31:51,6880.0,300.0,4343800.0
1162,2021-10-19 03:31:42,6880.0,100.0,4343500.0
1163,2021-10-19 03:31:39,6880.0,500.0,4343400.0
1164,2021-10-19 03:31:34,6880.0,4100.0,4342900.0
1165,2021-10-19 03:31:34,6880.0,1000.0,4338800.0
1166,2021-10-19 03:31:34,6880.0,700.0,4337800.0
1167,2021-10-19 03:31:34,6870.0,1000.0,4337100.0
1168,2021-10-19 03:31:21,6880.0,4300.0,4336100.0
1169,2021-10-19 03:31:21,6880.0,100.0,4331800.0
1170,2021-10-19 03:31:21,6880.0,500.0,4331700.0
1171,2021-10-19 03:31:21,6880.0,10000.0,4331200.0
1172,2021-10-19 03:31:21,6880.0,100.0,4321200.0
1173,2021-10-19 03:31:07,6870.0,2000.0,4321100.0
1174,2021-10-19 03:30:57,6870.0,20000.0,4319100.0
1175,2021-10-19 03:30:27,6870.0,10000.0,4299100.0
1176,2021-10-19 03:30:25,6870.0,200.0,4289100.0
1177,2021-10-19 03:30:25,6870.0,5000.0,4288900.0
1178,2021-10-19 03:30:25,6870.0,100.0,4283900.0
1179,2021-10-19 03:30:25,6870.0,3700.0,4283800.0
1180,2021-10-19 03:30:01,6870.0,300.0,4280100.0
1181,2021-10-19 03:30:00,6860.0,20000.0,4279800.0
1182,2021-10-19 03:29:50,6870.0,600.0,4259800.0
1183,2021-10-19 03:29:50,6860.0,15000.0,4259200.0
1184,2021-10-19 03:29:36,6860.0,13200.0,4244200.0
1185,2021-10-19 03:29:36,6860.0,3000.0,4231000.0
1186,2021-10-19 03:29:36,6860.0,1000.0,4228000.0
1187,2021-10-19 03:29:36,6860.0,1000.0,4227000.0
1188,2021-10-19 03:29:36,6860.0,100.0,4226000.0
1189,2021-10-19 03:29:36,6860.0,100.0,4225900.0
1190,2021-10-19 03:29:36,6860.0,1400.0,4225800.0
1191,2021-10-19 03:29:36,6860.0,200.0,4224400.0
1192,2021-10-19 03:29:28,6860.0,200.0,4224200.0
1193,2021-10-19 03:29:28,6860.0,100.0,4224000.0
1194,2021-10-19 03:29:18,6870.0,2000.0,4223900.0
1195,2021-10-19 03:29:08,6870.0,100.0,4221900.0
1196,2021-10-19 03:28:24,6870.0,1000.0,4221800.0
1197,2021-10-19 03:28:24,6870.0,2000.0,4220800.0
1198,2021-10-19 03:28:24,6870.0,1400.0,4218800.0
1199,2021-10-19 03:28:12,6880.0,100.0,4217400.0
1200,2021-10-19 03:27:37,6880.0,900.0,4217300.0
1201,2021-10-19 03:27:35,6880.0,100.0,4216400.0
1202,2021-10-19 03:27:09,6880.0,100.0,4216300.0
1203,2021-10-19 03:26:47,6880.0,1700.0,4216200.0
1204,2021-10-19 03:26:43,6880.0,2700.0,4214500.0
1205,2021-10-19 03:26:42,6880.0,2000.0,4211800.0
1206,2021-10-19 03:26:42,6880.0,5100.0,4209800.0
1207,2021-10-19 03:26:20,6890.0,2000.0,4204700.0
1208,2021-10-19 03:26:16,6890.0,1500.0,4202700.0
1209,2021-10-19 03:26:14,6880.0,44900.0,4201200.0
1210,2021-10-19 03:26:14,6880.0,400.0,4156300.0
1211,2021-10-19 03:26:02,6890.0,600.0,4155900.0
1212,2021-10-19 03:25:58,6880.0,600.0,4155300.0
1213,2021-10-19 03:25:58,6880.0,200.0,4154700.0
1214,2021-10-19 03:25:39,6890.0,1900.0,4154500.0
1215,2021-10-19 03:25:39,6890.0,400.0,4152600.0
1216,2021-10-19 03:25:20,6890.0,100.0,4152200.0
1217,2021-10-19 03:25:18,6890.0,400.0,4152100.0
1218,2021-10-19 03:25:18,6890.0,400.0,4151700.0
1219,2021-10-19 03:25:18,6890.0,200.0,4151300.0
1220,2021-10-19 03:25:13,6890.0,400.0,4151100.0
1221,2021-10-19 03:25:13,6900.0,4300.0,4150700.0
1222,2021-10-19 03:25:13,6900.0,100.0,4146400.0
1223,2021-10-19 03:25:13,6900.0,200.0,4146300.0
1224,2021-10-19 03:25:13,6900.0,400.0,4146100.0
1225,2021-10-19 03:24:39,6890.0,400.0,4145700.0
1226,2021-10-19 03:24:39,6890.0,100.0,4145300.0
1227,2021-10-19 03:24:26,6890.0,200.0,4145200.0
1228,2021-10-19 03:24:26,6890.0,3000.0,4145000.0
1229,2021-10-19 03:24:26,6890.0,3300.0,4142000.0
1230,2021-10-19 03:24:03,6880.0,300.0,4138700.0
1231,2021-10-19 03:23:50,6880.0,500.0,4138400.0
1232,2021-10-19 03:23:40,6880.0,300.0,4137900.0
1233,2021-10-19 03:23:29,6870.0,600.0,4137600.0
1234,2021-10-19 03:23:29,6870.0,100.0,4137000.0
1235,2021-10-19 03:23:29,6870.0,100.0,4136900.0
1236,2021-10-19 03:23:29,6870.0,200.0,4136800.0
1237,2021-10-19 03:23:29,6870.0,8400.0,4136600.0
1238,2021-10-19 03:23:29,6880.0,4000.0,4128200.0
1239,2021-10-19 03:23:29,6880.0,100.0,4124200.0
1240,2021-10-19 03:23:29,6880.0,100.0,4124100.0
1241,2021-10-19 03:23:29,6880.0,400.0,4124000.0
1242,2021-10-19 03:23:18,6890.0,4000.0,4123600.0
1243,2021-10-19 03:23:11,6890.0,100.0,4119600.0
1244,2021-10-19 03:23:11,6890.0,2600.0,4119500.0
1245,2021-10-19 03:22:39,6890.0,7500.0,4116900.0
1246,2021-10-19 03:22:39,6890.0,39900.0,4109400.0
1247,2021-10-19 03:22:33,6890.0,100.0,4069500.0
1248,2021-10-19 03:22:14,6880.0,100.0,4069400.0
1249,2021-10-19 03:21:47,6890.0,100.0,4069300.0
1250,2021-10-19 03:21:38,6890.0,6500.0,4069200.0
1251,2021-10-19 03:21:22,6890.0,100.0,4062700.0
1252,2021-10-19 03:21:19,6880.0,100.0,4062600.0
1253,2021-10-19 03:21:01,6890.0,500.0,4062500.0
1254,2021-10-19 03:21:00,6890.0,1000.0,4062000.0
1255,2021-10-19 03:21:00,6890.0,100.0,4061000.0
1256,2021-10-19 03:20:58,6890.0,6000.0,4060900.0
1257,2021-10-19 03:20:52,6890.0,100.0,4054900.0
1258,2021-10-19 03:20:52,6890.0,400.0,4054800.0
1259,2021-10-19 03:20:45,6890.0,100.0,4054400.0
1260,2021-10-19 03:19:58,6880.0,100.0,4054300.0
1261,2021-10-19 03:19:58,6880.0,100.0,4054200.0
1262,2021-10-19 03:19:47,6880.0,100.0,4054100.0
1263,2021-10-19 03:19:47,6880.0,1800.0,4054000.0
1264,2021-10-19 03:19:47,6880.0,10000.0,4052200.0
1265,2021-10-19 03:19:47,6880.0,100.0,4042200.0
1266,2021-10-19 03:19:29,6870.0,600.0,4042100.0
1267,2021-10-19 03:19:09,6870.0,500.0,4041500.0
1268,2021-10-19 03:18:21,6870.0,200.0,4041000.0
1269,2021-10-19 03:18:15,6870.0,400.0,4040800.0
1270,2021-10-19 03:18:13,6870.0,100.0,4040400.0
1271,2021-10-19 03:18:01,6860.0,900.0,4040300.0
1272,2021-10-19 03:18:01,6860.0,400.0,4039400.0
1273,2021-10-19 03:18:01,6870.0,400.0,4039000.0
1274,2021-10-19 03:18:01,6870.0,400.0,4038600.0
1275,2021-10-19 03:18:01,6870.0,400.0,4038200.0
1276,2021-10-19 03:17:35,6870.0,100.0,4037800.0
1277,2021-10-19 03:17:13,6860.0,100.0,4037700.0
1278,2021-10-19 03:17:03,6860.0,100.0,4037600.0
1279,2021-10-19 03:17:03,6860.0,100.0,4037500.0
1280,2021-10-19 03:17:02,6860.0,400.0,4037400.0
1281,2021-10-19 03:17:02,6860.0,100.0,4037000.0
1282,2021-10-19 03:16:58,6860.0,100.0,4036900.0
1283,2021-10-19 03:16:58,6860.0,500.0,4036800.0
1284,2021-10-19 03:16:58,6860.0,400.0,4036300.0
1285,2021-10-19 03:16:58,6860.0,5600.0,4035900.0
1286,2021-10-19 03:16:53,6860.0,1000.0,4030300.0
1287,2021-10-19 03:16:34,6860.0,1000.0,4029300.0
1288,2021-10-19 03:16:32,6850.0,100.0,4028300.0
1289,2021-10-19 03:16:32,6850.0,100.0,4028200.0
1290,2021-10-19 03:16:32,6850.0,800.0,4028100.0
1291,2021-10-19 03:16:06,6860.0,1000.0,4027300.0
1292,2021-10-19 03:15:42,6860.0,100.0,4026300.0
1293,2021-10-19 03:15:24,6860.0,400.0,4026200.0
1294,2021-10-19 03:15:24,6860.0,700.0,4025800.0
1295,2021-10-19 03:15:24,6860.0,100.0,4025100.0
1296,2021-10-19 03:15:24,6860.0,100.0,4025000.0
1297,2021-10-19 03:14:55,6880.0,1000.0,4024900.0
1298,2021-10-19 03:14:47,6860.0,100.0,4023900.0
1299,2021-10-19 03:14:32,6880.0,700.0,4023800.0
1300,2021-10-19 03:14:29,6880.0,700.0,4023100.0
1301,2021-10-19 03:14:29,6880.0,100.0,4022400.0
1302,2021-10-19 03:14:29,6880.0,200.0,4022300.0
1303,2021-10-19 03:13:55,6880.0,2300.0,4022100.0
1304,2021-10-19 03:13:55,6870.0,1000.0,4019800.0
1305,2021-10-19 03:13:37,6880.0,1000.0,4018800.0
1306,2021-10-19 03:13:37,6880.0,200.0,4017800.0
1307,2021-10-19 03:13:28,6880.0,100.0,4017600.0
1308,2021-10-19 03:13:20,6880.0,5000.0,4017500.0
1309,2021-10-19 03:13:18,6850.0,100.0,4012500.0
1310,2021-10-19 03:13:18,6850.0,300.0,4012400.0
1311,2021-10-19 03:13:18,6850.0,1500.0,4012100.0
1312,2021-10-19 03:13:18,6850.0,3100.0,4010600.0
1313,2021-10-19 03:13:07,6850.0,2700.0,4007500.0
1314,2021-10-19 03:13:07,6860.0,2900.0,4004800.0
1315,2021-10-19 03:13:07,6860.0,1600.0,4001900.0
1316,2021-10-19 03:12:57,6860.0,100.0,4000300.0
1317,2021-10-19 03:12:57,6860.0,2300.0,4000200.0
1318,2021-10-19 03:12:53,6860.0,700.0,3997900.0
1319,2021-10-19 03:12:53,6860.0,100.0,3997200.0
1320,2021-10-19 03:12:53,6860.0,200.0,3997100.0
1321,2021-10-19 03:12:47,6860.0,1000.0,3996900.0
1322,2021-10-19 03:12:41,6860.0,100.0,3995900.0
1323,2021-10-19 03:12:30,6860.0,200.0,3995800.0
1324,2021-10-19 03:12:22,6860.0,1800.0,3995600.0
1325,2021-10-19 03:12:06,6860.0,500.0,3993800.0
1326,2021-10-19 03:12:05,6850.0,500.0,3993300.0
1327,2021-10-19 03:11:49,6850.0,500.0,3992800.0
1328,2021-10-19 03:11:48,6860.0,500.0,3992300.0
1329,2021-10-19 03:11:44,6860.0,3000.0,3991800.0
1330,2021-10-19 03:11:41,6860.0,2000.0,3988800.0
1331,2021-10-19 03:11:41,6860.0,3000.0,3986800.0
1332,2021-10-19 03:11:41,6860.0,500.0,3983800.0
1333,2021-10-19 03:11:41,6860.0,1600.0,3983300.0
1334,2021-10-19 03:11:41,6870.0,2500.0,3981700.0
1335,2021-10-19 03:11:41,6870.0,1800.0,3979200.0
1336,2021-10-19 03:11:41,6870.0,1000.0,3977400.0
1337,2021-10-19 03:11:41,6870.0,200.0,3976400.0
1338,2021-10-19 03:11:41,6880.0,100.0,3976200.0
1339,2021-10-19 03:11:35,6890.0,100.0,3976100.0
1340,2021-10-19 03:11:27,6890.0,200.0,3976000.0
1341,2021-10-19 03:11:27,6890.0,200.0,3975800.0
1342,2021-10-19 03:11:27,6890.0,4500.0,3975600.0
1343,2021-10-19 03:11:16,6890.0,3000.0,3971100.0
1344,2021-10-19 03:11:16,6890.0,4500.0,3968100.0
1345,2021-10-19 03:11:08,6890.0,1000.0,3963600.0
1346,2021-10-19 03:10:56,6890.0,100.0,3962600.0
1347,2021-10-19 03:10:48,6890.0,2500.0,3962500.0
1348,2021-10-19 03:10:48,6890.0,1000.0,3960000.0
1349,2021-10-19 03:10:48,6890.0,100.0,3959000.0
1350,2021-10-19 03:10:48,6890.0,200.0,3958900.0
1351,2021-10-19 03:10:48,6890.0,300.0,3958700.0
1352,2021-10-19 03:10:44,6900.0,200.0,3958400.0
1353,2021-10-19 03:10:23,6900.0,2700.0,3958200.0
1354,2021-10-19 03:10:19,6900.0,5000.0,3955500.0
1355,2021-10-19 03:10:19,6900.0,200.0,3950500.0
1356,2021-10-19 03:10:19,6900.0,100.0,3950300.0
1357,2021-10-19 03:10:19,6900.0,22500.0,3950200.0
1358,2021-10-19 03:10:13,6910.0,100.0,3927700.0
1359,2021-10-19 03:10:11,6910.0,3900.0,3927600.0
1360,2021-10-19 03:10:11,6910.0,3800.0,3923700.0
1361,2021-10-19 03:10:11,6910.0,1000.0,3919900.0
1362,2021-10-19 03:10:11,6910.0,100.0,3918900.0
1363,2021-10-19 03:10:11,6910.0,100.0,3918800.0
1364,2021-10-19 03:10:11,6910.0,100.0,3918700.0
1365,2021-10-19 03:10:11,6910.0,1000.0,3918600.0
1366,2021-10-19 03:09:56,6930.0,500.0,3917600.0
1367,2021-10-19 03:09:48,6930.0,900.0,3917100.0
1368,2021-10-19 03:09:48,6920.0,100.0,3916200.0
1369,2021-10-19 03:09:41,6930.0,1800.0,3916100.0
1370,2021-10-19 03:09:41,6920.0,1200.0,3914300.0
1371,2021-10-19 03:09:39,6920.0,100.0,3913100.0
1372,2021-10-19 03:09:35,6920.0,400.0,3913000.0
1373,2021-10-19 03:09:35,6920.0,10300.0,3912600.0
1374,2021-10-19 03:09:35,6920.0,8000.0,3902300.0
1375,2021-10-19 03:09:25,6930.0,100.0,3894300.0
1376,2021-10-19 03:09:21,6920.0,2000.0,3894200.0
1377,2021-10-19 03:09:18,6930.0,3000.0,3892200.0
1378,2021-10-19 03:09:10,6930.0,400.0,3889200.0
1379,2021-10-19 03:09:02,6930.0,500.0,3888800.0
1380,2021-10-19 03:08:54,6940.0,1000.0,3888300.0
1381,2021-10-19 03:08:36,6940.0,2700.0,3887300.0
1382,2021-10-19 03:08:35,6940.0,300.0,3884600.0
1383,2021-10-19 03:08:35,6940.0,500.0,3884300.0
1384,2021-10-19 03:08:35,6940.0,300.0,3883800.0
1385,2021-10-19 03:08:30,6940.0,500.0,3883500.0
1386,2021-10-19 03:08:25,6950.0,1000.0,3883000.0
1387,2021-10-19 03:08:15,6940.0,100.0,3882000.0
1388,2021-10-19 03:08:06,6970.0,500.0,3881900.0
1389,2021-10-19 03:08:01,6970.0,3100.0,3881400.0
1390,2021-10-19 03:07:59,6970.0,500.0,3878300.0
1391,2021-10-19 03:07:59,6970.0,2400.0,3877800.0
1392,2021-10-19 03:07:52,6970.0,600.0,3875400.0
1393,2021-10-19 03:07:52,6970.0,400.0,3874800.0
1394,2021-10-19 03:07:50,6970.0,5000.0,3874400.0
1395,2021-10-19 03:07:50,6980.0,4000.0,3869400.0
1396,2021-10-19 03:07:50,6950.0,1000.0,3865400.0
1397,2021-10-19 03:07:50,6950.0,100.0,3864400.0
1398,2021-10-19 03:07:46,6950.0,500.0,3864300.0
1399,2021-10-19 03:07:46,6950.0,1000.0,3863800.0
1400,2021-10-19 03:07:46,6950.0,100.0,3862800.0
1401,2021-10-19 03:07:46,6950.0,500.0,3862700.0
1402,2021-10-19 03:07:46,6970.0,1800.0,3862200.0
1403,2021-10-19 03:07:43,6970.0,200.0,3860400.0
1404,2021-10-19 03:07:40,6970.0,1000.0,3860200.0
1405,2021-10-19 03:07:30,6980.0,1000.0,3859200.0
1406,2021-10-19 03:07:29,6980.0,700.0,3858200.0
1407,2021-10-19 03:07:29,6970.0,600.0,3857500.0
1408,2021-10-19 03:07:29,6970.0,300.0,3856900.0
1409,2021-10-19 03:07:29,6970.0,300.0,3856600.0
1410,2021-10-19 03:07:29,6970.0,100.0,3856300.0
1411,2021-10-19 03:07:29,6970.0,100.0,3856200.0
1412,2021-10-19 03:07:29,6970.0,100.0,3856100.0
1413,2021-10-19 03:07:19,6970.0,500.0,3856000.0
1414,2021-10-19 03:07:16,6970.0,700.0,3855500.0
1415,2021-10-19 03:07:11,6970.0,200.0,3854800.0
1416,2021-10-19 03:07:10,6970.0,100.0,3854600.0
1417,2021-10-19 03:07:10,6970.0,1000.0,3854500.0
1418,2021-10-19 03:07:10,6970.0,2100.0,3853500.0
1419,2021-10-19 03:07:06,6980.0,200.0,3851400.0
1420,2021-10-19 03:07:03,6970.0,1000.0,3851200.0
1421,2021-10-19 03:06:57,6970.0,8500.0,3850200.0
1422,2021-10-19 03:06:53,6970.0,1100.0,3841700.0
1423,2021-10-19 03:06:45,6970.0,300.0,3840600.0
1424,2021-10-19 03:06:39,6970.0,100.0,3840300.0
1425,2021-10-19 03:06:33,6980.0,100.0,3840200.0
1426,2021-10-19 03:06:28,6980.0,1200.0,3840100.0
1427,2021-10-19 03:06:25,6980.0,100.0,3838900.0
1428,2021-10-19 03:06:25,6980.0,500.0,3838800.0
1429,2021-10-19 03:06:25,6980.0,200.0,3838300.0
1430,2021-10-19 03:06:24,6980.0,100.0,3838100.0
1431,2021-10-19 03:06:19,6980.0,300.0,3838000.0
1432,2021-10-19 03:06:18,6980.0,300.0,3837700.0
1433,2021-10-19 03:06:11,6980.0,300.0,3837400.0
1434,2021-10-19 03:06:11,6980.0,800.0,3837100.0
1435,2021-10-19 03:06:11,6980.0,200.0,3836300.0
1436,2021-10-19 03:06:08,6980.0,100.0,3836100.0
1437,2021-10-19 03:06:03,6980.0,500.0,3836000.0
1438,2021-10-19 03:06:03,6980.0,500.0,3835500.0
1439,2021-10-19 03:06:03,6980.0,8700.0,3835000.0
1440,2021-10-19 03:05:58,6980.0,600.0,3826300.0
1441,2021-10-19 03:05:57,6990.0,4000.0,3825700.0
1442,2021-10-19 03:05:57,6990.0,500.0,3821700.0
1443,2021-10-19 03:05:57,6990.0,100.0,3821200.0
1444,2021-10-19 03:05:56,6990.0,1000.0,3821100.0
1445,2021-10-19 03:05:53,6980.0,3000.0,3820100.0
1446,2021-10-19 03:05:53,6980.0,2000.0,3817100.0
1447,2021-10-19 03:05:52,6990.0,300.0,3815100.0
1448,2021-10-19 03:05:48,6990.0,1000.0,3814800.0
1449,2021-10-19 03:05:41,6990.0,200.0,3813800.0
1450,2021-10-19 03:05:38,6990.0,200.0,3813600.0
1451,2021-10-19 03:05:34,6990.0,100.0,3813400.0
1452,2021-10-19 03:05:33,6990.0,2400.0,3813300.0
1453,2021-10-19 03:05:32,6990.0,100.0,3810900.0
1454,2021-10-19 03:05:32,6990.0,1100.0,3810800.0
1455,2021-10-19 03:05:32,6990.0,200.0,3809700.0
1456,2021-10-19 03:05:32,6990.0,300.0,3809500.0
1457,2021-10-19 03:05:30,6990.0,100.0,3809200.0
1458,2021-10-19 03:05:28,6990.0,500.0,3809100.0
1459,2021-10-19 03:05:23,6990.0,600.0,3808600.0
1460,2021-10-19 03:05:23,6980.0,400.0,3808000.0
1461,2021-10-19 03:05:23,6980.0,500.0,3807600.0
1462,2021-10-19 03:05:23,6980.0,2700.0,3807100.0
1463,2021-10-19 03:05:16,6980.0,600.0,3804400.0
1464,2021-10-19 03:05:15,6980.0,800.0,3803800.0
1465,2021-10-19 03:05:15,6980.0,2000.0,3803000.0
1466,2021-10-19 03:05:15,6980.0,100.0,3801000.0
1467,2021-10-19 03:05:15,6980.0,1000.0,3800900.0
1468,2021-10-19 03:05:15,6980.0,100.0,3799900.0
1469,2021-10-19 03:05:15,6980.0,500.0,3799800.0
1470,2021-10-19 03:05:15,6980.0,1500.0,3799300.0
1471,2021-10-19 03:05:12,6980.0,600.0,3797800.0
1472,2021-10-19 03:05:10,6980.0,600.0,3797200.0
1473,2021-10-19 03:05:09,6980.0,900.0,3796600.0
1474,2021-10-19 03:05:08,6980.0,1500.0,3795700.0
1475,2021-10-19 03:04:59,6980.0,4900.0,3794200.0
1476,2021-10-19 03:04:59,6970.0,100.0,3789300.0
1477,2021-10-19 03:04:59,6970.0,100.0,3789200.0
1478,2021-10-19 03:04:59,6960.0,1000.0,3789100.0
1479,2021-10-19 03:04:59,6950.0,100.0,3788100.0
1480,2021-10-19 03:04:59,6950.0,3800.0,3788000.0
1481,2021-10-19 03:04:57,6950.0,500.0,3784200.0
1482,2021-10-19 03:04:57,6950.0,600.0,3783700.0
1483,2021-10-19 03:04:53,6950.0,200.0,3783100.0
1484,2021-10-19 03:04:47,6950.0,3000.0,3782900.0
1485,2021-10-19 03:04:47,6950.0,500.0,3779900.0
1486,2021-10-19 03:04:46,6940.0,100.0,3779400.0
1487,2021-10-19 03:04:46,6940.0,100.0,3779300.0
1488,2021-10-19 03:04:45,6950.0,600.0,3779200.0
1489,2021-10-19 03:04:44,6950.0,500.0,3778600.0
1490,2021-10-19 03:04:41,6940.0,300.0,3778100.0
1491,2021-10-19 03:04:41,6950.0,300.0,3777800.0
1492,2021-10-19 03:04:41,6950.0,100.0,3777500.0
1493,2021-10-19 03:04:39,6950.0,300.0,3777400.0
1494,2021-10-19 03:04:33,6950.0,100.0,3777100.0
1495,2021-10-19 03:04:33,6950.0,900.0,3777000.0
1496,2021-10-19 03:04:32,6950.0,100.0,3776100.0
1497,2021-10-19 03:04:32,6950.0,400.0,3776000.0
1498,2021-10-19 03:04:30,6950.0,1300.0,3775600.0
1499,2021-10-19 03:04:30,6950.0,500.0,3774300.0
1500,2021-10-19 03:04:30,6950.0,3200.0,3773800.0
1501,2021-10-19 03:04:29,6950.0,500.0,3770600.0
1502,2021-10-19 03:04:28,6950.0,1700.0,3770100.0
1503,2021-10-19 03:04:12,6950.0,500.0,3768400.0
1504,2021-10-19 03:04:10,6950.0,4100.0,3767900.0
1505,2021-10-19 03:04:10,6950.0,200.0,3763800.0
1506,2021-10-19 03:04:10,6950.0,700.0,3763600.0
1507,2021-10-19 03:04:08,6950.0,500.0,3762900.0
1508,2021-10-19 03:04:03,6950.0,200.0,3762400.0
1509,2021-10-19 03:03:57,6950.0,200.0,3762200.0
1510,2021-10-19 03:03:43,6950.0,1400.0,3762000.0
1511,2021-10-19 03:03:43,6930.0,200.0,3760600.0
1512,2021-10-19 03:03:43,6920.0,3400.0,3760400.0
1513,2021-10-19 03:03:41,6920.0,1000.0,3757000.0
1514,2021-10-19 03:03:41,6920.0,500.0,3756000.0
1515,2021-10-19 03:03:40,6920.0,5000.0,3755500.0
1516,2021-10-19 03:03:38,6900.0,2000.0,3750500.0
1517,2021-10-19 03:03:38,6920.0,500.0,3748500.0
1518,2021-10-19 03:03:35,6920.0,300.0,3748000.0
1519,2021-10-19 03:03:31,6920.0,1000.0,3747700.0
1520,2021-10-19 03:03:29,6920.0,1000.0,3746700.0
1521,2021-10-19 03:03:25,6920.0,200.0,3745700.0
1522,2021-10-19 03:03:24,6920.0,500.0,3745500.0
1523,2021-10-19 03:03:24,6920.0,500.0,3745000.0
1524,2021-10-19 03:03:23,6900.0,2000.0,3744500.0
1525,2021-10-19 03:03:15,6900.0,300.0,3742500.0
1526,2021-10-19 03:03:15,6900.0,3000.0,3742200.0
1527,2021-10-19 03:03:15,6900.0,400.0,3739200.0
1528,2021-10-19 03:03:15,6900.0,1000.0,3738800.0
1529,2021-10-19 03:03:15,6900.0,1000.0,3737800.0
1530,2021-10-19 03:03:15,6900.0,200.0,3736800.0
1531,2021-10-19 03:03:15,6900.0,15000.0,3736600.0
1532,2021-10-19 03:03:15,6900.0,2600.0,3721600.0
1533,2021-10-19 03:03:15,6900.0,400.0,3719000.0
1534,2021-10-19 03:03:15,6900.0,500.0,3718600.0
1535,2021-10-19 03:03:15,6900.0,100.0,3718100.0
1536,2021-10-19 03:03:14,6900.0,900.0,3718000.0
1537,2021-10-19 03:03:14,6900.0,100.0,3717100.0
1538,2021-10-19 03:03:14,6900.0,3000.0,3717000.0
1539,2021-10-19 03:03:14,6900.0,500.0,3714000.0
1540,2021-10-19 03:03:14,6900.0,1500.0,3713500.0
1541,2021-10-19 03:03:14,6900.0,1000.0,3712000.0
1542,2021-10-19 03:03:14,6900.0,5000.0,3711000.0
1543,2021-10-19 03:03:14,6900.0,3000.0,3706000.0
1544,2021-10-19 03:03:11,6900.0,2000.0,3703000.0
1545,2021-10-19 03:03:11,6900.0,2200.0,3701000.0
1546,2021-10-19 03:03:11,6900.0,1000.0,3698800.0
1547,2021-10-19 03:03:09,6900.0,1800.0,3697800.0
1548,2021-10-19 03:03:09,6900.0,1300.0,3696000.0
1549,2021-10-19 03:03:09,6900.0,3000.0,3694700.0
1550,2021-10-19 03:03:09,6900.0,5000.0,3691700.0
1551,2021-10-19 03:03:09,6900.0,200.0,3686700.0
1552,2021-10-19 03:03:09,6900.0,1000.0,3686500.0
1553,2021-10-19 03:03:09,6900.0,100.0,3685500.0
1554,2021-10-19 03:03:09,6900.0,2600.0,3685400.0
1555,2021-10-19 03:03:08,6900.0,100.0,3682800.0
1556,2021-10-19 03:03:02,6900.0,1000.0,3682700.0
1557,2021-10-19 03:02:57,6900.0,500.0,3681700.0
1558,2021-10-19 03:02:53,6900.0,500.0,3681200.0
1559,2021-10-19 03:02:43,6900.0,1000.0,3680700.0
1560,2021-10-19 03:02:41,6900.0,1000.0,3679700.0
1561,2021-10-19 03:02:41,6900.0,1000.0,3678700.0
1562,2021-10-19 03:02:40,6900.0,1400.0,3677700.0
1563,2021-10-19 03:02:39,6900.0,800.0,3676300.0
1564,2021-10-19 03:02:36,6900.0,100.0,3675500.0
1565,2021-10-19 03:02:36,6900.0,400.0,3675400.0
1566,2021-10-19 03:02:35,6900.0,300.0,3675000.0
1567,2021-10-19 03:02:29,6900.0,3700.0,3674700.0
1568,2021-10-19 03:02:28,6900.0,200.0,3671000.0
1569,2021-10-19 03:02:26,6890.0,400.0,3670800.0
1570,2021-10-19 03:02:26,6900.0,400.0,3670400.0
1571,2021-10-19 03:02:26,6900.0,800.0,3670000.0
1572,2021-10-19 03:02:26,6900.0,2800.0,3669200.0
1573,2021-10-19 03:02:23,6900.0,200.0,3666400.0
1574,2021-10-19 03:02:12,6890.0,200.0,3666200.0
1575,2021-10-19 03:02:04,6890.0,3000.0,3666000.0
1576,2021-10-19 03:02:04,6890.0,100.0,3663000.0
1577,2021-10-19 03:02:04,6890.0,800.0,3662900.0
1578,2021-10-19 03:01:58,6880.0,400.0,3662100.0
1579,2021-10-19 03:01:54,6880.0,100.0,3661700.0
1580,2021-10-19 03:01:54,6880.0,300.0,3661600.0
1581,2021-10-19 03:01:47,6880.0,600.0,3661300.0
1582,2021-10-19 03:01:45,6880.0,100.0,3660700.0
1583,2021-10-19 03:01:44,6880.0,800.0,3660600.0
1584,2021-10-19 03:01:39,6880.0,5000.0,3659800.0
1585,2021-10-19 03:01:36,6880.0,500.0,3654800.0
1586,2021-10-19 03:01:31,6880.0,500.0,3654300.0
1587,2021-10-19 03:01:28,6880.0,2000.0,3653800.0
1588,2021-10-19 03:01:27,6880.0,500.0,3651800.0
1589,2021-10-19 03:01:25,6880.0,700.0,3651300.0
1590,2021-10-19 03:01:25,6880.0,4000.0,3650600.0
1591,2021-10-19 03:01:22,6880.0,900.0,3646600.0
1592,2021-10-19 03:01:10,6880.0,100.0,3645700.0
1593,2021-10-19 03:01:01,6860.0,1000.0,3645600.0
1594,2021-10-19 03:01:01,6860.0,2400.0,3644600.0
1595,2021-10-19 03:00:58,6850.0,1500.0,3642200.0
1596,2021-10-19 03:00:58,6850.0,100.0,3640700.0
1597,2021-10-19 03:00:58,6850.0,1000.0,3640600.0
1598,2021-10-19 03:00:58,6850.0,500.0,3639600.0
1599,2021-10-19 03:00:58,6850.0,6900.0,3639100.0
1600,2021-10-19 03:00:57,6860.0,2600.0,3632200.0
1601,2021-10-19 03:00:55,6860.0,1000.0,3629600.0
1602,2021-10-19 03:00:47,6850.0,300.0,3628600.0
1603,2021-10-19 03:00:47,6850.0,1500.0,3628300.0
1604,2021-10-19 03:00:47,6850.0,2000.0,3626800.0
1605,2021-10-19 03:00:47,6850.0,9300.0,3624800.0
1606,2021-10-19 03:00:45,6850.0,1700.0,3615500.0
1607,2021-10-19 03:00:43,6850.0,100.0,3613800.0
1608,2021-10-19 03:00:42,6850.0,400.0,3613700.0
1609,2021-10-19 03:00:42,6850.0,14600.0,3613300.0
1610,2021-10-19 03:00:41,6850.0,2000.0,3598700.0
1611,2021-10-19 03:00:33,6850.0,3400.0,3596700.0
1612,2021-10-19 03:00:33,6850.0,1000.0,3593300.0
1613,2021-10-19 03:00:33,6850.0,100.0,3592300.0
1614,2021-10-19 03:00:33,6850.0,1000.0,3592200.0
1615,2021-10-19 03:00:33,6850.0,500.0,3591200.0
1616,2021-10-19 03:00:31,6840.0,200.0,3590700.0
1617,2021-10-19 03:00:31,6840.0,300.0,3590500.0
1618,2021-10-19 03:00:24,6840.0,400.0,3590200.0
1619,2021-10-19 03:00:22,6840.0,300.0,3589800.0
1620,2021-10-19 03:00:19,6840.0,300.0,3589500.0
1621,2021-10-19 03:00:19,6840.0,200.0,3589200.0
1622,2021-10-19 03:00:17,6840.0,500.0,3589000.0
1623,2021-10-19 03:00:11,6840.0,300.0,3588500.0
1624,2021-10-19 03:00:11,6840.0,200.0,3588200.0
1625,2021-10-19 03:00:09,6840.0,100.0,3588000.0
1626,2021-10-19 03:00:03,6840.0,100.0,3587900.0
1627,2021-10-19 03:00:03,6840.0,800.0,3587800.0
1628,2021-10-19 03:00:00,6840.0,20000.0,3587000.0
1629,2021-10-19 03:00:00,6840.0,20000.0,3567000.0
1630,2021-10-19 02:59:55,6840.0,2900.0,3547000.0
1631,2021-10-19 02:59:55,6830.0,100.0,3544100.0
1632,2021-10-19 02:59:51,6840.0,200.0,3544000.0
1633,2021-10-19 02:59:45,6840.0,1000.0,3543800.0
1634,2021-10-19 02:59:43,6830.0,300.0,3542800.0
1635,2021-10-19 02:59:43,6830.0,1000.0,3542500.0
1636,2021-10-19 02:59:35,6820.0,100.0,3541500.0
1637,2021-10-19 02:59:35,6820.0,500.0,3541400.0
1638,2021-10-19 02:59:32,6820.0,100.0,3540900.0
1639,2021-10-19 02:59:32,6820.0,200.0,3540800.0
1640,2021-10-19 02:59:32,6820.0,2100.0,3540600.0
1641,2021-10-19 02:59:32,6820.0,3000.0,3538500.0
1642,2021-10-19 02:59:32,6820.0,3000.0,3535500.0
1643,2021-10-19 02:59:32,6820.0,1600.0,3532500.0
1644,2021-10-19 02:59:14,6800.0,1000.0,3530900.0
1645,2021-10-19 02:59:14,6800.0,2500.0,3529900.0
1646,2021-10-19 02:59:14,6800.0,2800.0,3527400.0
1647,2021-10-19 02:59:14,6800.0,700.0,3524600.0
1648,2021-10-19 02:59:14,6800.0,500.0,3523900.0
1649,2021-10-19 02:59:14,6800.0,2400.0,3523400.0
1650,2021-10-19 02:59:14,6810.0,100.0,3521000.0
1651,2021-10-19 02:58:50,6800.0,100.0,3520900.0
1652,2021-10-19 02:58:50,6800.0,2500.0,3520800.0
1653,2021-10-19 02:58:49,6800.0,1000.0,3518300.0
1654,2021-10-19 02:58:46,6800.0,300.0,3517300.0
1655,2021-10-19 02:58:44,6800.0,1200.0,3517000.0
1656,2021-10-19 02:58:44,6800.0,1300.0,3515800.0
1657,2021-10-19 02:58:44,6800.0,400.0,3514500.0
1658,2021-10-19 02:58:43,6800.0,700.0,3514100.0
1659,2021-10-19 02:58:43,6800.0,1000.0,3513400.0
1660,2021-10-19 02:58:42,6800.0,2000.0,3512400.0
1661,2021-10-19 02:58:41,6800.0,3000.0,3510400.0
1662,2021-10-19 02:58:40,6800.0,30000.0,3507400.0
1663,2021-10-19 02:58:35,6800.0,300.0,3477400.0
1664,2021-10-19 02:58:32,6800.0,500.0,3477100.0
1665,2021-10-19 02:58:30,6800.0,10800.0,3476600.0
1666,2021-10-19 02:58:30,6800.0,1000.0,3465800.0
1667,2021-10-19 02:58:30,6800.0,300.0,3464800.0
1668,2021-10-19 02:58:30,6800.0,10000.0,3464500.0
1669,2021-10-19 02:58:30,6800.0,100.0,3454500.0
1670,2021-10-19 02:58:30,6800.0,15000.0,3454400.0
1671,2021-10-19 02:58:30,6800.0,5000.0,3439400.0
1672,2021-10-19 02:58:30,6800.0,400.0,3434400.0
1673,2021-10-19 02:58:30,6800.0,900.0,3434000.0
1674,2021-10-19 02:58:30,6800.0,100.0,3433100.0
1675,2021-10-19 02:58:30,6800.0,3000.0,3433000.0
1676,2021-10-19 02:58:30,6800.0,500.0,3430000.0
1677,2021-10-19 02:58:30,6800.0,500.0,3429500.0
1678,2021-10-19 02:58:30,6800.0,500.0,3429000.0
1679,2021-10-19 02:58:30,6800.0,1000.0,3428500.0
1680,2021-10-19 02:58:30,6800.0,200.0,3427500.0
1681,2021-10-19 02:58:30,6800.0,600.0,3427300.0
1682,2021-10-19 02:58:30,6800.0,100.0,3426700.0
1683,2021-10-19 02:58:24,6800.0,900.0,3426600.0
1684,2021-10-19 02:58:24,6800.0,2000.0,3425700.0
1685,2021-10-19 02:58:24,6800.0,2000.0,3423700.0
1686,2021-10-19 02:58:24,6800.0,100.0,3421700.0
1687,2021-10-19 02:58:19,6800.0,5000.0,3421600.0
1688,2021-10-19 02:58:16,6800.0,500.0,3416600.0
1689,2021-10-19 02:58:14,6800.0,100.0,3416100.0
1690,2021-10-19 02:58:13,6800.0,500.0,3416000.0
1691,2021-10-19 02:58:11,6800.0,3000.0,3415500.0
1692,2021-10-19 02:58:08,6800.0,900.0,3412500.0
1693,2021-10-19 02:58:08,6800.0,100.0,3411600.0
1694,2021-10-19 02:58:08,6800.0,300.0,3411500.0
1695,2021-10-19 02:58:08,6800.0,300.0,3411200.0
1696,2021-10-19 02:58:08,6800.0,400.0,3410900.0
1697,2021-10-19 02:57:51,6800.0,4300.0,3410500.0
1698,2021-10-19 02:57:51,6800.0,1000.0,3406200.0
1699,2021-10-19 02:57:47,6800.0,4300.0,3405200.0
1700,2021-10-19 02:57:47,6800.0,700.0,3400900.0
1701,2021-10-19 02:57:28,6790.0,10000.0,3400200.0
1702,2021-10-19 02:57:19,6800.0,300.0,3390200.0
1703,2021-10-19 02:57:17,6790.0,200.0,3389900.0
1704,2021-10-19 02:57:06,6790.0,1000.0,3389700.0
1705,2021-10-19 02:57:06,6790.0,10000.0,3388700.0
1706,2021-10-19 02:57:06,6790.0,1000.0,3378700.0
1707,2021-10-19 02:57:06,6790.0,5400.0,3377700.0
1708,2021-10-19 02:57:00,6790.0,11000.0,3372300.0
1709,2021-10-19 02:56:59,6790.0,100.0,3361300.0
1710,2021-10-19 02:56:55,6790.0,2000.0,3361200.0
1711,2021-10-19 02:56:22,6790.0,1000.0,3359200.0
1712,2021-10-19 02:56:18,6790.0,1600.0,3358200.0
1713,2021-10-19 02:56:16,6790.0,1200.0,3356600.0
1714,2021-10-19 02:56:14,6790.0,100.0,3355400.0
1715,2021-10-19 02:56:08,6790.0,1000.0,3355300.0
1716,2021-10-19 02:56:03,6790.0,3700.0,3354300.0
1717,2021-10-19 02:55:54,6790.0,200.0,3350600.0
1718,2021-10-19 02:55:53,6790.0,900.0,3350400.0
1719,2021-10-19 02:55:44,6790.0,10000.0,3349500.0
1720,2021-10-19 02:55:43,6790.0,200.0,3339500.0
1721,2021-10-19 02:55:38,6790.0,1000.0,3339300.0
1722,2021-10-19 02:55:38,6790.0,300.0,3338300.0
1723,2021-10-19 02:55:37,6790.0,300.0,3338000.0
1724,2021-10-19 02:55:37,6790.0,2500.0,3337700.0
1725,2021-10-19 02:55:37,6790.0,1000.0,3335200.0
1726,2021-10-19 02:55:30,6790.0,6500.0,3334200.0
1727,2021-10-19 02:55:30,6790.0,100.0,3327700.0
1728,2021-10-19 02:55:30,6790.0,3400.0,3327600.0
1729,2021-10-19 02:55:23,6790.0,2000.0,3324200.0
1730,2021-10-19 02:55:20,6790.0,1000.0,3322200.0
1731,2021-10-19 02:55:15,6790.0,3600.0,3321200.0
1732,2021-10-19 02:55:06,6790.0,100.0,3317600.0
1733,2021-10-19 02:55:06,6790.0,1000.0,3317500.0
1734,2021-10-19 02:55:06,6790.0,10000.0,3316500.0
1735,2021-10-19 02:54:56,6780.0,600.0,3306500.0
1736,2021-10-19 02:54:55,6780.0,400.0,3305900.0
1737,2021-10-19 02:54:51,6780.0,1000.0,3305500.0
1738,2021-10-19 02:54:42,6780.0,400.0,3304500.0
1739,2021-10-19 02:54:35,6780.0,200.0,3304100.0
1740,2021-10-19 02:54:22,6780.0,2300.0,3303900.0
1741,2021-10-19 02:54:22,6780.0,800.0,3301600.0
1742,2021-10-19 02:54:22,6780.0,1000.0,3300800.0
1743,2021-10-19 02:54:22,6780.0,7000.0,3299800.0
1744,2021-10-19 02:54:22,6780.0,1800.0,3292800.0
1745,2021-10-19 02:54:19,6780.0,800.0,3291000.0
1746,2021-10-19 02:54:19,6760.0,100.0,3290200.0
1747,2021-10-19 02:54:06,6780.0,5000.0,3290100.0
1748,2021-10-19 02:54:00,6760.0,2100.0,3285100.0
1749,2021-10-19 02:53:56,6760.0,6300.0,3283000.0
1750,2021-10-19 02:53:53,6750.0,100.0,3276700.0
1751,2021-10-19 02:53:51,6760.0,100.0,3276600.0
1752,2021-10-19 02:53:51,6760.0,800.0,3276500.0
1753,2021-10-19 02:53:48,6760.0,700.0,3275700.0
1754,2021-10-19 02:53:48,6760.0,1400.0,3275000.0
1755,2021-10-19 02:53:38,6760.0,700.0,3273600.0
1756,2021-10-19 02:53:27,6750.0,10000.0,3272900.0
1757,2021-10-19 02:53:27,6760.0,1000.0,3262900.0
1758,2021-10-19 02:53:26,6760.0,6900.0,3261900.0
1759,2021-10-19 02:53:26,6760.0,100.0,3255000.0
1760,2021-10-19 02:53:12,6750.0,1600.0,3254900.0
1761,2021-10-19 02:53:12,6750.0,100.0,3253300.0
1762,2021-10-19 02:53:12,6750.0,2800.0,3253200.0
1763,2021-10-19 02:53:09,6750.0,15800.0,3250400.0
1764,2021-10-19 02:53:07,6750.0,1400.0,3234600.0
1765,2021-10-19 02:52:43,6740.0,8200.0,3233200.0
1766,2021-10-19 02:52:33,6740.0,1800.0,3225000.0
1767,2021-10-19 02:52:31,6740.0,2100.0,3223200.0
1768,2021-10-19 02:52:21,6740.0,100.0,3221100.0
1769,2021-10-19 02:52:18,6740.0,1000.0,3221000.0
1770,2021-10-19 02:52:16,6740.0,2000.0,3220000.0
1771,2021-10-19 02:52:13,6740.0,200.0,3218000.0
1772,2021-10-19 02:52:09,6740.0,4000.0,3217800.0
1773,2021-10-19 02:52:08,6740.0,500.0,3213800.0
1774,2021-10-19 02:52:08,6740.0,100.0,3213300.0
1775,2021-10-19 02:52:00,6750.0,3000.0,3213200.0
1776,2021-10-19 02:51:55,6750.0,8000.0,3210200.0
1777,2021-10-19 02:51:55,6750.0,500.0,3202200.0
1778,2021-10-19 02:51:55,6750.0,200.0,3201700.0
1779,2021-10-19 02:51:55,6750.0,3000.0,3201500.0
1780,2021-10-19 02:51:55,6750.0,100.0,3198500.0
1781,2021-10-19 02:51:55,6750.0,500.0,3198400.0
1782,2021-10-19 02:51:55,6750.0,700.0,3197900.0
1783,2021-10-19 02:51:48,6750.0,300.0,3197200.0
1784,2021-10-19 02:51:48,6750.0,1000.0,3196900.0
1785,2021-10-19 02:51:45,6730.0,10000.0,3195900.0
1786,2021-10-19 02:51:44,6750.0,700.0,3185900.0
1787,2021-10-19 02:51:44,6750.0,100.0,3185200.0
1788,2021-10-19 02:51:16,6750.0,100.0,3185100.0
1789,2021-10-19 02:51:16,6750.0,100.0,3185000.0
1790,2021-10-19 02:51:16,6750.0,800.0,3184900.0
1791,2021-10-19 02:51:16,6750.0,1000.0,3184100.0
1792,2021-10-19 02:50:37,6730.0,1000.0,3183100.0
1793,2021-10-19 02:50:37,6730.0,400.0,3182100.0
1794,2021-10-19 02:50:37,6730.0,3000.0,3181700.0
1795,2021-10-19 02:50:37,6730.0,8300.0,3178700.0
1796,2021-10-19 02:50:33,6730.0,100.0,3170400.0
1797,2021-10-19 02:50:30,6730.0,900.0,3170300.0
1798,2021-10-19 02:50:30,6730.0,1000.0,3169400.0
1799,2021-10-19 02:50:27,6730.0,800.0,3168400.0
1800,2021-10-19 02:50:24,6730.0,100.0,3167600.0
1801,2021-10-19 02:50:24,6730.0,1000.0,3167500.0
1802,2021-10-19 02:50:16,6730.0,1000.0,3166500.0
1803,2021-10-19 02:50:13,6730.0,400.0,3165500.0
1804,2021-10-19 02:50:06,6730.0,1000.0,3165100.0
1805,2021-10-19 02:50:06,6730.0,800.0,3164100.0
1806,2021-10-19 02:50:03,6730.0,500.0,3163300.0
1807,2021-10-19 02:49:55,6730.0,100.0,3162800.0
1808,2021-10-19 02:49:55,6730.0,600.0,3162700.0
1809,2021-10-19 02:49:55,6730.0,100.0,3162100.0
1810,2021-10-19 02:49:55,6730.0,100.0,3162000.0
1811,2021-10-19 02:49:55,6730.0,600.0,3161900.0
1812,2021-10-19 02:49:55,6730.0,1200.0,3161300.0
1813,2021-10-19 02:49:48,6730.0,800.0,3160100.0
1814,2021-10-19 02:49:48,6730.0,1000.0,3159300.0
1815,2021-10-19 02:49:48,6730.0,2500.0,3158300.0
1816,2021-10-19 02:49:47,6730.0,1000.0,3155800.0
1817,2021-10-19 02:49:41,6730.0,1500.0,3154800.0
1818,2021-10-19 02:49:41,6730.0,5000.0,3153300.0
1819,2021-10-19 02:49:41,6730.0,100.0,3148300.0
1820,2021-10-19 02:49:41,6740.0,3400.0,3148200.0
1821,2021-10-19 02:49:41,6740.0,300.0,3144800.0
1822,2021-10-19 02:49:41,6740.0,2300.0,3144500.0
1823,2021-10-19 02:49:41,6740.0,4700.0,3142200.0
1824,2021-10-19 02:49:40,6730.0,10000.0,3137500.0
1825,2021-10-19 02:49:39,6730.0,100.0,3127500.0
1826,2021-10-19 02:49:37,6730.0,200.0,3127400.0
1827,2021-10-19 02:49:29,6730.0,2000.0,3127200.0
1828,2021-10-19 02:49:22,6730.0,10000.0,3125200.0
1829,2021-10-19 02:49:18,6740.0,30000.0,3115200.0
1830,2021-10-19 02:49:13,6730.0,10000.0,3085200.0
1831,2021-10-19 02:49:06,6740.0,20000.0,3075200.0
1832,2021-10-19 02:48:59,6730.0,10000.0,3055200.0
1833,2021-10-19 02:48:56,6740.0,400.0,3045200.0
1834,2021-10-19 02:48:49,6730.0,10000.0,3044800.0
1835,2021-10-19 02:48:42,6730.0,100.0,3034800.0
1836,2021-10-19 02:48:36,6730.0,10000.0,3034700.0
1837,2021-10-19 02:48:34,6740.0,10000.0,3024700.0
1838,2021-10-19 02:48:33,6740.0,100.0,3014700.0
1839,2021-10-19 02:48:23,6730.0,900.0,3014600.0
1840,2021-10-19 02:48:23,6730.0,5000.0,3013700.0
1841,2021-10-19 02:48:23,6730.0,3000.0,3008700.0
1842,2021-10-19 02:48:23,6730.0,1100.0,3005700.0
1843,2021-10-19 02:48:18,6730.0,400.0,3004600.0
1844,2021-10-19 02:48:10,6730.0,1300.0,3004200.0
1845,2021-10-19 02:48:10,6730.0,1300.0,3002900.0
1846,2021-10-19 02:48:10,6730.0,1800.0,3001600.0
1847,2021-10-19 02:47:51,6730.0,200.0,2999800.0
1848,2021-10-19 02:47:36,6730.0,500.0,2999600.0
1849,2021-10-19 02:47:36,6730.0,3000.0,2999100.0
1850,2021-10-19 02:47:36,6730.0,300.0,2996100.0
1851,2021-10-19 02:47:36,6730.0,200.0,2995800.0
1852,2021-10-19 02:47:36,6730.0,5000.0,2995600.0
1853,2021-10-19 02:47:36,6730.0,700.0,2990600.0
1854,2021-10-19 02:47:36,6730.0,2000.0,2989900.0
1855,2021-10-19 02:47:36,6730.0,300.0,2987900.0
1856,2021-10-19 02:47:36,6730.0,2000.0,2987600.0
1857,2021-10-19 02:47:36,6730.0,1000.0,2985600.0
1858,2021-10-19 02:47:36,6730.0,500.0,2984600.0
1859,2021-10-19 02:47:36,6730.0,100.0,2984100.0
1860,2021-10-19 02:47:36,6730.0,2000.0,2984000.0
1861,2021-10-19 02:47:36,6730.0,300.0,2982000.0
1862,2021-10-19 02:47:36,6730.0,100.0,2981700.0
1863,2021-10-19 02:47:36,6730.0,1300.0,2981600.0
1864,2021-10-19 02:47:36,6730.0,5000.0,2980300.0
1865,2021-10-19 02:47:36,6730.0,500.0,2975300.0
1866,2021-10-19 02:47:36,6730.0,3200.0,2974800.0
1867,2021-10-19 02:47:27,6740.0,700.0,2971600.0
1868,2021-10-19 02:47:21,6730.0,300.0,2970900.0
1869,2021-10-19 02:47:20,6740.0,3000.0,2970600.0
1870,2021-10-19 02:47:14,6730.0,500.0,2967600.0
1871,2021-10-19 02:47:10,6740.0,2200.0,2967100.0
1872,2021-10-19 02:47:04,6740.0,5000.0,2964900.0
1873,2021-10-19 02:46:55,6730.0,200.0,2959900.0
1874,2021-10-19 02:46:54,6740.0,300.0,2959700.0
1875,2021-10-19 02:46:54,6740.0,600.0,2959400.0
1876,2021-10-19 02:46:54,6740.0,14100.0,2958800.0
1877,2021-10-19 02:46:52,6750.0,8900.0,2944700.0
1878,2021-10-19 02:46:47,6750.0,1000.0,2935800.0
1879,2021-10-19 02:46:45,6750.0,4100.0,2934800.0
1880,2021-10-19 02:46:45,6750.0,2000.0,2930700.0
1881,2021-10-19 02:46:45,6750.0,100.0,2928700.0
1882,2021-10-19 02:46:45,6750.0,2000.0,2928600.0
1883,2021-10-19 02:46:45,6750.0,1800.0,2926600.0
1884,2021-10-19 02:46:31,6750.0,200.0,2924800.0
1885,2021-10-19 02:46:31,6750.0,3500.0,2924600.0
1886,2021-10-19 02:46:30,6750.0,2900.0,2921100.0
1887,2021-10-19 02:46:30,6750.0,2000.0,2918200.0
1888,2021-10-19 02:46:30,6750.0,500.0,2916200.0
1889,2021-10-19 02:46:16,6750.0,7000.0,2915700.0
1890,2021-10-19 02:46:01,6740.0,3000.0,2908700.0
1891,2021-10-19 02:46:01,6740.0,4000.0,2905700.0
1892,2021-10-19 02:46:01,6740.0,8900.0,2901700.0
1893,2021-10-19 02:46:00,6740.0,1100.0,2892800.0
1894,2021-10-19 02:46:00,6740.0,1000.0,2891700.0
1895,2021-10-19 02:46:00,6740.0,100.0,2890700.0
1896,2021-10-19 02:46:00,6740.0,6000.0,2890600.0
1897,2021-10-19 02:46:00,6740.0,500.0,2884600.0
1898,2021-10-19 02:46:00,6740.0,1300.0,2884100.0
1899,2021-10-19 02:45:57,6740.0,400.0,2882800.0
1900,2021-10-19 02:45:56,6740.0,5000.0,2882400.0
1901,2021-10-19 02:45:45,6740.0,100.0,2877400.0
1902,2021-10-19 02:45:35,6740.0,500.0,2877300.0
1903,2021-10-19 02:45:35,6730.0,300.0,2876800.0
1904,2021-10-19 02:45:29,6730.0,3100.0,2876500.0
1905,2021-10-19 02:45:25,6730.0,2000.0,2873400.0
1906,2021-10-19 02:45:08,6730.0,500.0,2871400.0
1907,2021-10-19 02:45:07,6740.0,1200.0,2870900.0
1908,2021-10-19 02:45:06,6730.0,200.0,2869700.0
1909,2021-10-19 02:44:59,6730.0,10000.0,2869500.0
1910,2021-10-19 02:44:55,6730.0,100.0,2859500.0
1911,2021-10-19 02:44:54,6730.0,5600.0,2859400.0
1912,2021-10-19 02:44:54,6730.0,700.0,2853800.0
1913,2021-10-19 02:44:54,6730.0,400.0,2853100.0
1914,2021-10-19 02:44:50,6730.0,600.0,2852700.0
1915,2021-10-19 02:44:49,6730.0,3000.0,2852100.0
1916,2021-10-19 02:44:47,6730.0,10000.0,2849100.0
1917,2021-10-19 02:44:41,6730.0,100.0,2839100.0
1918,2021-10-19 02:44:40,6730.0,100.0,2839000.0
1919,2021-10-19 02:44:10,6730.0,5000.0,2838900.0
1920,2021-10-19 02:44:10,6730.0,400.0,2833900.0
1921,2021-10-19 02:44:10,6730.0,10000.0,2833500.0
1922,2021-10-19 02:44:10,6730.0,500.0,2823500.0
1923,2021-10-19 02:43:58,6730.0,800.0,2823000.0
1924,2021-10-19 02:43:50,6730.0,200.0,2822200.0
1925,2021-10-19 02:43:48,6730.0,100.0,2822000.0
1926,2021-10-19 02:43:48,6730.0,500.0,2821900.0
1927,2021-10-19 02:43:40,6730.0,500.0,2821400.0
1928,2021-10-19 02:43:37,6730.0,2000.0,2820900.0
1929,2021-10-19 02:43:21,6730.0,400.0,2818900.0
1930,2021-10-19 02:43:21,6730.0,100.0,2818500.0
1931,2021-10-19 02:43:15,6730.0,400.0,2818400.0
1932,2021-10-19 02:43:13,6720.0,100.0,2818000.0
1933,2021-10-19 02:43:07,6730.0,200.0,2817900.0
1934,2021-10-19 02:43:07,6730.0,800.0,2817700.0
1935,2021-10-19 02:42:55,6730.0,100.0,2816900.0
1936,2021-10-19 02:42:52,6730.0,900.0,2816800.0
1937,2021-10-19 02:42:52,6730.0,2100.0,2815900.0
1938,2021-10-19 02:42:44,6730.0,500.0,2813800.0
1939,2021-10-19 02:42:43,6730.0,100.0,2813300.0
1940,2021-10-19 02:42:43,6730.0,800.0,2813200.0
1941,2021-10-19 02:42:41,6730.0,3000.0,2812400.0
1942,2021-10-19 02:42:41,6730.0,100.0,2809400.0
1943,2021-10-19 02:42:41,6730.0,500.0,2809300.0
1944,2021-10-19 02:42:41,6730.0,100.0,2808800.0
1945,2021-10-19 02:42:41,6730.0,2800.0,2808700.0
1946,2021-10-19 02:42:22,6730.0,1000.0,2805900.0
1947,2021-10-19 02:42:05,6740.0,500.0,2804900.0
1948,2021-10-19 02:41:52,6730.0,200.0,2804400.0
1949,2021-10-19 02:41:46,6740.0,400.0,2804200.0
1950,2021-10-19 02:41:43,6740.0,1500.0,2803800.0
1951,2021-10-19 02:41:39,6740.0,1000.0,2802300.0
1952,2021-10-19 02:41:31,6740.0,800.0,2801300.0
1953,2021-10-19 02:41:30,6740.0,200.0,2800500.0
1954,2021-10-19 02:41:30,6740.0,200.0,2800300.0
1955,2021-10-19 02:41:30,6740.0,100.0,2800100.0
1956,2021-10-19 02:41:30,6740.0,2200.0,2800000.0
1957,2021-10-19 02:41:18,6740.0,200.0,2797800.0
1958,2021-10-19 02:41:10,6740.0,2000.0,2797600.0
1959,2021-10-19 02:40:53,6740.0,1000.0,2795600.0
1960,2021-10-19 02:40:48,6700.0,4300.0,2794600.0
1961,2021-10-19 02:40:48,6700.0,1000.0,2790300.0
1962,2021-10-19 02:40:48,6700.0,100.0,2789300.0
1963,2021-10-19 02:40:48,6700.0,300.0,2789200.0
1964,2021-10-19 02:40:48,6700.0,700.0,2788900.0
1965,2021-10-19 02:40:48,6700.0,900.0,2788200.0
1966,2021-10-19 02:40:48,6700.0,500.0,2787300.0
1967,2021-10-19 02:40:48,6700.0,1000.0,2786800.0
1968,2021-10-19 02:40:48,6700.0,1000.0,2785800.0
1969,2021-10-19 02:40:48,6700.0,100.0,2784800.0
1970,2021-10-19 02:40:48,6700.0,1000.0,2784700.0
1971,2021-10-19 02:40:48,6700.0,3500.0,2783700.0
1972,2021-10-19 02:40:48,6700.0,3000.0,2780200.0
1973,2021-10-19 02:40:48,6700.0,9000.0,2777200.0
1974,2021-10-19 02:40:48,6700.0,300.0,2768200.0
1975,2021-10-19 02:40:48,6700.0,500.0,2767900.0
1976,2021-10-19 02:40:48,6700.0,200.0,2767400.0
1977,2021-10-19 02:40:48,6700.0,3000.0,2767200.0
1978,2021-10-19 02:40:48,6700.0,1000.0,2764200.0
1979,2021-10-19 02:40:48,6700.0,100.0,2763200.0
1980,2021-10-19 02:40:48,6700.0,500.0,2763100.0
1981,2021-10-19 02:40:48,6700.0,200.0,2762600.0
1982,2021-10-19 02:40:48,6700.0,1000.0,2762400.0
1983,2021-10-19 02:40:48,6700.0,50000.0,2761400.0
1984,2021-10-19 02:40:48,6700.0,500.0,2711400.0
1985,2021-10-19 02:40:48,6700.0,1000.0,2710900.0
1986,2021-10-19 02:40:48,6700.0,100.0,2709900.0
1987,2021-10-19 02:40:48,6700.0,400.0,2709800.0
1988,2021-10-19 02:40:48,6700.0,2000.0,2709400.0
1989,2021-10-19 02:40:48,6700.0,400.0,2707400.0
1990,2021-10-19 02:40:48,6700.0,10000.0,2707000.0
1991,2021-10-19 02:40:48,6700.0,500.0,2697000.0
1992,2021-10-19 02:40:48,6700.0,500.0,2696500.0
1993,2021-10-19 02:40:48,6700.0,20000.0,2696000.0
1994,2021-10-19 02:40:48,6700.0,500.0,2676000.0
1995,2021-10-19 02:40:48,6700.0,3000.0,2675500.0
1996,2021-10-19 02:40:48,6700.0,12000.0,2672500.0
1997,2021-10-19 02:40:48,6700.0,1000.0,2660500.0
1998,2021-10-19 02:40:48,6700.0,100.0,2659500.0
1999,2021-10-19 02:40:48,6700.0,100.0,2659400.0
2000,2021-10-19 02:40:48,6700.0,100.0,2659300.0
2001,2021-10-19 02:40:48,6700.0,600.0,2659200.0
2002,2021-10-19 02:40:48,6710.0,900.0,2658600.0
2003,2021-10-19 02:40:48,6710.0,300.0,2657700.0
2004,2021-10-19 02:40:48,6710.0,500.0,2657400.0
2005,2021-10-19 02:40:48,6710.0,100.0,2656900.0
2006,2021-10-19 02:40:48,6710.0,500.0,2656800.0
2007,2021-10-19 02:40:48,6710.0,1800.0,2656300.0
2008,2021-10-19 02:40:48,6710.0,100.0,2654500.0
2009,2021-10-19 02:40:48,6710.0,1700.0,2654400.0
2010,2021-10-19 02:40:48,6720.0,3000.0,2652700.0
2011,2021-10-19 02:40:48,6720.0,900.0,2649700.0
2012,2021-10-19 02:40:48,6720.0,1000.0,2648800.0
2013,2021-10-19 02:40:48,6720.0,300.0,2647800.0
2014,2021-10-19 02:40:48,6720.0,200.0,2647500.0
2015,2021-10-19 02:40:48,6720.0,1000.0,2647300.0
2016,2021-10-19 02:40:48,6720.0,900.0,2646300.0
2017,2021-10-19 02:40:39,6720.0,100.0,2645400.0
2018,2021-10-19 02:40:37,6740.0,1100.0,2645300.0
2019,2021-10-19 02:40:37,6730.0,100.0,2644200.0
2020,2021-10-19 02:40:37,6730.0,1800.0,2644100.0
2021,2021-10-19 02:40:36,6730.0,200.0,2642300.0
2022,2021-10-19 02:40:36,6730.0,800.0,2642100.0
2023,2021-10-19 02:40:32,6730.0,100.0,2641300.0
2024,2021-10-19 02:40:21,6730.0,500.0,2641200.0
2025,2021-10-19 02:40:15,6730.0,200.0,2640700.0
2026,2021-10-19 02:40:15,6730.0,300.0,2640500.0
2027,2021-10-19 02:40:15,6730.0,3000.0,2640200.0
2028,2021-10-19 02:40:15,6730.0,100.0,2637200.0
2029,2021-10-19 02:40:13,6740.0,100.0,2637100.0
2030,2021-10-19 02:40:10,6730.0,900.0,2637000.0
2031,2021-10-19 02:40:10,6730.0,500.0,2636100.0
2032,2021-10-19 02:40:10,6730.0,200.0,2635600.0
2033,2021-10-19 02:40:10,6730.0,400.0,2635400.0
2034,2021-10-19 02:39:58,6740.0,600.0,2635000.0
2035,2021-10-19 02:39:56,6740.0,100.0,2634400.0
2036,2021-10-19 02:39:56,6740.0,500.0,2634300.0
2037,2021-10-19 02:39:56,6740.0,3300.0,2633800.0
2038,2021-10-19 02:39:52,6740.0,100.0,2630500.0
2039,2021-10-19 02:39:52,6740.0,200.0,2630400.0
2040,2021-10-19 02:39:52,6740.0,1000.0,2630200.0
2041,2021-10-19 02:39:50,6730.0,4600.0,2629200.0
2042,2021-10-19 02:39:50,6730.0,100.0,2624600.0
2043,2021-10-19 02:39:50,6730.0,300.0,2624500.0
2044,2021-10-19 02:39:47,6730.0,700.0,2624200.0
2045,2021-10-19 02:39:47,6730.0,500.0,2623500.0
2046,2021-10-19 02:39:47,6730.0,800.0,2623000.0
2047,2021-10-19 02:39:44,6730.0,100.0,2622200.0
2048,2021-10-19 02:39:41,6740.0,500.0,2622100.0
2049,2021-10-19 02:39:34,6740.0,500.0,2621600.0
2050,2021-10-19 02:39:12,6740.0,100.0,2621100.0
2051,2021-10-19 02:38:42,6740.0,200.0,2621000.0
2052,2021-10-19 02:38:41,6740.0,2700.0,2620800.0
2053,2021-10-19 02:38:41,6740.0,6200.0,2618100.0
2054,2021-10-19 02:38:41,6740.0,100.0,2611900.0
2055,2021-10-19 02:38:35,6740.0,1200.0,2611800.0
2056,2021-10-19 02:38:32,6730.0,3100.0,2610600.0
2057,2021-10-19 02:38:32,6730.0,1900.0,2607500.0
2058,2021-10-19 02:38:32,6740.0,1000.0,2605600.0
2059,2021-10-19 02:38:27,6730.0,100.0,2604600.0
2060,2021-10-19 02:38:27,6740.0,100.0,2604500.0
2061,2021-10-19 02:38:27,6740.0,100.0,2604400.0
2062,2021-10-19 02:38:24,6730.0,400.0,2604300.0
2063,2021-10-19 02:38:22,6730.0,2600.0,2603900.0
2064,2021-10-19 02:38:22,6730.0,300.0,2601300.0
2065,2021-10-19 02:38:22,6730.0,100.0,2601000.0
2066,2021-10-19 02:38:02,6730.0,400.0,2600900.0
2067,2021-10-19 02:38:00,6740.0,1000.0,2600500.0
2068,2021-10-19 02:38:00,6740.0,100.0,2599500.0
2069,2021-10-19 02:38:00,6740.0,17800.0,2599400.0
2070,2021-10-19 02:38:00,6740.0,3900.0,2581600.0
2071,2021-10-19 02:38:00,6740.0,3000.0,2577700.0
2072,2021-10-19 02:38:00,6740.0,5000.0,2574700.0
2073,2021-10-19 02:38:00,6740.0,3000.0,2569700.0
2074,2021-10-19 02:38:00,6740.0,1000.0,2566700.0
2075,2021-10-19 02:38:00,6740.0,500.0,2565700.0
2076,2021-10-19 02:38:00,6740.0,100.0,2565200.0
2077,2021-10-19 02:38:00,6740.0,300.0,2565100.0
2078,2021-10-19 02:38:00,6740.0,300.0,2564800.0
2079,2021-10-19 02:38:00,6740.0,200.0,2564500.0
2080,2021-10-19 02:38:00,6740.0,500.0,2564300.0
2081,2021-10-19 02:38:00,6740.0,500.0,2563800.0
2082,2021-10-19 02:38:00,6740.0,100.0,2563300.0
