,Time,Price,Volume_per_trade,Volume
0,2021-09-30 14:45:00,4100.0,100.0,9058200.0
1,2021-09-30 14:45:00,4100.0,100.0,9058100.0
2,2021-09-30 14:45:00,4100.0,4000.0,9058000.0
3,2021-09-30 14:45:00,4100.0,2000.0,9054000.0
4,2021-09-30 14:45:00,4100.0,4700.0,9052000.0
5,2021-09-30 14:45:00,4100.0,1000.0,9047300.0
6,2021-09-30 14:45:00,4100.0,100.0,9046300.0
7,2021-09-30 14:45:00,4100.0,1000.0,9046200.0
8,2021-09-30 14:45:00,4100.0,4000.0,9045200.0
9,2021-09-30 14:45:00,4100.0,3000.0,9041200.0
10,2021-09-30 14:45:00,4100.0,1000.0,9038200.0
11,2021-09-30 14:45:00,4100.0,100.0,9037200.0
12,2021-09-30 14:45:00,4100.0,2900.0,9037100.0
13,2021-09-30 14:45:00,4100.0,1000.0,9034200.0
14,2021-09-30 14:45:00,4100.0,900.0,9033200.0
15,2021-09-30 14:45:00,4100.0,100.0,9032300.0
16,2021-09-30 14:45:00,4100.0,100.0,9032200.0
17,2021-09-30 14:45:00,4100.0,800.0,9032100.0
18,2021-09-30 14:45:00,4100.0,2400.0,9031300.0
19,2021-09-30 14:45:00,4100.0,2600.0,9028900.0
20,2021-09-30 14:45:00,4100.0,6600.0,9026300.0
21,2021-09-30 14:45:00,4100.0,800.0,9019700.0
22,2021-09-30 14:45:00,4100.0,200.0,9018900.0
23,2021-09-30 14:45:00,4100.0,100.0,9018700.0
24,2021-09-30 14:45:00,4100.0,2300.0,9018600.0
25,2021-09-30 14:45:00,4100.0,1700.0,9016300.0
26,2021-09-30 14:45:00,4100.0,600.0,9014600.0
27,2021-09-30 14:45:00,4100.0,5300.0,9014000.0
28,2021-09-30 14:45:00,4100.0,12200.0,9008700.0
29,2021-09-30 14:45:00,4100.0,4400.0,8996500.0
30,2021-09-30 14:45:00,4100.0,5000.0,8992100.0
31,2021-09-30 14:45:00,4100.0,600.0,8987100.0
32,2021-09-30 14:45:00,4100.0,17000.0,8986500.0
33,2021-09-30 14:45:00,4100.0,100.0,8969500.0
34,2021-09-30 14:45:00,4100.0,2300.0,8969400.0
35,2021-09-30 14:45:00,4100.0,100.0,8967100.0
36,2021-09-30 14:45:00,4100.0,37600.0,8967000.0
37,2021-09-30 14:45:00,4100.0,1000.0,8929400.0
38,2021-09-30 14:45:00,4100.0,2300.0,8928400.0
39,2021-09-30 14:45:00,4100.0,700.0,8926100.0
40,2021-09-30 14:45:00,4100.0,100.0,8925400.0
41,2021-09-30 14:45:00,4100.0,1000.0,8925300.0
42,2021-09-30 14:45:00,4100.0,500.0,8924300.0
43,2021-09-30 14:45:00,4100.0,300.0,8923800.0
44,2021-09-30 14:45:00,4100.0,1200.0,8923500.0
45,2021-09-30 14:45:00,4100.0,4000.0,8922300.0
46,2021-09-30 14:45:00,4100.0,200.0,8918300.0
47,2021-09-30 14:45:00,4100.0,1100.0,8918100.0
48,2021-09-30 14:45:00,4100.0,2000.0,8917000.0
49,2021-09-30 14:45:00,4100.0,2000.0,8915000.0
50,2021-09-30 14:45:00,4100.0,4900.0,8913000.0
51,2021-09-30 14:45:00,4100.0,1000.0,8908100.0
52,2021-09-30 14:45:00,4100.0,4100.0,8907100.0
53,2021-09-30 14:45:00,4100.0,100.0,8903000.0
54,2021-09-30 14:45:00,4100.0,15800.0,8902900.0
55,2021-09-30 14:45:00,4100.0,1600.0,8887100.0
56,2021-09-30 14:45:00,4100.0,1500.0,8885500.0
57,2021-09-30 14:45:00,4100.0,2800.0,8884000.0
58,2021-09-30 14:45:00,4100.0,3300.0,8881200.0
59,2021-09-30 14:45:00,4100.0,600.0,8877900.0
60,2021-09-30 14:45:00,4100.0,100.0,8877300.0
61,2021-09-30 14:45:00,4100.0,100.0,8877200.0
62,2021-09-30 14:45:00,4100.0,300.0,8877100.0
63,2021-09-30 14:45:00,4100.0,1000.0,8876800.0
64,2021-09-30 14:45:00,4100.0,700.0,8875800.0
65,2021-09-30 14:45:00,4100.0,4300.0,8875100.0
66,2021-09-30 14:45:00,4100.0,700.0,8870800.0
67,2021-09-30 14:45:00,4100.0,300.0,8870100.0
68,2021-09-30 14:45:00,4100.0,100.0,8869800.0
69,2021-09-30 14:45:00,4100.0,100.0,8869700.0
70,2021-09-30 14:45:00,4100.0,500.0,8869600.0
71,2021-09-30 14:29:48,4080.0,1000.0,8869100.0
72,2021-09-30 14:29:32,4080.0,1000.0,8868100.0
73,2021-09-30 14:29:19,4080.0,2000.0,8867100.0
74,2021-09-30 14:29:18,4080.0,500.0,8865100.0
75,2021-09-30 14:29:03,4100.0,23200.0,8864600.0
76,2021-09-30 14:29:03,4100.0,100.0,8841400.0
77,2021-09-30 14:29:03,4100.0,5000.0,8841300.0
78,2021-09-30 14:29:03,4090.0,1100.0,8836300.0
79,2021-09-30 14:29:03,4090.0,200.0,8835200.0
80,2021-09-30 14:29:03,4090.0,30000.0,8835000.0
81,2021-09-30 14:29:03,4090.0,35200.0,8805000.0
82,2021-09-30 14:29:03,4080.0,5200.0,8769800.0
83,2021-09-30 14:29:02,4080.0,1000.0,8764600.0
84,2021-09-30 14:29:01,4080.0,2000.0,8763600.0
85,2021-09-30 14:29:00,4080.0,500.0,8761600.0
86,2021-09-30 14:28:49,4080.0,200.0,8761100.0
87,2021-09-30 14:28:49,4080.0,5000.0,8760900.0
88,2021-09-30 14:28:49,4080.0,35100.0,8755900.0
89,2021-09-30 14:28:47,4090.0,4000.0,8720800.0
90,2021-09-30 14:28:47,4080.0,24900.0,8716800.0
91,2021-09-30 14:28:47,4080.0,100.0,8691900.0
92,2021-09-30 14:27:51,4090.0,200.0,8691800.0
93,2021-09-30 14:27:49,4090.0,600.0,8691600.0
94,2021-09-30 14:27:35,4090.0,1400.0,8691000.0
95,2021-09-30 14:27:35,4090.0,8600.0,8689600.0
96,2021-09-30 14:27:08,4090.0,1400.0,8681000.0
97,2021-09-30 14:27:05,4090.0,100.0,8679600.0
98,2021-09-30 14:27:05,4090.0,1500.0,8679500.0
99,2021-09-30 14:26:44,4090.0,100.0,8678000.0
100,2021-09-30 14:26:44,4090.0,800.0,8677900.0
101,2021-09-30 14:26:44,4090.0,7600.0,8677100.0
102,2021-09-30 14:26:28,4090.0,500.0,8669500.0
103,2021-09-30 14:26:17,4090.0,9000.0,8669000.0
104,2021-09-30 14:26:05,4090.0,100.0,8660000.0
105,2021-09-30 14:26:05,4090.0,500.0,8659900.0
106,2021-09-30 14:26:05,4090.0,300.0,8659400.0
107,2021-09-30 14:26:01,4090.0,100.0,8659100.0
108,2021-09-30 14:25:51,4090.0,1000.0,8659000.0
109,2021-09-30 14:25:43,4090.0,600.0,8658000.0
110,2021-09-30 14:25:21,4070.0,16200.0,8657400.0
111,2021-09-30 14:25:21,4080.0,100.0,8641200.0
112,2021-09-30 14:25:13,4080.0,200.0,8641100.0
113,2021-09-30 14:25:13,4080.0,700.0,8640900.0
114,2021-09-30 14:24:45,4080.0,1000.0,8640200.0
115,2021-09-30 14:24:41,4080.0,1400.0,8639200.0
116,2021-09-30 14:24:41,4080.0,1600.0,8637800.0
117,2021-09-30 14:24:41,4080.0,100.0,8636200.0
118,2021-09-30 14:24:29,4080.0,2000.0,8636100.0
119,2021-09-30 14:24:12,4080.0,300.0,8634100.0
120,2021-09-30 14:24:03,4080.0,900.0,8633800.0
121,2021-09-30 14:23:55,4080.0,200.0,8632900.0
122,2021-09-30 14:23:47,4070.0,5000.0,8632700.0
123,2021-09-30 14:23:20,4080.0,4900.0,8627700.0
124,2021-09-30 14:23:20,4080.0,100.0,8622800.0
125,2021-09-30 14:22:50,4070.0,400.0,8622700.0
126,2021-09-30 14:22:38,4080.0,400.0,8622300.0
127,2021-09-30 14:22:33,4080.0,1000.0,8621900.0
128,2021-09-30 14:22:27,4080.0,300.0,8620900.0
129,2021-09-30 14:21:51,4080.0,200.0,8620600.0
130,2021-09-30 14:21:40,4070.0,1700.0,8620400.0
131,2021-09-30 14:21:35,4080.0,100.0,8618700.0
132,2021-09-30 14:21:30,4070.0,200.0,8618600.0
133,2021-09-30 14:21:30,4070.0,300.0,8618400.0
134,2021-09-30 14:21:26,4080.0,500.0,8618100.0
135,2021-09-30 14:21:20,4070.0,1700.0,8617600.0
136,2021-09-30 14:21:20,4070.0,10000.0,8615900.0
137,2021-09-30 14:21:20,4070.0,2000.0,8605900.0
138,2021-09-30 14:21:20,4070.0,100.0,8603900.0
139,2021-09-30 14:21:20,4070.0,500.0,8603800.0
140,2021-09-30 14:21:20,4070.0,200.0,8603300.0
141,2021-09-30 14:21:20,4070.0,200.0,8603100.0
142,2021-09-30 14:21:20,4070.0,1300.0,8602900.0
143,2021-09-30 14:21:05,4070.0,1900.0,8601600.0
144,2021-09-30 14:20:53,4070.0,1800.0,8599700.0
145,2021-09-30 14:20:53,4070.0,1000.0,8597900.0
146,2021-09-30 14:20:53,4070.0,100.0,8596900.0
147,2021-09-30 14:20:53,4070.0,400.0,8596800.0
148,2021-09-30 14:20:53,4070.0,500.0,8596400.0
149,2021-09-30 14:20:53,4070.0,200.0,8595900.0
150,2021-09-30 14:20:53,4070.0,100.0,8595700.0
151,2021-09-30 14:20:53,4070.0,100.0,8595600.0
152,2021-09-30 14:20:53,4070.0,5800.0,8595500.0
153,2021-09-30 14:20:35,4070.0,1700.0,8589700.0
154,2021-09-30 14:20:12,4070.0,3500.0,8588000.0
155,2021-09-30 14:19:39,4070.0,1500.0,8584500.0
156,2021-09-30 14:19:34,4070.0,2500.0,8583000.0
157,2021-09-30 14:19:34,4070.0,500.0,8580500.0
158,2021-09-30 14:19:34,4070.0,2500.0,8580000.0
159,2021-09-30 14:19:34,4070.0,1000.0,8577500.0
160,2021-09-30 14:19:34,4070.0,3500.0,8576500.0
161,2021-09-30 14:19:31,4070.0,16500.0,8573000.0
162,2021-09-30 14:19:31,4070.0,100.0,8556500.0
163,2021-09-30 14:19:31,4070.0,2400.0,8556400.0
164,2021-09-30 14:19:26,4070.0,500.0,8554000.0
165,2021-09-30 14:19:22,4080.0,2200.0,8553500.0
166,2021-09-30 14:19:18,4070.0,1300.0,8551300.0
167,2021-09-30 14:18:59,4070.0,500.0,8550000.0
168,2021-09-30 14:18:58,4080.0,1000.0,8549500.0
169,2021-09-30 14:18:46,4080.0,2000.0,8548500.0
170,2021-09-30 14:18:46,4080.0,100.0,8546500.0
171,2021-09-30 14:18:46,4080.0,20000.0,8546400.0
172,2021-09-30 14:18:46,4080.0,500.0,8526400.0
173,2021-09-30 14:18:46,4080.0,500.0,8525900.0
174,2021-09-30 14:18:46,4080.0,800.0,8525400.0
175,2021-09-30 14:18:46,4080.0,100.0,8524600.0
176,2021-09-30 14:18:46,4080.0,100.0,8524500.0
177,2021-09-30 14:18:46,4080.0,100.0,8524400.0
178,2021-09-30 14:18:46,4080.0,100.0,8524300.0
179,2021-09-30 14:18:46,4080.0,1500.0,8524200.0
180,2021-09-30 14:18:46,4080.0,5000.0,8522700.0
181,2021-09-30 14:18:46,4080.0,20000.0,8517700.0
182,2021-09-30 14:18:46,4080.0,2000.0,8497700.0
183,2021-09-30 14:18:46,4080.0,200.0,8495700.0
184,2021-09-30 14:18:46,4080.0,100.0,8495500.0
185,2021-09-30 14:18:46,4080.0,700.0,8495400.0
186,2021-09-30 14:18:46,4080.0,100.0,8494700.0
187,2021-09-30 14:18:46,4080.0,500.0,8494600.0
188,2021-09-30 14:18:46,4080.0,100.0,8494100.0
189,2021-09-30 14:18:46,4080.0,500.0,8494000.0
190,2021-09-30 14:18:46,4080.0,100.0,8493500.0
191,2021-09-30 14:18:46,4080.0,200.0,8493400.0
192,2021-09-30 14:18:46,4080.0,200.0,8493200.0
193,2021-09-30 14:18:46,4080.0,4700.0,8493000.0
194,2021-09-30 14:18:46,4080.0,3000.0,8488300.0
195,2021-09-30 14:18:44,4090.0,100.0,8485300.0
196,2021-09-30 14:18:44,4090.0,3500.0,8485200.0
197,2021-09-30 14:18:44,4090.0,3100.0,8481700.0
198,2021-09-30 14:18:44,4090.0,200.0,8478600.0
199,2021-09-30 14:18:44,4090.0,200.0,8478400.0
200,2021-09-30 14:18:44,4090.0,900.0,8478200.0
201,2021-09-30 14:18:41,4090.0,1100.0,8477300.0
202,2021-09-30 14:18:41,4090.0,100.0,8476200.0
203,2021-09-30 14:18:41,4090.0,3800.0,8476100.0
204,2021-09-30 14:18:40,4090.0,10200.0,8472300.0
205,2021-09-30 14:18:12,4090.0,300.0,8462100.0
206,2021-09-30 14:18:12,4090.0,1000.0,8461800.0
207,2021-09-30 14:18:12,4090.0,5000.0,8460800.0
208,2021-09-30 14:18:12,4090.0,100.0,8455800.0
209,2021-09-30 14:18:12,4090.0,400.0,8455700.0
210,2021-09-30 14:18:12,4090.0,4000.0,8455300.0
211,2021-09-30 14:18:12,4090.0,1000.0,8451300.0
212,2021-09-30 14:18:12,4090.0,8200.0,8450300.0
213,2021-09-30 14:18:03,4100.0,900.0,8442100.0
214,2021-09-30 14:17:56,4090.0,1000.0,8441200.0
215,2021-09-30 14:17:45,4100.0,200.0,8440200.0
216,2021-09-30 14:17:35,4100.0,2600.0,8440000.0
217,2021-09-30 14:17:35,4100.0,400.0,8437400.0
218,2021-09-30 14:17:25,4100.0,100.0,8437000.0
219,2021-09-30 14:17:00,4100.0,2000.0,8436900.0
220,2021-09-30 14:16:34,4090.0,800.0,8434900.0
221,2021-09-30 14:16:34,4090.0,200.0,8434100.0
222,2021-09-30 14:16:33,4090.0,700.0,8433900.0
223,2021-09-30 14:16:33,4090.0,100.0,8433200.0
224,2021-09-30 14:16:32,4090.0,100.0,8433100.0
225,2021-09-30 14:16:26,4090.0,4800.0,8433000.0
226,2021-09-30 14:16:26,4090.0,200.0,8428200.0
227,2021-09-30 14:15:43,4090.0,100.0,8428000.0
228,2021-09-30 14:15:28,4090.0,500.0,8427900.0
229,2021-09-30 14:14:25,4100.0,300.0,8427400.0
230,2021-09-30 14:14:08,4090.0,200.0,8427100.0
231,2021-09-30 14:14:01,4090.0,1800.0,8426900.0
232,2021-09-30 14:14:01,4090.0,400.0,8425100.0
233,2021-09-30 14:14:01,4090.0,10000.0,8424700.0
234,2021-09-30 14:14:01,4090.0,4000.0,8414700.0
235,2021-09-30 14:14:01,4090.0,2000.0,8410700.0
236,2021-09-30 14:14:01,4090.0,300.0,8408700.0
237,2021-09-30 14:14:00,4100.0,1400.0,8408400.0
238,2021-09-30 14:13:37,4100.0,400.0,8407000.0
239,2021-09-30 14:13:22,4090.0,100.0,8406600.0
240,2021-09-30 14:13:06,4100.0,900.0,8406500.0
241,2021-09-30 14:12:56,4090.0,400.0,8405600.0
242,2021-09-30 14:12:52,4090.0,400.0,8405200.0
243,2021-09-30 14:11:06,4090.0,1900.0,8404800.0
244,2021-09-30 14:11:05,4100.0,15000.0,8402900.0
245,2021-09-30 14:10:45,4100.0,18500.0,8387900.0
246,2021-09-30 14:10:35,4100.0,5100.0,8369400.0
247,2021-09-30 14:10:22,4100.0,700.0,8364300.0
248,2021-09-30 14:10:21,4090.0,4000.0,8363600.0
249,2021-09-30 14:10:07,4090.0,2900.0,8359600.0
250,2021-09-30 14:10:07,4090.0,100.0,8356700.0
251,2021-09-30 14:09:41,4090.0,900.0,8356600.0
252,2021-09-30 14:09:41,4090.0,100.0,8355700.0
253,2021-09-30 14:09:34,4100.0,1000.0,8355600.0
254,2021-09-30 14:09:30,4090.0,100.0,8354600.0
255,2021-09-30 14:09:01,4090.0,100.0,8354500.0
256,2021-09-30 14:08:50,4100.0,2000.0,8354400.0
257,2021-09-30 14:08:24,4100.0,100.0,8352400.0
258,2021-09-30 14:08:09,4100.0,1000.0,8352300.0
259,2021-09-30 14:07:54,4100.0,1000.0,8351300.0
260,2021-09-30 14:07:46,4100.0,400.0,8350300.0
261,2021-09-30 14:07:45,4100.0,2000.0,8349900.0
262,2021-09-30 14:07:26,4100.0,100.0,8347900.0
263,2021-09-30 14:07:14,4100.0,10000.0,8347800.0
264,2021-09-30 14:06:49,4100.0,900.0,8337800.0
265,2021-09-30 14:06:25,4100.0,500.0,8336900.0
266,2021-09-30 14:05:52,4090.0,6000.0,8336400.0
267,2021-09-30 14:05:19,4090.0,1500.0,8330400.0
268,2021-09-30 14:04:04,4090.0,1400.0,8328900.0
269,2021-09-30 14:03:59,4090.0,800.0,8327500.0
270,2021-09-30 14:03:59,4090.0,200.0,8326700.0
271,2021-09-30 14:03:59,4090.0,3000.0,8326500.0
272,2021-09-30 14:03:04,4080.0,1000.0,8323500.0
273,2021-09-30 14:02:53,4100.0,800.0,8322500.0
274,2021-09-30 14:02:53,4090.0,600.0,8321700.0
275,2021-09-30 14:02:47,4090.0,100.0,8321100.0
276,2021-09-30 14:02:43,4090.0,200.0,8321000.0
277,2021-09-30 14:02:43,4090.0,5000.0,8320800.0
278,2021-09-30 14:02:43,4090.0,200.0,8315800.0
279,2021-09-30 14:02:43,4090.0,3500.0,8315600.0
280,2021-09-30 14:02:43,4090.0,400.0,8312100.0
281,2021-09-30 14:02:13,4090.0,2000.0,8311700.0
282,2021-09-30 14:02:00,4090.0,600.0,8309700.0
283,2021-09-30 14:02:00,4090.0,2500.0,8309100.0
284,2021-09-30 14:01:57,4090.0,200.0,8306600.0
285,2021-09-30 14:01:46,4090.0,500.0,8306400.0
286,2021-09-30 14:01:45,4090.0,200.0,8305900.0
287,2021-09-30 14:01:03,4090.0,4600.0,8305700.0
288,2021-09-30 14:01:03,4090.0,5400.0,8301100.0
289,2021-09-30 14:00:53,4090.0,2600.0,8295700.0
290,2021-09-30 14:00:53,4090.0,1500.0,8293100.0
291,2021-09-30 14:00:53,4090.0,1000.0,8291600.0
292,2021-09-30 14:00:53,4090.0,9000.0,8290600.0
293,2021-09-30 14:00:53,4090.0,900.0,8281600.0
294,2021-09-30 14:00:45,4090.0,100.0,8280700.0
295,2021-09-30 14:00:16,4090.0,6300.0,8280600.0
296,2021-09-30 13:58:53,4100.0,700.0,8274300.0
297,2021-09-30 13:58:50,4090.0,100.0,8273600.0
298,2021-09-30 13:58:46,4090.0,400.0,8273500.0
299,2021-09-30 13:57:57,4090.0,100.0,8273100.0
300,2021-09-30 13:57:57,4090.0,1400.0,8273000.0
301,2021-09-30 13:57:44,4090.0,3600.0,8271600.0
302,2021-09-30 13:57:44,4090.0,2000.0,8268000.0
303,2021-09-30 13:57:44,4090.0,100.0,8266000.0
304,2021-09-30 13:57:44,4090.0,1000.0,8265900.0
305,2021-09-30 13:57:44,4090.0,5000.0,8264900.0
306,2021-09-30 13:57:44,4090.0,100.0,8259900.0
307,2021-09-30 13:57:44,4090.0,500.0,8259800.0
308,2021-09-30 13:57:44,4090.0,500.0,8259300.0
309,2021-09-30 13:57:44,4090.0,1000.0,8258800.0
310,2021-09-30 13:57:44,4090.0,1000.0,8257800.0
311,2021-09-30 13:57:44,4090.0,100.0,8256800.0
312,2021-09-30 13:57:44,4090.0,2100.0,8256700.0
313,2021-09-30 13:57:27,4100.0,200.0,8254600.0
314,2021-09-30 13:57:10,4090.0,2000.0,8254400.0
315,2021-09-30 13:57:00,4100.0,200.0,8252400.0
316,2021-09-30 13:56:52,4090.0,5000.0,8252200.0
317,2021-09-30 13:56:35,4100.0,10000.0,8247200.0
318,2021-09-30 13:55:54,4100.0,1000.0,8237200.0
319,2021-09-30 13:55:52,4090.0,10900.0,8236200.0
320,2021-09-30 13:55:52,4090.0,1200.0,8225300.0
321,2021-09-30 13:55:52,4090.0,100.0,8224100.0
322,2021-09-30 13:55:52,4090.0,1000.0,8224000.0
323,2021-09-30 13:55:52,4090.0,500.0,8223000.0
324,2021-09-30 13:55:52,4090.0,6300.0,8222500.0
325,2021-09-30 13:55:46,4100.0,200.0,8216200.0
326,2021-09-30 13:55:45,4100.0,6000.0,8216000.0
327,2021-09-30 13:55:36,4100.0,200.0,8210000.0
328,2021-09-30 13:55:25,4100.0,500.0,8209800.0
329,2021-09-30 13:55:25,4100.0,10000.0,8209300.0
330,2021-09-30 13:55:25,4100.0,3200.0,8199300.0
331,2021-09-30 13:55:25,4100.0,1000.0,8196100.0
332,2021-09-30 13:55:25,4100.0,10000.0,8195100.0
333,2021-09-30 13:55:25,4100.0,30000.0,8185100.0
334,2021-09-30 13:55:25,4100.0,1000.0,8155100.0
335,2021-09-30 13:55:25,4100.0,300.0,8154100.0
336,2021-09-30 13:55:25,4100.0,100.0,8153800.0
337,2021-09-30 13:55:25,4100.0,600.0,8153700.0
338,2021-09-30 13:55:25,4100.0,100.0,8153100.0
339,2021-09-30 13:55:25,4100.0,5000.0,8153000.0
340,2021-09-30 13:55:25,4100.0,1000.0,8148000.0
341,2021-09-30 13:55:25,4100.0,5000.0,8147000.0
342,2021-09-30 13:55:25,4100.0,10000.0,8142000.0
343,2021-09-30 13:55:25,4100.0,20000.0,8132000.0
344,2021-09-30 13:55:25,4100.0,5000.0,8112000.0
345,2021-09-30 13:55:25,4100.0,1000.0,8107000.0
346,2021-09-30 13:55:25,4100.0,1000.0,8106000.0
347,2021-09-30 13:55:25,4100.0,11000.0,8105000.0
348,2021-09-30 13:55:25,4100.0,1100.0,8094000.0
349,2021-09-30 13:55:07,4110.0,1000.0,8092900.0
350,2021-09-30 13:55:07,4110.0,1300.0,8091900.0
351,2021-09-30 13:55:04,4110.0,100.0,8090600.0
352,2021-09-30 13:54:58,4110.0,4600.0,8090500.0
353,2021-09-30 13:54:44,4110.0,100.0,8085900.0
354,2021-09-30 13:54:34,4110.0,1500.0,8085800.0
355,2021-09-30 13:54:24,4110.0,4600.0,8084300.0
356,2021-09-30 13:54:21,4110.0,400.0,8079700.0
357,2021-09-30 13:53:58,4110.0,1000.0,8079300.0
358,2021-09-30 13:53:54,4110.0,4000.0,8078300.0
359,2021-09-30 13:52:51,4120.0,300.0,8074300.0
360,2021-09-30 13:52:51,4120.0,100.0,8074000.0
361,2021-09-30 13:51:26,4100.0,1000.0,8073900.0
362,2021-09-30 13:51:24,4100.0,100.0,8072900.0
363,2021-09-30 13:51:24,4100.0,500.0,8072800.0
364,2021-09-30 13:51:24,4110.0,400.0,8072300.0
365,2021-09-30 13:51:22,4110.0,5000.0,8071900.0
366,2021-09-30 13:51:19,4110.0,4600.0,8066900.0
367,2021-09-30 13:51:19,4110.0,400.0,8062300.0
368,2021-09-30 13:51:18,4110.0,600.0,8061900.0
369,2021-09-30 13:51:18,4110.0,400.0,8061300.0
370,2021-09-30 13:51:12,4110.0,1000.0,8060900.0
371,2021-09-30 13:51:06,4110.0,600.0,8059900.0
372,2021-09-30 13:51:06,4110.0,200.0,8059300.0
373,2021-09-30 13:51:06,4110.0,200.0,8059100.0
374,2021-09-30 13:51:01,4120.0,200.0,8058900.0
375,2021-09-30 13:51:01,4120.0,3100.0,8058700.0
376,2021-09-30 13:50:57,4120.0,16900.0,8055600.0
377,2021-09-30 13:50:57,4120.0,2100.0,8038700.0
378,2021-09-30 13:50:57,4120.0,1000.0,8036600.0
379,2021-09-30 13:50:57,4120.0,2000.0,8035600.0
380,2021-09-30 13:50:57,4120.0,500.0,8033600.0
381,2021-09-30 13:50:56,4120.0,1000.0,8033100.0
382,2021-09-30 13:50:53,4120.0,2500.0,8032100.0
383,2021-09-30 13:50:36,4120.0,10600.0,8029600.0
384,2021-09-30 13:50:23,4120.0,5400.0,8019000.0
385,2021-09-30 13:50:23,4120.0,4800.0,8013600.0
386,2021-09-30 13:50:13,4120.0,5200.0,8008800.0
387,2021-09-30 13:50:13,4120.0,19400.0,8003600.0
388,2021-09-30 13:49:26,4120.0,600.0,7984200.0
389,2021-09-30 13:49:26,4120.0,1400.0,7983600.0
390,2021-09-30 13:49:18,4120.0,900.0,7982200.0
391,2021-09-30 13:49:04,4120.0,2700.0,7981300.0
392,2021-09-30 13:49:04,4120.0,7300.0,7978600.0
393,2021-09-30 13:48:56,4130.0,5000.0,7971300.0
394,2021-09-30 13:48:56,4130.0,100.0,7966300.0
395,2021-09-30 13:48:46,4130.0,2000.0,7966200.0
396,2021-09-30 13:48:45,4120.0,100.0,7964200.0
397,2021-09-30 13:48:32,4120.0,13000.0,7964100.0
398,2021-09-30 13:48:30,4130.0,300.0,7951100.0
399,2021-09-30 13:48:16,4130.0,1300.0,7950800.0
400,2021-09-30 13:48:16,4130.0,200.0,7949500.0
401,2021-09-30 13:48:16,4130.0,900.0,7949300.0
402,2021-09-30 13:48:16,4130.0,2000.0,7948400.0
403,2021-09-30 13:48:16,4130.0,600.0,7946400.0
404,2021-09-30 13:48:10,4130.0,2400.0,7945800.0
405,2021-09-30 13:48:10,4130.0,1000.0,7943400.0
406,2021-09-30 13:48:10,4130.0,5000.0,7942400.0
407,2021-09-30 13:48:10,4130.0,100.0,7937400.0
408,2021-09-30 13:48:10,4130.0,500.0,7937300.0
409,2021-09-30 13:47:54,4130.0,2500.0,7936800.0
410,2021-09-30 13:47:41,4120.0,10000.0,7934300.0
411,2021-09-30 13:47:18,4120.0,13200.0,7924300.0
412,2021-09-30 13:47:18,4120.0,13300.0,7911100.0
413,2021-09-30 13:47:10,4130.0,300.0,7897800.0
414,2021-09-30 13:47:04,4130.0,5000.0,7897500.0
415,2021-09-30 13:47:03,4130.0,1700.0,7892500.0
416,2021-09-30 13:47:03,4130.0,1000.0,7890800.0
417,2021-09-30 13:47:03,4130.0,100.0,7889800.0
418,2021-09-30 13:47:03,4130.0,1000.0,7889700.0
419,2021-09-30 13:47:03,4130.0,4900.0,7888700.0
420,2021-09-30 13:47:03,4130.0,5800.0,7883800.0
421,2021-09-30 13:46:26,4120.0,100.0,7878000.0
422,2021-09-30 13:46:09,4120.0,3000.0,7877900.0
423,2021-09-30 13:46:08,4120.0,3000.0,7874900.0
424,2021-09-30 13:46:07,4120.0,500.0,7871900.0
425,2021-09-30 13:46:02,4120.0,1000.0,7871400.0
426,2021-09-30 13:45:51,4120.0,200.0,7870400.0
427,2021-09-30 13:45:49,4130.0,1000.0,7870200.0
428,2021-09-30 13:45:40,4120.0,200.0,7869200.0
429,2021-09-30 13:45:20,4120.0,500.0,7869000.0
430,2021-09-30 13:45:16,4120.0,5000.0,7868500.0
431,2021-09-30 13:45:04,4120.0,2500.0,7863500.0
432,2021-09-30 13:45:04,4120.0,1000.0,7861000.0
433,2021-09-30 13:45:04,4120.0,300.0,7860000.0
434,2021-09-30 13:45:04,4120.0,5000.0,7859700.0
435,2021-09-30 13:45:04,4120.0,1000.0,7854700.0
436,2021-09-30 13:45:04,4120.0,5000.0,7853700.0
437,2021-09-30 13:45:04,4120.0,1000.0,7848700.0
438,2021-09-30 13:45:04,4120.0,7400.0,7847700.0
439,2021-09-30 13:45:03,4120.0,10000.0,7840300.0
440,2021-09-30 13:44:48,4120.0,6000.0,7830300.0
441,2021-09-30 13:44:36,4120.0,500.0,7824300.0
442,2021-09-30 13:44:34,4120.0,10000.0,7823800.0
443,2021-09-30 13:44:18,4120.0,1800.0,7813800.0
444,2021-09-30 13:44:14,4110.0,5900.0,7812000.0
445,2021-09-30 13:44:14,4110.0,2400.0,7806100.0
446,2021-09-30 13:44:14,4110.0,3700.0,7803700.0
447,2021-09-30 13:44:11,4120.0,5000.0,7800000.0
448,2021-09-30 13:43:55,4120.0,100.0,7795000.0
449,2021-09-30 13:43:44,4120.0,9200.0,7794900.0
450,2021-09-30 13:43:44,4120.0,300.0,7785700.0
451,2021-09-30 13:43:44,4120.0,500.0,7785400.0
452,2021-09-30 13:43:15,4120.0,1500.0,7784900.0
453,2021-09-30 13:43:15,4120.0,2200.0,7783400.0
454,2021-09-30 13:43:15,4120.0,600.0,7781200.0
455,2021-09-30 13:43:15,4120.0,3000.0,7780600.0
456,2021-09-30 13:43:15,4120.0,1000.0,7777600.0
457,2021-09-30 13:43:15,4120.0,600.0,7776600.0
458,2021-09-30 13:43:15,4120.0,5000.0,7776000.0
459,2021-09-30 13:43:15,4120.0,700.0,7771000.0
460,2021-09-30 13:43:15,4120.0,3400.0,7770300.0
461,2021-09-30 13:43:15,4120.0,2000.0,7766900.0
462,2021-09-30 13:43:14,4120.0,3000.0,7764900.0
463,2021-09-30 13:43:14,4120.0,3000.0,7761900.0
464,2021-09-30 13:43:14,4120.0,1000.0,7758900.0
465,2021-09-30 13:43:14,4120.0,300.0,7757900.0
466,2021-09-30 13:42:53,4120.0,700.0,7757600.0
467,2021-09-30 13:42:53,4120.0,1000.0,7756900.0
468,2021-09-30 13:42:53,4120.0,300.0,7755900.0
469,2021-09-30 13:42:27,4120.0,1000.0,7755600.0
470,2021-09-30 13:41:55,4120.0,100.0,7754600.0
471,2021-09-30 13:41:53,4110.0,600.0,7754500.0
472,2021-09-30 13:40:56,4110.0,100.0,7753900.0
473,2021-09-30 13:40:39,4110.0,500.0,7753800.0
474,2021-09-30 13:40:23,4110.0,700.0,7753300.0
475,2021-09-30 13:40:23,4110.0,2400.0,7752600.0
476,2021-09-30 13:40:22,4110.0,900.0,7750200.0
477,2021-09-30 13:40:16,4110.0,100.0,7749300.0
478,2021-09-30 13:40:01,4110.0,100.0,7749200.0
479,2021-09-30 13:39:35,4110.0,1100.0,7749100.0
480,2021-09-30 13:39:31,4110.0,5000.0,7748000.0
481,2021-09-30 13:39:21,4110.0,9700.0,7743000.0
482,2021-09-30 13:39:21,4110.0,3000.0,7733300.0
483,2021-09-30 13:39:11,4110.0,7700.0,7730300.0
484,2021-09-30 13:39:11,4110.0,2300.0,7722600.0
485,2021-09-30 13:38:52,4110.0,500.0,7720300.0
486,2021-09-30 13:38:45,4110.0,2900.0,7719800.0
487,2021-09-30 13:38:28,4110.0,1000.0,7716900.0
488,2021-09-30 13:37:51,4120.0,5000.0,7715900.0
489,2021-09-30 13:37:51,4110.0,5000.0,7710900.0
490,2021-09-30 13:37:30,4120.0,3000.0,7705900.0
491,2021-09-30 13:37:30,4110.0,5000.0,7702900.0
492,2021-09-30 13:37:30,4110.0,2000.0,7697900.0
493,2021-09-30 13:37:09,4110.0,4000.0,7695900.0
494,2021-09-30 13:35:27,4110.0,2000.0,7691900.0
495,2021-09-30 13:34:59,4120.0,600.0,7689900.0
496,2021-09-30 13:34:59,4120.0,400.0,7689300.0
497,2021-09-30 13:34:58,4120.0,700.0,7688900.0
498,2021-09-30 13:34:58,4120.0,2000.0,7688200.0
499,2021-09-30 13:34:58,4120.0,1900.0,7686200.0
500,2021-09-30 13:34:58,4110.0,5400.0,7684300.0
501,2021-09-30 13:34:37,4120.0,3100.0,7678900.0
502,2021-09-30 13:34:37,4110.0,200.0,7675800.0
503,2021-09-30 13:34:37,4110.0,9000.0,7675600.0
504,2021-09-30 13:34:37,4100.0,700.0,7666600.0
505,2021-09-30 13:34:26,4100.0,2000.0,7665900.0
506,2021-09-30 13:33:59,4100.0,200.0,7663900.0
507,2021-09-30 13:33:59,4100.0,800.0,7663700.0
508,2021-09-30 13:33:59,4100.0,4000.0,7662900.0
509,2021-09-30 13:33:59,4100.0,5000.0,7658900.0
510,2021-09-30 13:33:59,4100.0,5000.0,7653900.0
511,2021-09-30 13:33:59,4100.0,200.0,7648900.0
512,2021-09-30 13:33:59,4100.0,1000.0,7648700.0
513,2021-09-30 13:33:59,4100.0,1000.0,7647700.0
514,2021-09-30 13:33:59,4100.0,100.0,7646700.0
515,2021-09-30 13:33:41,4110.0,1000.0,7646600.0
516,2021-09-30 13:33:39,4110.0,200.0,7645600.0
517,2021-09-30 13:33:39,4110.0,300.0,7645400.0
518,2021-09-30 13:33:13,4120.0,1000.0,7645100.0
519,2021-09-30 13:32:33,4110.0,500.0,7644100.0
520,2021-09-30 13:32:33,4110.0,200.0,7643600.0
521,2021-09-30 13:31:56,4110.0,500.0,7643400.0
522,2021-09-30 13:31:46,4100.0,4900.0,7642900.0
523,2021-09-30 13:31:46,4100.0,1000.0,7638000.0
524,2021-09-30 13:31:46,4100.0,100.0,7637000.0
525,2021-09-30 13:31:46,4100.0,4000.0,7636900.0
526,2021-09-30 13:31:46,4100.0,10000.0,7632900.0
527,2021-09-30 13:31:44,4110.0,200.0,7622900.0
528,2021-09-30 13:31:39,4100.0,22200.0,7622700.0
529,2021-09-30 13:31:39,4100.0,7800.0,7600500.0
530,2021-09-30 13:31:37,4110.0,4000.0,7592700.0
531,2021-09-30 13:31:15,4110.0,1600.0,7588700.0
532,2021-09-30 13:31:15,4110.0,7500.0,7587100.0
533,2021-09-30 13:31:13,4110.0,500.0,7579600.0
534,2021-09-30 13:31:03,4110.0,100.0,7579100.0
535,2021-09-30 13:30:19,4110.0,1900.0,7579000.0
536,2021-09-30 13:30:04,4110.0,10000.0,7577100.0
537,2021-09-30 13:29:44,4100.0,2000.0,7567100.0
538,2021-09-30 13:29:36,4110.0,5200.0,7565100.0
539,2021-09-30 13:29:36,4110.0,4800.0,7559900.0
540,2021-09-30 13:29:17,4110.0,200.0,7555100.0
541,2021-09-30 13:29:17,4110.0,200.0,7554900.0
542,2021-09-30 13:29:17,4110.0,200.0,7554700.0
543,2021-09-30 13:28:36,4110.0,100.0,7554500.0
544,2021-09-30 13:27:59,4110.0,500.0,7554400.0
545,2021-09-30 13:27:37,4100.0,200.0,7553900.0
546,2021-09-30 13:27:37,4100.0,2000.0,7553700.0
547,2021-09-30 13:27:37,4100.0,10000.0,7551700.0
548,2021-09-30 13:27:37,4100.0,6900.0,7541700.0
549,2021-09-30 13:27:37,4100.0,100.0,7534800.0
550,2021-09-30 13:27:37,4110.0,100.0,7534700.0
551,2021-09-30 13:27:37,4110.0,100.0,7534600.0
552,2021-09-30 13:27:37,4110.0,2000.0,7534500.0
553,2021-09-30 13:27:37,4110.0,8600.0,7532500.0
554,2021-09-30 13:27:27,4120.0,100.0,7523900.0
555,2021-09-30 13:27:20,4120.0,4300.0,7523800.0
556,2021-09-30 13:27:20,4120.0,700.0,7519500.0
557,2021-09-30 13:25:34,4120.0,100.0,7518800.0
558,2021-09-30 13:25:33,4120.0,200.0,7518700.0
559,2021-09-30 13:25:33,4120.0,800.0,7518500.0
560,2021-09-30 13:24:56,4120.0,1300.0,7517700.0
561,2021-09-30 13:24:56,4120.0,1100.0,7516400.0
562,2021-09-30 13:24:37,4110.0,10000.0,7515300.0
563,2021-09-30 13:24:37,4110.0,5000.0,7505300.0
564,2021-09-30 13:24:37,4110.0,3000.0,7500300.0
565,2021-09-30 13:24:37,4110.0,4200.0,7497300.0
566,2021-09-30 13:24:35,4100.0,2000.0,7493100.0
567,2021-09-30 13:24:34,4100.0,2200.0,7491100.0
568,2021-09-30 13:24:34,4100.0,200.0,7488900.0
569,2021-09-30 13:24:34,4100.0,2400.0,7488700.0
570,2021-09-30 13:24:25,4110.0,100.0,7486300.0
571,2021-09-30 13:21:52,4090.0,2500.0,7486200.0
572,2021-09-30 13:21:52,4100.0,1500.0,7483700.0
573,2021-09-30 13:21:52,4100.0,3600.0,7482200.0
574,2021-09-30 13:21:52,4100.0,200.0,7478600.0
575,2021-09-30 13:21:52,4100.0,2000.0,7478400.0
576,2021-09-30 13:21:52,4100.0,200.0,7476400.0
577,2021-09-30 13:21:52,4100.0,100.0,7476200.0
578,2021-09-30 13:21:52,4100.0,10000.0,7476100.0
579,2021-09-30 13:21:52,4100.0,300.0,7466100.0
580,2021-09-30 13:21:52,4100.0,7600.0,7465800.0
581,2021-09-30 13:21:42,4100.0,2000.0,7458200.0
582,2021-09-30 13:21:41,4100.0,400.0,7456200.0
583,2021-09-30 13:21:41,4100.0,3000.0,7455800.0
584,2021-09-30 13:21:41,4100.0,600.0,7452800.0
585,2021-09-30 13:21:39,4110.0,10000.0,7452200.0
586,2021-09-30 13:21:39,4110.0,35700.0,7442200.0
587,2021-09-30 13:21:35,4110.0,2000.0,7406500.0
588,2021-09-30 13:21:18,4110.0,1000.0,7404500.0
589,2021-09-30 13:21:18,4110.0,2000.0,7403500.0
590,2021-09-30 13:21:12,4110.0,2700.0,7401500.0
591,2021-09-30 13:21:10,4110.0,3000.0,7398800.0
592,2021-09-30 13:20:51,4110.0,17300.0,7395800.0
593,2021-09-30 13:20:43,4120.0,1000.0,7378500.0
594,2021-09-30 13:20:16,4120.0,2900.0,7377500.0
595,2021-09-30 13:20:16,4120.0,2100.0,7374600.0
596,2021-09-30 13:20:06,4120.0,500.0,7372500.0
597,2021-09-30 13:19:55,4120.0,2400.0,7372000.0
598,2021-09-30 13:19:27,4110.0,4000.0,7369600.0
599,2021-09-30 13:19:19,4110.0,1000.0,7365600.0
600,2021-09-30 13:19:05,4110.0,700.0,7364600.0
601,2021-09-30 13:18:57,4110.0,4700.0,7363900.0
602,2021-09-30 13:18:50,4110.0,6000.0,7359200.0
603,2021-09-30 13:18:35,4110.0,1000.0,7353200.0
604,2021-09-30 13:18:35,4110.0,200.0,7352200.0
605,2021-09-30 13:18:35,4110.0,2000.0,7352000.0
606,2021-09-30 13:18:35,4110.0,5000.0,7350000.0
607,2021-09-30 13:18:35,4110.0,10700.0,7345000.0
608,2021-09-30 13:18:14,4110.0,100.0,7334300.0
609,2021-09-30 13:17:59,4100.0,200.0,7334200.0
610,2021-09-30 13:17:46,4110.0,4900.0,7334000.0
611,2021-09-30 13:17:45,4110.0,1000.0,7329100.0
612,2021-09-30 13:17:18,4110.0,300.0,7328100.0
613,2021-09-30 13:17:04,4110.0,1700.0,7327800.0
614,2021-09-30 13:17:04,4110.0,1100.0,7326100.0
615,2021-09-30 13:17:02,4110.0,2100.0,7325000.0
616,2021-09-30 13:17:02,4110.0,100.0,7322900.0
617,2021-09-30 13:17:02,4110.0,1700.0,7322800.0
618,2021-09-30 13:16:44,4110.0,2000.0,7321100.0
619,2021-09-30 13:16:42,4110.0,1400.0,7319100.0
620,2021-09-30 13:16:27,4110.0,1500.0,7317700.0
621,2021-09-30 13:16:14,4110.0,2300.0,7316200.0
622,2021-09-30 13:16:11,4110.0,1100.0,7313900.0
623,2021-09-30 13:16:11,4110.0,2900.0,7312800.0
624,2021-09-30 13:16:00,4110.0,6300.0,7309900.0
625,2021-09-30 13:16:00,4110.0,1700.0,7303600.0
626,2021-09-30 13:15:56,4120.0,100.0,7301900.0
627,2021-09-30 13:15:29,4110.0,300.0,7301800.0
628,2021-09-30 13:14:49,4110.0,100.0,7301500.0
629,2021-09-30 13:14:49,4110.0,10000.0,7301400.0
630,2021-09-30 13:14:49,4110.0,2900.0,7291400.0
631,2021-09-30 13:14:47,4110.0,1000.0,7288500.0
632,2021-09-30 13:14:44,4110.0,200.0,7287500.0
633,2021-09-30 13:14:39,4110.0,400.0,7287300.0
634,2021-09-30 13:14:24,4110.0,500.0,7286900.0
635,2021-09-30 13:14:24,4110.0,1000.0,7286400.0
636,2021-09-30 13:14:24,4110.0,200.0,7285400.0
637,2021-09-30 13:14:15,4110.0,800.0,7285200.0
638,2021-09-30 13:14:15,4110.0,1000.0,7284400.0
639,2021-09-30 13:14:15,4110.0,1000.0,7283400.0
640,2021-09-30 13:14:15,4110.0,200.0,7282400.0
641,2021-09-30 13:13:49,4110.0,100.0,7282200.0
642,2021-09-30 13:13:44,4110.0,1000.0,7282100.0
643,2021-09-30 13:13:30,4110.0,1900.0,7281100.0
644,2021-09-30 13:13:24,4100.0,200.0,7279200.0
645,2021-09-30 13:13:15,4100.0,800.0,7279000.0
646,2021-09-30 13:13:15,4100.0,1000.0,7278200.0
647,2021-09-30 13:13:15,4100.0,200.0,7277200.0
648,2021-09-30 13:13:15,4100.0,200.0,7277000.0
649,2021-09-30 13:13:15,4100.0,400.0,7276800.0
650,2021-09-30 13:13:15,4100.0,400.0,7276400.0
651,2021-09-30 13:13:15,4100.0,22000.0,7276000.0
652,2021-09-30 13:13:03,4100.0,2900.0,7254000.0
653,2021-09-30 13:12:45,4090.0,500.0,7251100.0
654,2021-09-30 13:12:39,4090.0,700.0,7250600.0
655,2021-09-30 13:12:39,4090.0,4300.0,7249900.0
656,2021-09-30 13:12:38,4090.0,600.0,7245600.0
657,2021-09-30 13:12:25,4090.0,100.0,7245000.0
658,2021-09-30 13:12:01,4100.0,3000.0,7244900.0
659,2021-09-30 13:11:52,4090.0,100.0,7241900.0
660,2021-09-30 13:11:20,4100.0,1500.0,7241800.0
661,2021-09-30 13:11:10,4100.0,100.0,7240300.0
662,2021-09-30 13:10:50,4100.0,400.0,7240200.0
663,2021-09-30 13:10:42,4100.0,300.0,7239800.0
664,2021-09-30 13:10:35,4100.0,4000.0,7239500.0
665,2021-09-30 13:10:25,4100.0,100.0,7235500.0
666,2021-09-30 13:10:17,4100.0,1000.0,7235400.0
667,2021-09-30 13:10:12,4100.0,100.0,7234400.0
668,2021-09-30 13:10:02,4100.0,1000.0,7234300.0
669,2021-09-30 13:09:55,4100.0,1000.0,7233300.0
670,2021-09-30 13:09:53,4100.0,1700.0,7232300.0
671,2021-09-30 13:09:44,4100.0,10000.0,7230600.0
672,2021-09-30 13:09:22,4100.0,1000.0,7220600.0
673,2021-09-30 13:09:09,4100.0,100.0,7219600.0
674,2021-09-30 13:08:57,4100.0,3900.0,7219500.0
675,2021-09-30 13:08:55,4100.0,100.0,7215600.0
676,2021-09-30 13:08:49,4100.0,1000.0,7215500.0
677,2021-09-30 13:08:41,4100.0,1000.0,7214500.0
678,2021-09-30 13:08:38,4100.0,3000.0,7213500.0
679,2021-09-30 13:08:38,4110.0,3000.0,7210500.0
680,2021-09-30 13:08:25,4090.0,1100.0,7207500.0
681,2021-09-30 13:08:25,4100.0,700.0,7206400.0
682,2021-09-30 13:08:25,4100.0,200.0,7205700.0
683,2021-09-30 13:08:16,4100.0,4000.0,7205500.0
684,2021-09-30 13:08:16,4100.0,3400.0,7201500.0
685,2021-09-30 13:08:16,4100.0,5000.0,7198100.0
686,2021-09-30 13:08:16,4100.0,600.0,7193100.0
687,2021-09-30 13:08:16,4100.0,2000.0,7192500.0
688,2021-09-30 13:08:16,4100.0,20000.0,7190500.0
689,2021-09-30 13:07:32,4100.0,5000.0,7170500.0
690,2021-09-30 13:07:12,4110.0,2000.0,7165500.0
691,2021-09-30 13:06:54,4110.0,1500.0,7163500.0
692,2021-09-30 13:06:36,4110.0,500.0,7162000.0
693,2021-09-30 13:06:34,4110.0,2000.0,7161500.0
694,2021-09-30 13:06:34,4110.0,2000.0,7159500.0
695,2021-09-30 13:06:34,4110.0,1000.0,7157500.0
696,2021-09-30 13:06:34,4120.0,4000.0,7156500.0
697,2021-09-30 13:06:16,4120.0,200.0,7152500.0
698,2021-09-30 13:05:54,4120.0,700.0,7152300.0
699,2021-09-30 13:05:54,4120.0,100.0,7151600.0
700,2021-09-30 13:05:54,4120.0,100.0,7151500.0
701,2021-09-30 13:05:54,4120.0,200.0,7151400.0
702,2021-09-30 13:05:54,4120.0,100.0,7151200.0
703,2021-09-30 13:05:54,4120.0,100.0,7151100.0
704,2021-09-30 13:05:54,4120.0,1000.0,7151000.0
705,2021-09-30 13:05:54,4120.0,7700.0,7150000.0
706,2021-09-30 13:05:50,4120.0,4000.0,7142300.0
707,2021-09-30 13:05:32,4120.0,100.0,7138300.0
708,2021-09-30 13:05:28,4120.0,2000.0,7138200.0
709,2021-09-30 13:05:15,4120.0,1000.0,7136200.0
710,2021-09-30 13:05:08,4120.0,800.0,7135200.0
711,2021-09-30 13:04:22,4120.0,1000.0,7134400.0
712,2021-09-30 13:03:46,4120.0,5000.0,7133400.0
713,2021-09-30 13:03:34,4110.0,1000.0,7128400.0
714,2021-09-30 13:03:26,4120.0,100.0,7127400.0
715,2021-09-30 13:03:10,4120.0,200.0,7127300.0
716,2021-09-30 13:03:02,4120.0,3000.0,7127100.0
717,2021-09-30 13:03:01,4120.0,100.0,7124100.0
718,2021-09-30 13:02:03,4120.0,22600.0,7124000.0
719,2021-09-30 13:02:03,4110.0,700.0,7101400.0
720,2021-09-30 13:02:03,4110.0,400.0,7100700.0
721,2021-09-30 13:02:03,4110.0,300.0,7100300.0
722,2021-09-30 13:02:03,4100.0,400.0,7100000.0
723,2021-09-30 13:02:03,4100.0,300.0,7099600.0
724,2021-09-30 13:02:03,4100.0,100.0,7099300.0
725,2021-09-30 13:02:03,4100.0,5200.0,7099200.0
726,2021-09-30 13:01:40,4100.0,5000.0,7094000.0
727,2021-09-30 13:00:53,4100.0,3000.0,7089000.0
728,2021-09-30 13:00:20,4100.0,1600.0,7086000.0
729,2021-09-30 13:00:19,4100.0,200.0,7084400.0
730,2021-09-30 13:00:19,4100.0,700.0,7084200.0
731,2021-09-30 13:00:18,4100.0,900.0,7083500.0
732,2021-09-30 13:00:17,4100.0,1000.0,7082600.0
733,2021-09-30 13:00:10,4100.0,400.0,7081600.0
734,2021-09-30 13:00:10,4100.0,100.0,7081200.0
735,2021-09-30 13:00:08,4100.0,1900.0,7081100.0
736,2021-09-30 13:00:08,4100.0,100.0,7079200.0
737,2021-09-30 13:00:06,4100.0,2000.0,7079100.0
738,2021-09-30 13:00:06,4100.0,1300.0,7077100.0
739,2021-09-30 13:00:06,4100.0,500.0,7075800.0
740,2021-09-30 13:00:06,4100.0,800.0,7075300.0
741,2021-09-30 13:00:06,4100.0,900.0,7074500.0
742,2021-09-30 13:00:06,4100.0,1000.0,7073600.0
743,2021-09-30 13:00:06,4100.0,100.0,7072600.0
744,2021-09-30 13:00:06,4100.0,200.0,7072500.0
745,2021-09-30 13:00:06,4100.0,200.0,7072300.0
746,2021-09-30 13:00:06,4100.0,500.0,7072100.0
747,2021-09-30 13:00:06,4100.0,500.0,7071600.0
748,2021-09-30 13:00:06,4100.0,200.0,7071100.0
749,2021-09-30 13:00:06,4100.0,100.0,7070900.0
750,2021-09-30 13:00:06,4100.0,300.0,7070800.0
751,2021-09-30 13:00:06,4100.0,200.0,7070500.0
752,2021-09-30 13:00:06,4100.0,500.0,7070300.0
753,2021-09-30 13:00:06,4100.0,8200.0,7069800.0
754,2021-09-30 13:00:05,4100.0,100.0,7061600.0
755,2021-09-30 13:00:04,4100.0,100.0,7061500.0
756,2021-09-30 13:00:02,4100.0,1600.0,7061400.0
757,2021-09-30 13:00:02,4100.0,100.0,7059800.0
758,2021-09-30 13:00:02,4100.0,8300.0,7059700.0
759,2021-09-30 13:00:01,4100.0,10000.0,7051400.0
760,2021-09-30 13:00:01,4110.0,100.0,7041400.0
761,2021-09-30 13:00:01,4110.0,2300.0,7041300.0
762,2021-09-30 13:00:01,4110.0,300.0,7039000.0
763,2021-09-30 13:00:01,4110.0,2400.0,7038700.0
764,2021-09-30 13:00:01,4100.0,100.0,7036300.0
765,2021-09-30 13:00:01,4100.0,600.0,7036200.0
766,2021-09-30 13:00:01,4110.0,500.0,7035600.0
767,2021-09-30 11:29:57,4100.0,81000.0,7035100.0
768,2021-09-30 11:29:57,4100.0,100.0,6954100.0
769,2021-09-30 11:29:57,4100.0,5000.0,6954000.0
770,2021-09-30 11:29:57,4100.0,200.0,6949000.0
771,2021-09-30 11:29:55,4100.0,100.0,6948800.0
772,2021-09-30 11:29:16,4110.0,100.0,6948700.0
773,2021-09-30 11:29:00,4110.0,200.0,6948600.0
774,2021-09-30 11:29:00,4110.0,6800.0,6948400.0
775,2021-09-30 11:28:49,4110.0,3200.0,6941600.0
776,2021-09-30 11:28:49,4110.0,100.0,6938400.0
777,2021-09-30 11:28:49,4110.0,6700.0,6938300.0
778,2021-09-30 11:28:30,4110.0,300.0,6931600.0
779,2021-09-30 11:28:09,4120.0,1800.0,6931300.0
780,2021-09-30 11:28:07,4110.0,200.0,6929500.0
781,2021-09-30 11:27:48,4110.0,12800.0,6929300.0
782,2021-09-30 11:27:48,4110.0,200.0,6916500.0
783,2021-09-30 11:27:48,4110.0,100.0,6916300.0
784,2021-09-30 11:27:48,4110.0,25000.0,6916200.0
785,2021-09-30 11:27:33,4120.0,600.0,6891200.0
786,2021-09-30 11:26:59,4130.0,200.0,6890600.0
787,2021-09-30 11:26:45,4130.0,3000.0,6890400.0
788,2021-09-30 11:26:45,4120.0,2000.0,6887400.0
789,2021-09-30 11:26:27,4120.0,1000.0,6885400.0
790,2021-09-30 11:26:27,4120.0,9000.0,6884400.0
791,2021-09-30 11:25:15,4120.0,4000.0,6875400.0
792,2021-09-30 11:24:19,4110.0,8000.0,6871400.0
793,2021-09-30 11:23:43,4120.0,2500.0,6863400.0
794,2021-09-30 11:23:43,4120.0,10000.0,6860900.0
795,2021-09-30 11:23:43,4120.0,7500.0,6850900.0
796,2021-09-30 11:23:30,4120.0,500.0,6843400.0
797,2021-09-30 11:22:43,4120.0,2000.0,6842900.0
798,2021-09-30 11:22:43,4120.0,500.0,6840900.0
799,2021-09-30 11:22:10,4110.0,2000.0,6840400.0
800,2021-09-30 11:22:01,4110.0,1000.0,6838400.0
801,2021-09-30 11:21:50,4110.0,2000.0,6837400.0
802,2021-09-30 11:21:23,4120.0,100.0,6835400.0
803,2021-09-30 11:20:38,4120.0,100.0,6835300.0
804,2021-09-30 11:20:18,4120.0,1000.0,6835200.0
805,2021-09-30 11:20:14,4110.0,10000.0,6834200.0
806,2021-09-30 11:19:37,4120.0,400.0,6824200.0
807,2021-09-30 11:19:22,4110.0,25000.0,6823800.0
808,2021-09-30 11:19:22,4120.0,40000.0,6798800.0
809,2021-09-30 11:19:01,4120.0,500.0,6758800.0
810,2021-09-30 11:18:18,4120.0,500.0,6758300.0
811,2021-09-30 11:18:16,4110.0,7000.0,6757800.0
812,2021-09-30 11:18:16,4110.0,1000.0,6750800.0
813,2021-09-30 11:18:16,4110.0,400.0,6749800.0
814,2021-09-30 11:18:16,4110.0,41600.0,6749400.0
815,2021-09-30 11:17:48,4110.0,5000.0,6707800.0
816,2021-09-30 11:17:14,4110.0,1000.0,6702800.0
817,2021-09-30 11:16:53,4110.0,800.0,6701800.0
818,2021-09-30 11:16:46,4120.0,700.0,6701000.0
819,2021-09-30 11:16:42,4110.0,45000.0,6700300.0
820,2021-09-30 11:16:34,4120.0,200.0,6655300.0
821,2021-09-30 11:16:34,4120.0,2900.0,6655100.0
822,2021-09-30 11:16:34,4120.0,1000.0,6652200.0
823,2021-09-30 11:16:34,4120.0,2100.0,6651200.0
824,2021-09-30 11:15:30,4120.0,1400.0,6649100.0
825,2021-09-30 11:15:02,4120.0,44800.0,6647700.0
826,2021-09-30 11:15:02,4130.0,3800.0,6602900.0
827,2021-09-30 11:15:00,4130.0,1000.0,6599100.0
828,2021-09-30 11:15:00,4130.0,200.0,6598100.0
829,2021-09-30 11:15:00,4130.0,700.0,6597900.0
830,2021-09-30 11:14:57,4130.0,100.0,6597200.0
831,2021-09-30 11:14:16,4130.0,200.0,6597100.0
832,2021-09-30 11:13:57,4140.0,1000.0,6596900.0
833,2021-09-30 11:13:56,4140.0,300.0,6595900.0
834,2021-09-30 11:13:42,4140.0,500.0,6595600.0
835,2021-09-30 11:13:38,4140.0,1000.0,6595100.0
836,2021-09-30 11:13:20,4140.0,4000.0,6594100.0
837,2021-09-30 11:13:05,4140.0,100.0,6590100.0
838,2021-09-30 11:13:04,4140.0,1200.0,6590000.0
839,2021-09-30 11:13:01,4140.0,100.0,6588800.0
840,2021-09-30 11:12:58,4140.0,100.0,6588700.0
841,2021-09-30 11:12:56,4140.0,700.0,6588600.0
842,2021-09-30 11:12:28,4140.0,500.0,6587900.0
843,2021-09-30 11:12:28,4140.0,3000.0,6587400.0
844,2021-09-30 11:12:28,4140.0,5000.0,6584400.0
845,2021-09-30 11:12:28,4140.0,100.0,6579400.0
846,2021-09-30 11:12:28,4140.0,200.0,6579300.0
847,2021-09-30 11:12:28,4140.0,1000.0,6579100.0
848,2021-09-30 11:12:28,4140.0,6000.0,6578100.0
849,2021-09-30 11:12:28,4140.0,400.0,6572100.0
850,2021-09-30 11:12:28,4140.0,100.0,6571700.0
851,2021-09-30 11:12:28,4140.0,3000.0,6571600.0
852,2021-09-30 11:12:28,4140.0,400.0,6568600.0
853,2021-09-30 11:12:28,4140.0,100.0,6568200.0
854,2021-09-30 11:12:28,4140.0,2000.0,6568100.0
855,2021-09-30 11:12:28,4140.0,800.0,6566100.0
856,2021-09-30 11:12:28,4130.0,1000.0,6565300.0
857,2021-09-30 11:12:28,4130.0,1000.0,6564300.0
858,2021-09-30 11:12:28,4130.0,1000.0,6563300.0
859,2021-09-30 11:12:28,4130.0,1400.0,6562300.0
860,2021-09-30 11:12:28,4130.0,200.0,6560900.0
861,2021-09-30 11:12:20,4130.0,5600.0,6560700.0
862,2021-09-30 11:12:10,4120.0,15500.0,6555100.0
863,2021-09-30 11:12:06,4120.0,2000.0,6539600.0
864,2021-09-30 11:12:03,4120.0,500.0,6537600.0
865,2021-09-30 11:11:57,4120.0,7000.0,6537100.0
866,2021-09-30 11:11:50,4120.0,20000.0,6530100.0
867,2021-09-30 11:11:48,4110.0,2000.0,6510100.0
868,2021-09-30 11:11:39,4120.0,5000.0,6508100.0
869,2021-09-30 11:11:31,4130.0,900.0,6503100.0
870,2021-09-30 11:11:29,4130.0,100.0,6502200.0
871,2021-09-30 11:11:23,4110.0,4600.0,6502100.0
872,2021-09-30 11:11:23,4110.0,100.0,6497500.0
873,2021-09-30 11:11:23,4110.0,500.0,6497400.0
874,2021-09-30 11:11:23,4110.0,9500.0,6496900.0
875,2021-09-30 11:11:23,4110.0,35300.0,6487400.0
876,2021-09-30 11:11:19,4130.0,900.0,6452100.0
877,2021-09-30 11:11:19,4130.0,7100.0,6451200.0
878,2021-09-30 11:10:40,4130.0,200.0,6444100.0
879,2021-09-30 11:10:27,4110.0,100.0,6443900.0
880,2021-09-30 11:10:23,4140.0,500.0,6443800.0
881,2021-09-30 11:10:23,4130.0,400.0,6443300.0
882,2021-09-30 11:10:21,4130.0,100.0,6442900.0
883,2021-09-30 11:10:13,4110.0,1200.0,6442800.0
884,2021-09-30 11:09:59,4110.0,2000.0,6441600.0
885,2021-09-30 11:09:45,4110.0,18200.0,6439600.0
886,2021-09-30 11:09:45,4120.0,11800.0,6421400.0
887,2021-09-30 11:09:42,4120.0,1200.0,6409600.0
888,2021-09-30 11:09:33,4110.0,10000.0,6408400.0
889,2021-09-30 11:09:21,4110.0,21200.0,6398400.0
890,2021-09-30 11:09:21,4110.0,1800.0,6377200.0
891,2021-09-30 11:09:13,4120.0,300.0,6375400.0
892,2021-09-30 11:09:13,4120.0,500.0,6375100.0
893,2021-09-30 11:09:07,4140.0,3500.0,6374600.0
894,2021-09-30 11:09:07,4130.0,500.0,6371100.0
895,2021-09-30 11:09:03,4130.0,100.0,6370600.0
896,2021-09-30 11:09:03,4130.0,1300.0,6370500.0
897,2021-09-30 11:09:02,4130.0,500.0,6369200.0
898,2021-09-30 11:08:57,4130.0,1900.0,6368700.0
899,2021-09-30 11:08:57,4130.0,1100.0,6366800.0
900,2021-09-30 11:08:51,4130.0,2000.0,6365700.0
901,2021-09-30 11:08:29,4130.0,200.0,6363700.0
902,2021-09-30 11:07:48,4140.0,800.0,6363500.0
903,2021-09-30 11:07:38,4140.0,400.0,6362700.0
904,2021-09-30 11:07:38,4140.0,8500.0,6362300.0
905,2021-09-30 11:07:38,4140.0,500.0,6353800.0
906,2021-09-30 11:07:38,4140.0,200.0,6353300.0
907,2021-09-30 11:07:38,4140.0,200.0,6353100.0
908,2021-09-30 11:07:38,4140.0,2600.0,6352900.0
909,2021-09-30 11:07:08,4140.0,2400.0,6350300.0
910,2021-09-30 11:07:08,4140.0,200.0,6347900.0
911,2021-09-30 11:07:08,4140.0,1000.0,6347700.0
912,2021-09-30 11:07:08,4140.0,900.0,6346700.0
913,2021-09-30 11:06:56,4130.0,2000.0,6345800.0
914,2021-09-30 11:06:56,4140.0,300.0,6343800.0
915,2021-09-30 11:06:56,4140.0,100.0,6343500.0
916,2021-09-30 11:06:56,4140.0,1000.0,6343400.0
917,2021-09-30 11:06:56,4140.0,1000.0,6342400.0
918,2021-09-30 11:06:56,4140.0,1000.0,6341400.0
919,2021-09-30 11:06:56,4140.0,1600.0,6340400.0
920,2021-09-30 11:06:42,4130.0,1000.0,6338800.0
921,2021-09-30 11:06:38,4130.0,500.0,6337800.0
922,2021-09-30 11:06:38,4130.0,900.0,6337300.0
923,2021-09-30 11:06:38,4120.0,2300.0,6336400.0
924,2021-09-30 11:06:37,4120.0,200.0,6334100.0
925,2021-09-30 11:06:19,4120.0,200.0,6333900.0
926,2021-09-30 11:06:17,4130.0,2100.0,6333700.0
927,2021-09-30 11:06:17,4130.0,4000.0,6331600.0
928,2021-09-30 11:06:17,4130.0,100.0,6327600.0
929,2021-09-30 11:06:17,4130.0,5000.0,6327500.0
930,2021-09-30 11:06:17,4130.0,700.0,6322500.0
931,2021-09-30 11:06:17,4130.0,2000.0,6321800.0
932,2021-09-30 11:06:17,4130.0,1000.0,6319800.0
933,2021-09-30 11:06:17,4130.0,100.0,6318800.0
934,2021-09-30 11:06:17,4130.0,300.0,6318700.0
935,2021-09-30 11:06:17,4130.0,100.0,6318400.0
936,2021-09-30 11:06:17,4130.0,9700.0,6318300.0
937,2021-09-30 11:06:17,4120.0,1700.0,6308600.0
938,2021-09-30 11:06:09,4120.0,300.0,6306900.0
939,2021-09-30 11:06:09,4120.0,3000.0,6306600.0
940,2021-09-30 11:06:09,4130.0,300.0,6303600.0
941,2021-09-30 11:05:53,4120.0,1000.0,6303300.0
942,2021-09-30 11:05:53,4120.0,2000.0,6302300.0
943,2021-09-30 11:05:53,4120.0,4000.0,6300300.0
944,2021-09-30 11:05:43,4120.0,100.0,6296300.0
945,2021-09-30 11:05:30,4120.0,2000.0,6296200.0
946,2021-09-30 11:05:26,4120.0,2600.0,6294200.0
947,2021-09-30 11:05:26,4120.0,2500.0,6291600.0
948,2021-09-30 11:05:26,4120.0,500.0,6289100.0
949,2021-09-30 11:05:26,4120.0,2000.0,6288600.0
950,2021-09-30 11:05:26,4120.0,5000.0,6286600.0
951,2021-09-30 11:05:26,4120.0,5000.0,6281600.0
952,2021-09-30 11:05:26,4120.0,1500.0,6276600.0
953,2021-09-30 11:05:26,4120.0,1400.0,6275100.0
954,2021-09-30 11:05:17,4100.0,500.0,6273700.0
955,2021-09-30 11:05:02,4120.0,600.0,6273200.0
956,2021-09-30 11:05:02,4120.0,1000.0,6272600.0
957,2021-09-30 11:05:02,4120.0,600.0,6271600.0
958,2021-09-30 11:05:02,4120.0,5000.0,6271000.0
959,2021-09-30 11:05:02,4120.0,2500.0,6266000.0
960,2021-09-30 11:05:02,4110.0,300.0,6263500.0
961,2021-09-30 11:04:54,4110.0,100.0,6263200.0
962,2021-09-30 11:03:46,4100.0,800.0,6263100.0
963,2021-09-30 11:03:46,4110.0,200.0,6262300.0
964,2021-09-30 11:03:46,4110.0,500.0,6262100.0
965,2021-09-30 11:03:40,4110.0,5000.0,6261600.0
966,2021-09-30 11:03:32,4110.0,5000.0,6256600.0
967,2021-09-30 11:03:31,4110.0,2000.0,6251600.0
968,2021-09-30 11:03:21,4120.0,100.0,6249600.0
969,2021-09-30 11:03:17,4110.0,7000.0,6249500.0
970,2021-09-30 11:02:59,4120.0,5000.0,6242500.0
971,2021-09-30 11:02:56,4110.0,500.0,6237500.0
972,2021-09-30 11:02:31,4120.0,2000.0,6237000.0
973,2021-09-30 11:02:22,4100.0,2000.0,6235000.0
974,2021-09-30 11:02:19,4120.0,400.0,6233000.0
975,2021-09-30 11:02:19,4120.0,1600.0,6232600.0
976,2021-09-30 11:02:19,4120.0,400.0,6231000.0
977,2021-09-30 11:02:19,4120.0,200.0,6230600.0
978,2021-09-30 11:02:19,4120.0,1000.0,6230400.0
979,2021-09-30 11:02:19,4120.0,1400.0,6229400.0
980,2021-09-30 11:02:12,4120.0,5600.0,6228000.0
981,2021-09-30 11:02:12,4120.0,3000.0,6222400.0
982,2021-09-30 11:02:12,4110.0,1000.0,6219400.0
983,2021-09-30 11:02:12,4110.0,2000.0,6218400.0
984,2021-09-30 11:02:12,4110.0,5100.0,6216400.0
985,2021-09-30 11:02:12,4110.0,5000.0,6211300.0
986,2021-09-30 11:02:12,4110.0,2000.0,6206300.0
987,2021-09-30 11:02:12,4110.0,1000.0,6204300.0
988,2021-09-30 11:02:12,4110.0,100.0,6203300.0
989,2021-09-30 11:02:12,4110.0,500.0,6203200.0
990,2021-09-30 11:02:12,4110.0,15700.0,6202700.0
991,2021-09-30 11:02:04,4100.0,5000.0,6187000.0
992,2021-09-30 11:01:55,4100.0,1700.0,6182000.0
993,2021-09-30 11:01:55,4100.0,300.0,6180300.0
994,2021-09-30 11:01:55,4100.0,100.0,6180000.0
995,2021-09-30 11:01:55,4100.0,5000.0,6179900.0
996,2021-09-30 11:01:55,4100.0,1000.0,6174900.0
997,2021-09-30 11:01:55,4100.0,6800.0,6173900.0
998,2021-09-30 11:01:36,4100.0,100.0,6167100.0
999,2021-09-30 11:01:11,4100.0,500.0,6167000.0
1000,2021-09-30 11:01:03,4100.0,1600.0,6166500.0
1001,2021-09-30 11:01:03,4100.0,1200.0,6164900.0
1002,2021-09-30 11:00:48,4090.0,200.0,6163700.0
1003,2021-09-30 11:00:18,4090.0,3000.0,6163500.0
1004,2021-09-30 10:59:15,4080.0,3600.0,6160500.0
1005,2021-09-30 10:59:15,4090.0,1400.0,6156900.0
1006,2021-09-30 10:58:48,4090.0,5000.0,6155500.0
1007,2021-09-30 10:58:48,4090.0,3000.0,6150500.0
1008,2021-09-30 10:58:41,4090.0,600.0,6147500.0
1009,2021-09-30 10:58:41,4090.0,9400.0,6146900.0
1010,2021-09-30 10:58:20,4110.0,74700.0,6137500.0
1011,2021-09-30 10:58:20,4100.0,700.0,6062800.0
1012,2021-09-30 10:58:20,4100.0,500.0,6062100.0
1013,2021-09-30 10:58:20,4100.0,5000.0,6061600.0
1014,2021-09-30 10:58:20,4100.0,1000.0,6056600.0
1015,2021-09-30 10:58:20,4100.0,1500.0,6055600.0
1016,2021-09-30 10:58:20,4100.0,1000.0,6054100.0
1017,2021-09-30 10:58:20,4100.0,5000.0,6053100.0
1018,2021-09-30 10:58:20,4100.0,1700.0,6048100.0
1019,2021-09-30 10:58:20,4100.0,1200.0,6046400.0
1020,2021-09-30 10:58:20,4100.0,200.0,6045200.0
1021,2021-09-30 10:58:20,4100.0,2000.0,6045000.0
1022,2021-09-30 10:58:20,4100.0,2000.0,6043000.0
1023,2021-09-30 10:58:20,4100.0,1000.0,6041000.0
1024,2021-09-30 10:58:20,4100.0,1000.0,6040000.0
1025,2021-09-30 10:58:20,4100.0,100.0,6039000.0
1026,2021-09-30 10:58:20,4100.0,1400.0,6038900.0
1027,2021-09-30 10:57:37,4090.0,5000.0,6037500.0
1028,2021-09-30 10:57:34,4090.0,100.0,6032500.0
1029,2021-09-30 10:57:34,4090.0,400.0,6032400.0
1030,2021-09-30 10:56:59,4090.0,600.0,6032000.0
1031,2021-09-30 10:56:59,4090.0,800.0,6031400.0
1032,2021-09-30 10:56:56,4090.0,100.0,6030600.0
1033,2021-09-30 10:56:02,4080.0,200.0,6030500.0
1034,2021-09-30 10:56:00,4090.0,900.0,6030300.0
1035,2021-09-30 10:55:45,4090.0,200.0,6029400.0
1036,2021-09-30 10:54:48,4100.0,600.0,6029200.0
1037,2021-09-30 10:54:48,4100.0,1500.0,6028600.0
1038,2021-09-30 10:54:48,4090.0,500.0,6027100.0
1039,2021-09-30 10:54:48,4090.0,2500.0,6026600.0
1040,2021-09-30 10:54:48,4090.0,100.0,6024100.0
1041,2021-09-30 10:54:48,4090.0,3800.0,6024000.0
1042,2021-09-30 10:54:38,4080.0,1500.0,6020200.0
1043,2021-09-30 10:52:29,4090.0,200.0,6018700.0
1044,2021-09-30 10:52:29,4090.0,500.0,6018500.0
1045,2021-09-30 10:52:29,4090.0,400.0,6018000.0
1046,2021-09-30 10:52:29,4090.0,100.0,6017600.0
1047,2021-09-30 10:52:26,4090.0,1300.0,6017500.0
1048,2021-09-30 10:52:25,4090.0,2000.0,6016200.0
1049,2021-09-30 10:52:11,4090.0,1000.0,6014200.0
1050,2021-09-30 10:51:46,4090.0,500.0,6013200.0
1051,2021-09-30 10:51:25,4090.0,100.0,6012700.0
1052,2021-09-30 10:51:08,4090.0,200.0,6012600.0
1053,2021-09-30 10:51:08,4090.0,4700.0,6012400.0
1054,2021-09-30 10:51:08,4080.0,100.0,6007700.0
1055,2021-09-30 10:51:03,4080.0,100.0,6007600.0
1056,2021-09-30 10:50:05,4070.0,300.0,6007500.0
1057,2021-09-30 10:49:40,4090.0,300.0,6007200.0
1058,2021-09-30 10:49:36,4070.0,200.0,6006900.0
1059,2021-09-30 10:48:48,4070.0,100.0,6006700.0
1060,2021-09-30 10:48:37,4070.0,500.0,6006600.0
1061,2021-09-30 10:48:32,4070.0,100.0,6006100.0
1062,2021-09-30 10:48:23,4070.0,4900.0,6006000.0
1063,2021-09-30 10:47:50,4070.0,1000.0,6001100.0
1064,2021-09-30 10:47:43,4070.0,100.0,6000100.0
1065,2021-09-30 10:47:35,4070.0,3100.0,6000000.0
1066,2021-09-30 10:47:35,4070.0,2000.0,5996900.0
1067,2021-09-30 10:47:35,4070.0,100.0,5994900.0
1068,2021-09-30 10:47:35,4070.0,3700.0,5994800.0
1069,2021-09-30 10:47:35,4070.0,10000.0,5991100.0
1070,2021-09-30 10:47:35,4070.0,700.0,5981100.0
1071,2021-09-30 10:47:35,4080.0,100.0,5980400.0
1072,2021-09-30 10:47:35,4080.0,200.0,5980300.0
1073,2021-09-30 10:47:35,4080.0,100.0,5980100.0
1074,2021-09-30 10:47:33,4090.0,2000.0,5980000.0
1075,2021-09-30 10:46:46,4090.0,5000.0,5978000.0
1076,2021-09-30 10:46:46,4090.0,100.0,5973000.0
1077,2021-09-30 10:46:36,4090.0,100.0,5972900.0
1078,2021-09-30 10:45:14,4100.0,500.0,5972800.0
1079,2021-09-30 10:45:14,4100.0,100.0,5972300.0
1080,2021-09-30 10:45:14,4100.0,500.0,5972200.0
1081,2021-09-30 10:45:14,4100.0,5000.0,5971700.0
1082,2021-09-30 10:45:14,4100.0,12400.0,5966700.0
1083,2021-09-30 10:45:03,4100.0,1000.0,5954300.0
1084,2021-09-30 10:45:00,4100.0,2000.0,5953300.0
1085,2021-09-30 10:44:28,4110.0,9600.0,5951300.0
1086,2021-09-30 10:44:22,4110.0,300.0,5941700.0
1087,2021-09-30 10:44:16,4110.0,5000.0,5941400.0
1088,2021-09-30 10:43:52,4110.0,1000.0,5936400.0
1089,2021-09-30 10:43:42,4110.0,100.0,5935400.0
1090,2021-09-30 10:43:23,4110.0,3000.0,5935300.0
1091,2021-09-30 10:43:22,4110.0,1000.0,5932300.0
1092,2021-09-30 10:43:14,4110.0,1000.0,5931300.0
1093,2021-09-30 10:43:14,4110.0,10000.0,5930300.0
1094,2021-09-30 10:43:14,4110.0,2000.0,5920300.0
1095,2021-09-30 10:43:14,4110.0,2000.0,5918300.0
1096,2021-09-30 10:43:14,4110.0,2500.0,5916300.0
1097,2021-09-30 10:43:14,4110.0,1000.0,5913800.0
1098,2021-09-30 10:43:14,4110.0,1500.0,5912800.0
1099,2021-09-30 10:43:05,4100.0,200.0,5911300.0
1100,2021-09-30 10:43:04,4100.0,5000.0,5911100.0
1101,2021-09-30 10:42:49,4100.0,500.0,5906100.0
1102,2021-09-30 10:42:31,4100.0,6000.0,5905600.0
1103,2021-09-30 10:42:31,4100.0,5000.0,5899600.0
1104,2021-09-30 10:42:31,4100.0,700.0,5894600.0
1105,2021-09-30 10:42:31,4100.0,4000.0,5893900.0
1106,2021-09-30 10:42:31,4100.0,200.0,5889900.0
1107,2021-09-30 10:42:31,4100.0,500.0,5889700.0
1108,2021-09-30 10:42:31,4100.0,200.0,5889200.0
1109,2021-09-30 10:42:31,4100.0,5000.0,5889000.0
1110,2021-09-30 10:42:31,4100.0,300.0,5884000.0
1111,2021-09-30 10:42:31,4100.0,400.0,5883700.0
1112,2021-09-30 10:42:31,4100.0,1000.0,5883300.0
1113,2021-09-30 10:42:31,4100.0,3300.0,5882300.0
1114,2021-09-30 10:42:31,4100.0,1000.0,5879000.0
1115,2021-09-30 10:42:31,4100.0,200.0,5878000.0
1116,2021-09-30 10:42:31,4100.0,300.0,5877800.0
1117,2021-09-30 10:42:31,4100.0,100.0,5877500.0
1118,2021-09-30 10:42:31,4100.0,2000.0,5877400.0
1119,2021-09-30 10:42:31,4100.0,8500.0,5875400.0
1120,2021-09-30 10:42:31,4100.0,700.0,5866900.0
1121,2021-09-30 10:42:31,4100.0,1000.0,5866200.0
1122,2021-09-30 10:42:31,4100.0,15000.0,5865200.0
1123,2021-09-30 10:42:31,4100.0,23500.0,5850200.0
1124,2021-09-30 10:42:26,4100.0,42400.0,5826700.0
1125,2021-09-30 10:42:26,4090.0,100.0,5784300.0
1126,2021-09-30 10:42:26,4090.0,3000.0,5784200.0
1127,2021-09-30 10:42:26,4090.0,4500.0,5781200.0
1128,2021-09-30 10:42:15,4090.0,10000.0,5776700.0
1129,2021-09-30 10:42:07,4090.0,400.0,5766700.0
1130,2021-09-30 10:41:50,4090.0,100.0,5766300.0
1131,2021-09-30 10:41:27,4070.0,2300.0,5766200.0
1132,2021-09-30 10:41:27,4070.0,100.0,5763900.0
1133,2021-09-30 10:41:27,4070.0,5000.0,5763800.0
1134,2021-09-30 10:41:27,4070.0,100.0,5758800.0
1135,2021-09-30 10:41:27,4070.0,1500.0,5758700.0
1136,2021-09-30 10:41:27,4070.0,18000.0,5757200.0
1137,2021-09-30 10:41:27,4070.0,400.0,5739200.0
1138,2021-09-30 10:41:27,4070.0,1600.0,5738800.0
1139,2021-09-30 10:40:44,4100.0,9000.0,5737200.0
1140,2021-09-30 10:40:44,4090.0,1000.0,5728200.0
1141,2021-09-30 10:40:40,4090.0,500.0,5727200.0
1142,2021-09-30 10:40:38,4090.0,1500.0,5726700.0
1143,2021-09-30 10:40:38,4090.0,400.0,5725200.0
1144,2021-09-30 10:40:38,4090.0,100.0,5724800.0
1145,2021-09-30 10:40:38,4090.0,6000.0,5724700.0
1146,2021-09-30 10:40:38,4090.0,100.0,5718700.0
1147,2021-09-30 10:40:38,4090.0,4000.0,5718600.0
1148,2021-09-30 10:40:22,4100.0,1000.0,5714600.0
1149,2021-09-30 10:40:22,4090.0,1200.0,5713600.0
1150,2021-09-30 10:39:55,4100.0,21000.0,5712400.0
1151,2021-09-30 10:39:48,4100.0,3000.0,5691400.0
1152,2021-09-30 10:39:29,4100.0,100.0,5688400.0
1153,2021-09-30 10:39:29,4100.0,100.0,5688300.0
1154,2021-09-30 10:39:29,4100.0,300.0,5688200.0
1155,2021-09-30 10:38:50,4090.0,1000.0,5687900.0
1156,2021-09-30 10:38:50,4090.0,1000.0,5686900.0
1157,2021-09-30 10:38:50,4090.0,2800.0,5685900.0
1158,2021-09-30 10:38:47,4090.0,100.0,5683100.0
1159,2021-09-30 10:38:36,4070.0,4400.0,5683000.0
1160,2021-09-30 10:38:36,4070.0,600.0,5678600.0
1161,2021-09-30 10:38:26,4090.0,7400.0,5678000.0
1162,2021-09-30 10:38:26,4090.0,7600.0,5670600.0
1163,2021-09-30 10:38:15,4070.0,1400.0,5663000.0
1164,2021-09-30 10:38:15,4070.0,100.0,5661600.0
1165,2021-09-30 10:38:15,4070.0,5000.0,5661500.0
1166,2021-09-30 10:38:15,4070.0,400.0,5656500.0
1167,2021-09-30 10:38:15,4070.0,1000.0,5656100.0
1168,2021-09-30 10:38:15,4070.0,100.0,5655100.0
1169,2021-09-30 10:38:06,4090.0,9100.0,5655000.0
1170,2021-09-30 10:38:06,4090.0,300.0,5645900.0
1171,2021-09-30 10:38:06,4090.0,5000.0,5645600.0
1172,2021-09-30 10:38:06,4090.0,3000.0,5640600.0
1173,2021-09-30 10:38:06,4090.0,10000.0,5637600.0
1174,2021-09-30 10:38:06,4090.0,1600.0,5627600.0
1175,2021-09-30 10:37:52,4070.0,200.0,5626000.0
1176,2021-09-30 10:37:52,4070.0,100.0,5625800.0
1177,2021-09-30 10:36:48,4070.0,200.0,5625700.0
1178,2021-09-30 10:36:30,4070.0,500.0,5625500.0
1179,2021-09-30 10:36:19,4090.0,200.0,5625000.0
1180,2021-09-30 10:36:18,4090.0,100.0,5624800.0
1181,2021-09-30 10:36:17,4070.0,4500.0,5624700.0
1182,2021-09-30 10:35:46,4090.0,500.0,5620200.0
1183,2021-09-30 10:35:40,4090.0,500.0,5619700.0
1184,2021-09-30 10:35:03,4090.0,2000.0,5619200.0
1185,2021-09-30 10:34:46,4090.0,5100.0,5617200.0
1186,2021-09-30 10:34:46,4090.0,4900.0,5612100.0
1187,2021-09-30 10:34:44,4050.0,2300.0,5607200.0
1188,2021-09-30 10:34:44,4050.0,1000.0,5604900.0
1189,2021-09-30 10:34:44,4050.0,2900.0,5603900.0
1190,2021-09-30 10:34:44,4060.0,16700.0,5601000.0
1191,2021-09-30 10:34:44,4060.0,6200.0,5584300.0
1192,2021-09-30 10:34:44,4080.0,4000.0,5578100.0
1193,2021-09-30 10:34:44,4080.0,500.0,5574100.0
1194,2021-09-30 10:34:44,4080.0,8300.0,5573600.0
1195,2021-09-30 10:34:30,4080.0,1700.0,5565300.0
1196,2021-09-30 10:34:30,4080.0,1100.0,5563600.0
1197,2021-09-30 10:34:30,4080.0,2000.0,5562500.0
1198,2021-09-30 10:34:30,4080.0,200.0,5560500.0
1199,2021-09-30 10:34:30,4080.0,1000.0,5560300.0
1200,2021-09-30 10:34:12,4080.0,500.0,5559300.0
1201,2021-09-30 10:33:53,4080.0,8500.0,5558800.0
1202,2021-09-30 10:33:53,4080.0,1500.0,5550300.0
1203,2021-09-30 10:33:38,4080.0,1000.0,5548800.0
1204,2021-09-30 10:33:23,4080.0,100.0,5547800.0
1205,2021-09-30 10:33:23,4080.0,4900.0,5547700.0
1206,2021-09-30 10:33:15,4080.0,11000.0,5542800.0
1207,2021-09-30 10:33:02,4080.0,4100.0,5531800.0
1208,2021-09-30 10:33:02,4080.0,4700.0,5527700.0
1209,2021-09-30 10:33:02,4080.0,200.0,5523000.0
1210,2021-09-30 10:32:56,4080.0,100.0,5522800.0
1211,2021-09-30 10:31:43,4090.0,100.0,5522700.0
1212,2021-09-30 10:31:43,4090.0,4900.0,5522600.0
1213,2021-09-30 10:31:43,4090.0,5000.0,5517700.0
1214,2021-09-30 10:31:42,4090.0,100.0,5512700.0
1215,2021-09-30 10:31:27,4090.0,200.0,5512600.0
1216,2021-09-30 10:30:56,4060.0,3800.0,5512400.0
1217,2021-09-30 10:30:17,4050.0,1300.0,5508600.0
1218,2021-09-30 10:30:14,4050.0,800.0,5507300.0
1219,2021-09-30 10:30:04,4050.0,500.0,5506500.0
1220,2021-09-30 10:29:51,4050.0,300.0,5506000.0
1221,2021-09-30 10:29:51,4050.0,200.0,5505700.0
1222,2021-09-30 10:29:41,4050.0,500.0,5505500.0
1223,2021-09-30 10:29:40,4090.0,700.0,5505000.0
1224,2021-09-30 10:29:40,4090.0,1000.0,5504300.0
1225,2021-09-30 10:29:40,4070.0,300.0,5503300.0
1226,2021-09-30 10:29:40,4070.0,200.0,5503000.0
1227,2021-09-30 10:29:40,4070.0,300.0,5502800.0
1228,2021-09-30 10:29:35,4050.0,1500.0,5502500.0
1229,2021-09-30 10:29:28,4050.0,1000.0,5501000.0
1230,2021-09-30 10:28:41,4050.0,100.0,5500000.0
1231,2021-09-30 10:28:37,4050.0,400.0,5499900.0
1232,2021-09-30 10:28:26,4050.0,100.0,5499500.0
1233,2021-09-30 10:28:22,4050.0,400.0,5499400.0
1234,2021-09-30 10:28:22,4050.0,1600.0,5499000.0
1235,2021-09-30 10:28:13,4050.0,400.0,5497400.0
1236,2021-09-30 10:28:13,4050.0,200.0,5497000.0
1237,2021-09-30 10:28:13,4050.0,500.0,5496800.0
1238,2021-09-30 10:28:13,4050.0,400.0,5496300.0
1239,2021-09-30 10:27:56,4050.0,100.0,5495900.0
1240,2021-09-30 10:27:53,4050.0,500.0,5495800.0
1241,2021-09-30 10:27:53,4050.0,2000.0,5495300.0
1242,2021-09-30 10:27:53,4050.0,500.0,5493300.0
1243,2021-09-30 10:27:53,4050.0,1500.0,5492800.0
1244,2021-09-30 10:27:19,4050.0,300.0,5491300.0
1245,2021-09-30 10:26:41,4050.0,200.0,5491000.0
1246,2021-09-30 10:26:17,4000.0,1000.0,5490800.0
1247,2021-09-30 10:25:34,4070.0,100.0,5489800.0
1248,2021-09-30 10:25:23,4070.0,100.0,5489700.0
1249,2021-09-30 10:24:53,3950.0,4900.0,5489600.0
1250,2021-09-30 10:24:53,3950.0,2000.0,5484700.0
1251,2021-09-30 10:24:53,3950.0,1000.0,5482700.0
1252,2021-09-30 10:24:53,3950.0,1000.0,5481700.0
1253,2021-09-30 10:24:53,3950.0,2000.0,5480700.0
1254,2021-09-30 10:24:53,3950.0,5000.0,5478700.0
1255,2021-09-30 10:24:53,3950.0,5000.0,5473700.0
1256,2021-09-30 10:24:53,3950.0,10000.0,5468700.0
1257,2021-09-30 10:24:53,3950.0,3000.0,5458700.0
1258,2021-09-30 10:24:53,3950.0,600.0,5455700.0
1259,2021-09-30 10:24:53,3950.0,2000.0,5455100.0
1260,2021-09-30 10:24:53,3950.0,100.0,5453100.0
1261,2021-09-30 10:24:53,3950.0,100.0,5453000.0
1262,2021-09-30 10:24:53,3950.0,500.0,5452900.0
1263,2021-09-30 10:24:53,3950.0,1000.0,5452400.0
1264,2021-09-30 10:24:53,3950.0,500.0,5451400.0
1265,2021-09-30 10:24:53,3950.0,16000.0,5450900.0
1266,2021-09-30 10:24:53,3950.0,7000.0,5434900.0
1267,2021-09-30 10:24:53,3950.0,1000.0,5427900.0
1268,2021-09-30 10:24:53,3950.0,5000.0,5426900.0
1269,2021-09-30 10:24:53,3950.0,800.0,5421900.0
1270,2021-09-30 10:24:53,3950.0,2000.0,5421100.0
1271,2021-09-30 10:24:53,3950.0,3000.0,5419100.0
1272,2021-09-30 10:24:53,3950.0,1500.0,5416100.0
1273,2021-09-30 10:24:53,3950.0,23000.0,5414600.0
1274,2021-09-30 10:24:53,3950.0,2000.0,5391600.0
1275,2021-09-30 10:24:53,3950.0,500.0,5389600.0
1276,2021-09-30 10:24:53,3950.0,3000.0,5389100.0
1277,2021-09-30 10:24:53,3950.0,100.0,5386100.0
1278,2021-09-30 10:24:53,3950.0,1000.0,5386000.0
1279,2021-09-30 10:24:53,3950.0,900.0,5385000.0
1280,2021-09-30 10:24:53,3950.0,8000.0,5384100.0
1281,2021-09-30 10:24:53,3950.0,500.0,5376100.0
1282,2021-09-30 10:24:53,3950.0,1700.0,5375600.0
1283,2021-09-30 10:24:53,3960.0,500.0,5373900.0
1284,2021-09-30 10:24:53,3960.0,3600.0,5373400.0
1285,2021-09-30 10:24:53,3960.0,13200.0,5369800.0
1286,2021-09-30 10:24:53,3960.0,3000.0,5356600.0
1287,2021-09-30 10:24:53,3960.0,10000.0,5353600.0
1288,2021-09-30 10:24:53,3960.0,1000.0,5343600.0
1289,2021-09-30 10:24:53,3960.0,100.0,5342600.0
1290,2021-09-30 10:24:53,3960.0,100.0,5342500.0
1291,2021-09-30 10:24:53,3960.0,3000.0,5342400.0
1292,2021-09-30 10:24:53,3970.0,2000.0,5339400.0
1293,2021-09-30 10:24:53,3970.0,5000.0,5337400.0
1294,2021-09-30 10:24:53,3970.0,2000.0,5332400.0
1295,2021-09-30 10:24:53,3970.0,300.0,5330400.0
1296,2021-09-30 10:24:53,3970.0,4000.0,5330100.0
1297,2021-09-30 10:24:53,3970.0,2000.0,5326100.0
1298,2021-09-30 10:24:53,3970.0,500.0,5324100.0
1299,2021-09-30 10:24:53,3980.0,1000.0,5323600.0
1300,2021-09-30 10:24:53,3980.0,1000.0,5322600.0
1301,2021-09-30 10:24:53,3980.0,2000.0,5321600.0
1302,2021-09-30 10:24:53,3980.0,800.0,5319600.0
1303,2021-09-30 10:24:53,3980.0,5100.0,5318800.0
1304,2021-09-30 10:24:53,3980.0,3000.0,5313700.0
1305,2021-09-30 10:24:53,3980.0,100.0,5310700.0
1306,2021-09-30 10:24:53,3980.0,2000.0,5310600.0
1307,2021-09-30 10:24:53,3990.0,2000.0,5308600.0
1308,2021-09-30 10:24:53,3990.0,3000.0,5306600.0
1309,2021-09-30 10:24:53,4000.0,5000.0,5303600.0
1310,2021-09-30 10:24:53,4000.0,1400.0,5298600.0
1311,2021-09-30 10:24:53,4000.0,100.0,5297200.0
1312,2021-09-30 10:24:53,4000.0,500.0,5297100.0
1313,2021-09-30 10:24:53,4000.0,1000.0,5296600.0
1314,2021-09-30 10:24:53,4000.0,100.0,5295600.0
1315,2021-09-30 10:24:53,4000.0,1000.0,5295500.0
1316,2021-09-30 10:24:53,4000.0,300.0,5294500.0
1317,2021-09-30 10:24:53,4000.0,4000.0,5294200.0
1318,2021-09-30 10:24:53,4000.0,100.0,5290200.0
1319,2021-09-30 10:24:53,4000.0,2000.0,5290100.0
1320,2021-09-30 10:24:53,4000.0,1000.0,5288100.0
1321,2021-09-30 10:24:53,4000.0,1000.0,5287100.0
1322,2021-09-30 10:24:53,4000.0,500.0,5286100.0
1323,2021-09-30 10:24:53,4000.0,3000.0,5285600.0
1324,2021-09-30 10:24:53,4000.0,2000.0,5282600.0
1325,2021-09-30 10:24:53,4000.0,1000.0,5280600.0
1326,2021-09-30 10:24:53,4000.0,5000.0,5279600.0
1327,2021-09-30 10:24:53,4000.0,10000.0,5274600.0
1328,2021-09-30 10:24:53,4000.0,1000.0,5264600.0
1329,2021-09-30 10:24:53,4000.0,2000.0,5263600.0
1330,2021-09-30 10:24:53,4000.0,100.0,5261600.0
1331,2021-09-30 10:24:53,4000.0,500.0,5261500.0
1332,2021-09-30 10:24:53,4000.0,500.0,5261000.0
1333,2021-09-30 10:24:53,4000.0,500.0,5260500.0
1334,2021-09-30 10:24:53,4000.0,100.0,5260000.0
1335,2021-09-30 10:24:53,4000.0,500.0,5259900.0
1336,2021-09-30 10:24:53,4000.0,100.0,5259400.0
1337,2021-09-30 10:24:53,4000.0,500.0,5259300.0
1338,2021-09-30 10:24:53,4000.0,5000.0,5258800.0
1339,2021-09-30 10:24:53,4000.0,1000.0,5253800.0
1340,2021-09-30 10:24:53,4000.0,20000.0,5252800.0
1341,2021-09-30 10:24:53,4000.0,2000.0,5232800.0
1342,2021-09-30 10:24:53,4000.0,5000.0,5230800.0
1343,2021-09-30 10:24:53,4000.0,3000.0,5225800.0
1344,2021-09-30 10:24:53,4000.0,3000.0,5222800.0
1345,2021-09-30 10:24:53,4000.0,100.0,5219800.0
1346,2021-09-30 10:24:53,4000.0,100.0,5219700.0
1347,2021-09-30 10:24:53,4000.0,1000.0,5219600.0
1348,2021-09-30 10:24:53,4000.0,1100.0,5218600.0
1349,2021-09-30 10:24:53,4000.0,20000.0,5217500.0
1350,2021-09-30 10:24:53,4000.0,1000.0,5197500.0
1351,2021-09-30 10:24:53,4000.0,700.0,5196500.0
1352,2021-09-30 10:24:53,4000.0,1200.0,5195800.0
1353,2021-09-30 10:24:53,4000.0,100.0,5194600.0
1354,2021-09-30 10:24:53,4000.0,300.0,5194500.0
1355,2021-09-30 10:24:53,4000.0,2000.0,5194200.0
1356,2021-09-30 10:24:53,4000.0,500.0,5192200.0
1357,2021-09-30 10:24:53,4000.0,15900.0,5191700.0
1358,2021-09-30 10:24:53,4000.0,100.0,5175800.0
1359,2021-09-30 10:24:53,4000.0,25000.0,5175700.0
1360,2021-09-30 10:24:53,4000.0,400.0,5150700.0
1361,2021-09-30 10:24:53,4000.0,500.0,5150300.0
1362,2021-09-30 10:24:53,4000.0,2000.0,5149800.0
1363,2021-09-30 10:24:53,4000.0,100.0,5147800.0
1364,2021-09-30 10:24:53,4000.0,1000.0,5147700.0
1365,2021-09-30 10:24:53,4000.0,1000.0,5146700.0
1366,2021-09-30 10:24:53,4000.0,2000.0,5145700.0
1367,2021-09-30 10:24:53,4000.0,1000.0,5143700.0
1368,2021-09-30 10:24:53,4000.0,10000.0,5142700.0
1369,2021-09-30 10:24:53,4000.0,1000.0,5132700.0
1370,2021-09-30 10:24:53,4000.0,5000.0,5131700.0
1371,2021-09-30 10:24:53,4000.0,5000.0,5126700.0
1372,2021-09-30 10:24:53,4000.0,100.0,5121700.0
1373,2021-09-30 10:24:53,4000.0,200.0,5121600.0
1374,2021-09-30 10:24:53,4000.0,100.0,5121400.0
1375,2021-09-30 10:24:53,4010.0,500.0,5121300.0
1376,2021-09-30 10:24:53,4010.0,10000.0,5120800.0
1377,2021-09-30 10:24:53,4010.0,500.0,5110800.0
1378,2021-09-30 10:24:53,4010.0,100.0,5110300.0
1379,2021-09-30 10:24:53,4020.0,1000.0,5110200.0
1380,2021-09-30 10:24:53,4020.0,2000.0,5109200.0
1381,2021-09-30 10:24:53,4020.0,300.0,5107200.0
1382,2021-09-30 10:24:53,4030.0,2000.0,5106900.0
1383,2021-09-30 10:24:53,4050.0,300.0,5104900.0
1384,2021-09-30 10:24:53,4050.0,600.0,5104600.0
1385,2021-09-30 10:24:53,4050.0,1500.0,5104000.0
1386,2021-09-30 10:24:53,4050.0,10000.0,5102500.0
1387,2021-09-30 10:24:53,4050.0,200.0,5092500.0
1388,2021-09-30 10:24:53,4050.0,100.0,5092300.0
1389,2021-09-30 10:24:53,4050.0,30000.0,5092200.0
1390,2021-09-30 10:24:53,4050.0,500.0,5062200.0
1391,2021-09-30 10:24:53,4050.0,100.0,5061700.0
1392,2021-09-30 10:24:53,4050.0,500.0,5061600.0
1393,2021-09-30 10:24:53,4050.0,10000.0,5061100.0
1394,2021-09-30 10:24:53,4050.0,2300.0,5051100.0
1395,2021-09-30 10:24:53,4050.0,200.0,5048800.0
1396,2021-09-30 10:24:53,4050.0,100.0,5048600.0
1397,2021-09-30 10:24:53,4050.0,200.0,5048500.0
1398,2021-09-30 10:24:53,4050.0,3100.0,5048300.0
1399,2021-09-30 10:24:53,4060.0,10000.0,5045200.0
1400,2021-09-30 10:24:53,4070.0,900.0,5035200.0
1401,2021-09-30 10:24:53,4070.0,2000.0,5034300.0
1402,2021-09-30 10:24:53,4070.0,3300.0,5032300.0
1403,2021-09-30 10:24:53,4070.0,2000.0,5029000.0
1404,2021-09-30 10:24:53,4070.0,4000.0,5027000.0
1405,2021-09-30 10:24:53,4070.0,800.0,5023000.0
1406,2021-09-30 10:24:53,4080.0,5000.0,5022200.0
1407,2021-09-30 10:24:53,4080.0,500.0,5017200.0
1408,2021-09-30 10:24:53,4080.0,1000.0,5016700.0
1409,2021-09-30 10:24:53,4080.0,1000.0,5015700.0
1410,2021-09-30 10:24:53,4080.0,10000.0,5014700.0
1411,2021-09-30 10:24:53,4080.0,800.0,5004700.0
1412,2021-09-30 10:24:53,4080.0,6000.0,5003900.0
1413,2021-09-30 10:24:53,4080.0,500.0,4997900.0
1414,2021-09-30 10:24:53,4080.0,5000.0,4997400.0
1415,2021-09-30 10:24:53,4080.0,800.0,4992400.0
1416,2021-09-30 10:24:53,4090.0,2000.0,4991600.0
1417,2021-09-30 10:24:50,4090.0,1000.0,4989600.0
1418,2021-09-30 10:24:50,4090.0,500.0,4988600.0
1419,2021-09-30 10:24:47,4090.0,500.0,4988100.0
1420,2021-09-30 10:24:42,4090.0,1000.0,4987600.0
1421,2021-09-30 10:24:22,4090.0,300.0,4986600.0
1422,2021-09-30 10:24:22,4090.0,2300.0,4986300.0
1423,2021-09-30 10:24:20,4090.0,1000.0,4984000.0
1424,2021-09-30 10:24:17,4090.0,1500.0,4983000.0
1425,2021-09-30 10:24:14,4090.0,100.0,4981500.0
1426,2021-09-30 10:24:13,4090.0,100.0,4981400.0
1427,2021-09-30 10:24:13,4090.0,900.0,4981300.0
1428,2021-09-30 10:23:55,4090.0,100.0,4980400.0
1429,2021-09-30 10:23:52,4090.0,100.0,4980300.0
1430,2021-09-30 10:23:52,4090.0,7500.0,4980200.0
1431,2021-09-30 10:23:45,4100.0,2000.0,4972700.0
1432,2021-09-30 10:23:31,4090.0,200.0,4970700.0
1433,2021-09-30 10:23:31,4090.0,1100.0,4970500.0
1434,2021-09-30 10:23:24,4090.0,3900.0,4969400.0
1435,2021-09-30 10:23:24,4090.0,4000.0,4965500.0
1436,2021-09-30 10:23:24,4090.0,100.0,4961500.0
1437,2021-09-30 10:23:24,4090.0,3300.0,4961400.0
1438,2021-09-30 10:23:24,4090.0,600.0,4958100.0
1439,2021-09-30 10:22:46,4100.0,2700.0,4957500.0
1440,2021-09-30 10:22:46,4100.0,100.0,4954800.0
1441,2021-09-30 10:22:46,4100.0,1000.0,4954700.0
1442,2021-09-30 10:22:46,4100.0,1400.0,4953700.0
1443,2021-09-30 10:22:46,4100.0,400.0,4952300.0
1444,2021-09-30 10:22:46,4100.0,200.0,4951900.0
1445,2021-09-30 10:22:40,4090.0,400.0,4951700.0
1446,2021-09-30 10:22:40,4090.0,100.0,4951300.0
1447,2021-09-30 10:22:30,4100.0,100.0,4951200.0
1448,2021-09-30 10:21:52,4100.0,400.0,4951100.0
1449,2021-09-30 10:21:52,4100.0,1600.0,4950700.0
1450,2021-09-30 10:21:38,4100.0,400.0,4949100.0
1451,2021-09-30 10:21:29,4100.0,1000.0,4948700.0
1452,2021-09-30 10:20:57,4100.0,2000.0,4947700.0
1453,2021-09-30 10:20:40,4110.0,100.0,4945700.0
1454,2021-09-30 10:20:34,4110.0,100.0,4945600.0
1455,2021-09-30 10:20:28,4090.0,200.0,4945500.0
1456,2021-09-30 10:20:28,4090.0,100.0,4945300.0
1457,2021-09-30 10:20:28,4090.0,3300.0,4945200.0
1458,2021-09-30 10:20:28,4090.0,1000.0,4941900.0
1459,2021-09-30 10:20:28,4090.0,1200.0,4940900.0
1460,2021-09-30 10:20:28,4090.0,10900.0,4939700.0
1461,2021-09-30 10:20:28,4100.0,1000.0,4928800.0
1462,2021-09-30 10:20:28,4100.0,4500.0,4927800.0
1463,2021-09-30 10:20:28,4100.0,4600.0,4923300.0
1464,2021-09-30 10:20:28,4100.0,100.0,4918700.0
1465,2021-09-30 10:20:28,4100.0,1700.0,4918600.0
1466,2021-09-30 10:20:28,4100.0,2000.0,4916900.0
1467,2021-09-30 10:20:28,4100.0,100.0,4914900.0
1468,2021-09-30 10:20:28,4100.0,900.0,4914800.0
1469,2021-09-30 10:20:28,4100.0,10000.0,4913900.0
1470,2021-09-30 10:20:28,4100.0,100.0,4903900.0
1471,2021-09-30 10:20:28,4100.0,5200.0,4903800.0
1472,2021-09-30 10:20:28,4100.0,20000.0,4898600.0
1473,2021-09-30 10:20:28,4100.0,900.0,4878600.0
1474,2021-09-30 10:20:28,4100.0,200.0,4877700.0
1475,2021-09-30 10:20:28,4100.0,1000.0,4877500.0
1476,2021-09-30 10:20:28,4100.0,3000.0,4876500.0
1477,2021-09-30 10:20:28,4100.0,100.0,4873500.0
1478,2021-09-30 10:20:28,4100.0,100.0,4873400.0
1479,2021-09-30 10:20:28,4100.0,100.0,4873300.0
1480,2021-09-30 10:20:28,4100.0,200.0,4873200.0
1481,2021-09-30 10:20:28,4100.0,2000.0,4873000.0
1482,2021-09-30 10:20:28,4100.0,3400.0,4871000.0
1483,2021-09-30 10:20:26,4110.0,100.0,4867600.0
1484,2021-09-30 10:20:08,4110.0,200.0,4867500.0
1485,2021-09-30 10:19:51,4110.0,100.0,4867300.0
1486,2021-09-30 10:19:10,4110.0,3500.0,4867200.0
1487,2021-09-30 10:19:09,4100.0,1600.0,4863700.0
1488,2021-09-30 10:19:09,4100.0,3400.0,4862100.0
1489,2021-09-30 10:18:54,4110.0,3900.0,4858700.0
1490,2021-09-30 10:18:38,4100.0,1000.0,4854800.0
1491,2021-09-30 10:18:36,4100.0,600.0,4853800.0
1492,2021-09-30 10:18:36,4100.0,500.0,4853200.0
1493,2021-09-30 10:18:36,4100.0,600.0,4852700.0
1494,2021-09-30 10:18:36,4100.0,200.0,4852100.0
1495,2021-09-30 10:18:36,4100.0,1000.0,4851900.0
1496,2021-09-30 10:18:36,4100.0,2000.0,4850900.0
1497,2021-09-30 10:18:36,4100.0,400.0,4848900.0
1498,2021-09-30 10:18:36,4100.0,300.0,4848500.0
1499,2021-09-30 10:18:36,4100.0,100.0,4848200.0
1500,2021-09-30 10:18:36,4100.0,4000.0,4848100.0
1501,2021-09-30 10:18:36,4100.0,100.0,4844100.0
1502,2021-09-30 10:18:36,4100.0,200.0,4844000.0
1503,2021-09-30 10:18:26,4110.0,500.0,4843800.0
1504,2021-09-30 10:18:26,4110.0,2800.0,4843300.0
1505,2021-09-30 10:18:12,4100.0,100.0,4840500.0
1506,2021-09-30 10:18:12,4100.0,200.0,4840400.0
1507,2021-09-30 10:17:52,4110.0,100.0,4840200.0
1508,2021-09-30 10:17:50,4110.0,1000.0,4840100.0
1509,2021-09-30 10:17:14,4110.0,500.0,4839100.0
1510,2021-09-30 10:16:53,4110.0,1000.0,4838600.0
1511,2021-09-30 10:16:47,4110.0,100.0,4837600.0
1512,2021-09-30 10:16:47,4110.0,1000.0,4837500.0
1513,2021-09-30 10:16:47,4110.0,3500.0,4836500.0
1514,2021-09-30 10:16:25,4110.0,10000.0,4833000.0
1515,2021-09-30 10:16:13,4120.0,400.0,4823000.0
1516,2021-09-30 10:16:01,4110.0,1000.0,4822600.0
1517,2021-09-30 10:15:49,4110.0,200.0,4821600.0
1518,2021-09-30 10:15:49,4110.0,2200.0,4821400.0
1519,2021-09-30 10:15:47,4110.0,1200.0,4819200.0
1520,2021-09-30 10:15:42,4120.0,200.0,4818000.0
1521,2021-09-30 10:15:42,4120.0,500.0,4817800.0
1522,2021-09-30 10:15:42,4120.0,300.0,4817300.0
1523,2021-09-30 10:15:39,4110.0,2000.0,4817000.0
1524,2021-09-30 10:15:35,4110.0,9000.0,4815000.0
1525,2021-09-30 10:15:21,4110.0,4100.0,4806000.0
1526,2021-09-30 10:14:53,4110.0,1500.0,4801900.0
1527,2021-09-30 10:14:53,4110.0,200.0,4800400.0
1528,2021-09-30 10:13:57,4110.0,100.0,4800200.0
1529,2021-09-30 10:13:57,4110.0,3200.0,4800100.0
1530,2021-09-30 10:13:37,4110.0,200.0,4796900.0
1531,2021-09-30 10:13:24,4110.0,500.0,4796700.0
1532,2021-09-30 10:13:20,4100.0,300.0,4796200.0
1533,2021-09-30 10:13:20,4100.0,500.0,4795900.0
1534,2021-09-30 10:13:12,4110.0,500.0,4795400.0
1535,2021-09-30 10:12:51,4110.0,100.0,4794900.0
1536,2021-09-30 10:12:47,4100.0,200.0,4794800.0
1537,2021-09-30 10:12:45,4110.0,25200.0,4794600.0
1538,2021-09-30 10:12:45,4110.0,100.0,4769400.0
1539,2021-09-30 10:12:45,4110.0,1600.0,4769300.0
1540,2021-09-30 10:12:34,4100.0,30000.0,4767700.0
1541,2021-09-30 10:12:28,4100.0,1000.0,4737700.0
1542,2021-09-30 10:12:26,4110.0,200.0,4736700.0
1543,2021-09-30 10:12:25,4100.0,1000.0,4736500.0
1544,2021-09-30 10:12:19,4100.0,1000.0,4735500.0
1545,2021-09-30 10:12:18,4110.0,100.0,4734500.0
1546,2021-09-30 10:12:18,4110.0,100.0,4734400.0
1547,2021-09-30 10:12:14,4110.0,500.0,4734300.0
1548,2021-09-30 10:12:12,4120.0,5000.0,4733800.0
1549,2021-09-30 10:12:09,4110.0,100.0,4728800.0
1550,2021-09-30 10:12:07,4110.0,1000.0,4728700.0
1551,2021-09-30 10:12:02,4110.0,100.0,4727700.0
1552,2021-09-30 10:11:39,4110.0,200.0,4727600.0
1553,2021-09-30 10:11:33,4120.0,200.0,4727400.0
1554,2021-09-30 10:11:33,4120.0,100.0,4727200.0
1555,2021-09-30 10:11:33,4120.0,100.0,4727100.0
1556,2021-09-30 10:11:33,4120.0,19000.0,4727000.0
1557,2021-09-30 10:11:29,4120.0,200.0,4708000.0
1558,2021-09-30 10:11:28,4120.0,1500.0,4707800.0
1559,2021-09-30 10:11:24,4120.0,14700.0,4706300.0
1560,2021-09-30 10:11:22,4120.0,200.0,4691600.0
1561,2021-09-30 10:11:17,4120.0,1100.0,4691400.0
1562,2021-09-30 10:10:32,4130.0,700.0,4690300.0
1563,2021-09-30 10:10:27,4120.0,3000.0,4689600.0
1564,2021-09-30 10:10:27,4130.0,200.0,4686600.0
1565,2021-09-30 10:10:27,4130.0,3800.0,4686400.0
1566,2021-09-30 10:10:03,4120.0,400.0,4682600.0
1567,2021-09-30 10:10:03,4120.0,900.0,4682200.0
1568,2021-09-30 10:09:57,4120.0,100.0,4681300.0
1569,2021-09-30 10:09:57,4120.0,200.0,4681200.0
1570,2021-09-30 10:09:55,4120.0,900.0,4681000.0
1571,2021-09-30 10:09:55,4110.0,100.0,4680100.0
1572,2021-09-30 10:09:47,4120.0,1000.0,4680000.0
1573,2021-09-30 10:09:42,4120.0,5000.0,4679000.0
1574,2021-09-30 10:09:33,4120.0,500.0,4674000.0
1575,2021-09-30 10:09:28,4120.0,1600.0,4673500.0
1576,2021-09-30 10:09:25,4120.0,800.0,4671900.0
1577,2021-09-30 10:09:25,4120.0,5000.0,4671100.0
1578,2021-09-30 10:09:25,4120.0,100.0,4666100.0
1579,2021-09-30 10:09:25,4120.0,200.0,4666000.0
1580,2021-09-30 10:09:25,4120.0,1800.0,4665800.0
1581,2021-09-30 10:09:25,4120.0,2700.0,4664000.0
1582,2021-09-30 10:09:21,4120.0,600.0,4661300.0
1583,2021-09-30 10:08:47,4120.0,3000.0,4660700.0
1584,2021-09-30 10:08:42,4110.0,1200.0,4657700.0
1585,2021-09-30 10:08:42,4110.0,1800.0,4656500.0
1586,2021-09-30 10:08:42,4110.0,2000.0,4654700.0
1587,2021-09-30 10:08:37,4120.0,2800.0,4652700.0
1588,2021-09-30 10:08:37,4120.0,200.0,4649900.0
1589,2021-09-30 10:08:37,4120.0,800.0,4649700.0
1590,2021-09-30 10:08:36,4120.0,400.0,4648900.0
1591,2021-09-30 10:08:36,4120.0,600.0,4648500.0
1592,2021-09-30 10:08:35,4130.0,200.0,4647900.0
1593,2021-09-30 10:08:35,4130.0,2800.0,4647700.0
1594,2021-09-30 10:08:35,4130.0,2400.0,4644900.0
1595,2021-09-30 10:08:35,4130.0,6600.0,4642500.0
1596,2021-09-30 10:08:33,4120.0,400.0,4635900.0
1597,2021-09-30 10:08:33,4120.0,1000.0,4635500.0
1598,2021-09-30 10:08:33,4120.0,500.0,4634500.0
1599,2021-09-30 10:08:33,4120.0,2500.0,4634000.0
1600,2021-09-30 10:08:33,4120.0,600.0,4631500.0
1601,2021-09-30 10:08:30,4120.0,2400.0,4630900.0
1602,2021-09-30 10:08:30,4120.0,700.0,4628500.0
1603,2021-09-30 10:08:30,4120.0,3700.0,4627800.0
1604,2021-09-30 10:08:30,4120.0,3200.0,4624100.0
1605,2021-09-30 10:08:28,4120.0,1000.0,4620900.0
1606,2021-09-30 10:08:28,4120.0,1000.0,4619900.0
1607,2021-09-30 10:08:22,4120.0,1200.0,4618900.0
1608,2021-09-30 10:08:20,4120.0,3000.0,4617700.0
1609,2021-09-30 10:08:14,4120.0,2000.0,4614700.0
1610,2021-09-30 10:08:13,4120.0,200.0,4612700.0
1611,2021-09-30 10:08:10,4120.0,3800.0,4612500.0
1612,2021-09-30 10:07:41,4130.0,3400.0,4608700.0
1613,2021-09-30 10:07:38,4130.0,200.0,4605300.0
1614,2021-09-30 10:07:35,4130.0,100.0,4605100.0
1615,2021-09-30 10:07:35,4130.0,300.0,4605000.0
1616,2021-09-30 10:07:35,4130.0,1000.0,4604700.0
1617,2021-09-30 10:07:25,4130.0,10000.0,4603700.0
1618,2021-09-30 10:07:25,4130.0,300.0,4593700.0
1619,2021-09-30 10:07:25,4130.0,1700.0,4593400.0
1620,2021-09-30 10:07:21,4130.0,1500.0,4591700.0
1621,2021-09-30 10:07:21,4140.0,1100.0,4590200.0
1622,2021-09-30 10:07:19,4130.0,100.0,4589100.0
1623,2021-09-30 10:07:18,4130.0,6700.0,4589000.0
1624,2021-09-30 10:07:18,4130.0,600.0,4582300.0
1625,2021-09-30 10:07:13,4130.0,1400.0,4581700.0
1626,2021-09-30 10:07:11,4140.0,100.0,4580300.0
1627,2021-09-30 10:07:09,4130.0,30800.0,4580200.0
1628,2021-09-30 10:06:39,4140.0,1500.0,4549400.0
1629,2021-09-30 10:06:32,4140.0,5100.0,4547900.0
1630,2021-09-30 10:06:32,4140.0,4900.0,4542800.0
1631,2021-09-30 10:06:25,4130.0,1000.0,4537900.0
1632,2021-09-30 10:06:17,4130.0,2000.0,4536900.0
1633,2021-09-30 10:06:17,4130.0,8000.0,4534900.0
1634,2021-09-30 10:06:14,4140.0,7500.0,4526900.0
1635,2021-09-30 10:05:55,4140.0,600.0,4519400.0
1636,2021-09-30 10:05:55,4140.0,1000.0,4518800.0
1637,2021-09-30 10:05:55,4140.0,100.0,4517800.0
1638,2021-09-30 10:05:55,4140.0,8200.0,4517700.0
1639,2021-09-30 10:05:37,4140.0,1000.0,4509500.0
1640,2021-09-30 10:05:36,4140.0,1100.0,4508500.0
1641,2021-09-30 10:05:36,4140.0,3900.0,4507400.0
1642,2021-09-30 10:05:30,4140.0,600.0,4503500.0
1643,2021-09-30 10:05:29,4140.0,500.0,4502900.0
1644,2021-09-30 10:05:29,4140.0,5000.0,4502400.0
1645,2021-09-30 10:05:29,4140.0,500.0,4497400.0
1646,2021-09-30 10:05:29,4140.0,4000.0,4496900.0
1647,2021-09-30 10:05:26,4130.0,300.0,4492900.0
1648,2021-09-30 10:05:11,4140.0,500.0,4492600.0
1649,2021-09-30 10:05:07,4130.0,5000.0,4492100.0
1650,2021-09-30 10:05:07,4130.0,100.0,4487100.0
1651,2021-09-30 10:05:07,4130.0,200.0,4487000.0
1652,2021-09-30 10:05:07,4130.0,6300.0,4486800.0
1653,2021-09-30 10:04:49,4130.0,1000.0,4480500.0
1654,2021-09-30 10:04:48,4130.0,2700.0,4479500.0
1655,2021-09-30 10:04:48,4130.0,1000.0,4476800.0
1656,2021-09-30 10:04:48,4130.0,500.0,4475800.0
1657,2021-09-30 10:04:34,4130.0,500.0,4475300.0
1658,2021-09-30 10:04:34,4130.0,4500.0,4474800.0
1659,2021-09-30 10:04:30,4130.0,3500.0,4470300.0
1660,2021-09-30 10:04:30,4130.0,1000.0,4466800.0
1661,2021-09-30 10:04:30,4130.0,2000.0,4465800.0
1662,2021-09-30 10:04:30,4130.0,1000.0,4463800.0
1663,2021-09-30 10:04:30,4130.0,3500.0,4462800.0
1664,2021-09-30 10:04:22,4130.0,100.0,4459300.0
1665,2021-09-30 10:04:08,4130.0,6400.0,4459200.0
1666,2021-09-30 10:04:08,4130.0,3600.0,4452800.0
1667,2021-09-30 10:03:45,4130.0,1400.0,4449200.0
1668,2021-09-30 10:03:45,4130.0,9600.0,4447800.0
1669,2021-09-30 10:03:45,4120.0,3000.0,4438200.0
1670,2021-09-30 10:03:42,4130.0,1000.0,4435200.0
1671,2021-09-30 10:03:39,4120.0,600.0,4434200.0
1672,2021-09-30 10:03:39,4120.0,4000.0,4433600.0
1673,2021-09-30 10:03:39,4120.0,100.0,4429600.0
1674,2021-09-30 10:03:39,4120.0,300.0,4429500.0
1675,2021-09-30 10:03:32,4120.0,600.0,4429200.0
1676,2021-09-30 10:03:32,4120.0,100.0,4428600.0
1677,2021-09-30 10:03:32,4120.0,100.0,4428500.0
1678,2021-09-30 10:03:32,4120.0,200.0,4428400.0
1679,2021-09-30 10:03:30,4130.0,2400.0,4428200.0
1680,2021-09-30 10:03:30,4130.0,500.0,4425800.0
1681,2021-09-30 10:03:30,4130.0,2100.0,4425300.0
1682,2021-09-30 10:02:59,4120.0,200.0,4423200.0
1683,2021-09-30 10:02:59,4120.0,200.0,4423000.0
1684,2021-09-30 10:02:48,4120.0,5000.0,4422800.0
1685,2021-09-30 10:02:36,4130.0,1000.0,4417800.0
1686,2021-09-30 10:02:32,4120.0,100.0,4416800.0
1687,2021-09-30 10:02:32,4120.0,100.0,4416700.0
1688,2021-09-30 10:02:27,4120.0,25000.0,4416600.0
1689,2021-09-30 10:02:26,4120.0,1500.0,4391600.0
1690,2021-09-30 10:02:13,4120.0,1000.0,4390100.0
1691,2021-09-30 10:01:44,4120.0,5600.0,4389100.0
1692,2021-09-30 10:01:44,4120.0,3000.0,4383500.0
1693,2021-09-30 10:01:44,4120.0,1000.0,4380500.0
1694,2021-09-30 10:01:44,4120.0,300.0,4379500.0
1695,2021-09-30 10:01:44,4120.0,100.0,4379200.0
1696,2021-09-30 10:01:25,4130.0,4000.0,4379100.0
1697,2021-09-30 10:01:25,4130.0,100.0,4375100.0
1698,2021-09-30 10:01:25,4130.0,2000.0,4375000.0
1699,2021-09-30 10:01:25,4130.0,2000.0,4373000.0
1700,2021-09-30 10:01:25,4130.0,1000.0,4371000.0
1701,2021-09-30 10:01:25,4130.0,900.0,4370000.0
1702,2021-09-30 10:01:23,4120.0,4900.0,4369100.0
1703,2021-09-30 10:01:19,4120.0,5100.0,4364200.0
1704,2021-09-30 10:01:18,4120.0,200.0,4359100.0
1705,2021-09-30 10:01:18,4120.0,2200.0,4358900.0
1706,2021-09-30 10:01:18,4120.0,200.0,4356700.0
1707,2021-09-30 10:01:18,4120.0,500.0,4356500.0
1708,2021-09-30 10:01:18,4120.0,2300.0,4356000.0
1709,2021-09-30 10:01:18,4120.0,3000.0,4353700.0
1710,2021-09-30 10:01:18,4120.0,5000.0,4350700.0
1711,2021-09-30 10:01:18,4120.0,700.0,4345700.0
1712,2021-09-30 10:01:08,4120.0,100.0,4345000.0
1713,2021-09-30 10:01:03,4120.0,1000.0,4344900.0
1714,2021-09-30 10:00:57,4120.0,300.0,4343900.0
1715,2021-09-30 10:00:50,4120.0,1000.0,4343600.0
1716,2021-09-30 10:00:34,4120.0,1000.0,4342600.0
1717,2021-09-30 10:00:17,4120.0,5900.0,4341600.0
1718,2021-09-30 10:00:17,4120.0,500.0,4335700.0
1719,2021-09-30 10:00:17,4120.0,3400.0,4335200.0
1720,2021-09-30 10:00:01,4120.0,400.0,4331800.0
1721,2021-09-30 10:00:00,4120.0,1200.0,4331400.0
1722,2021-09-30 10:00:00,4120.0,600.0,4330200.0
1723,2021-09-30 09:59:58,4110.0,200.0,4329600.0
1724,2021-09-30 09:59:54,4120.0,300.0,4329400.0
1725,2021-09-30 09:59:53,4120.0,3000.0,4329100.0
1726,2021-09-30 09:59:50,4120.0,2000.0,4326100.0
1727,2021-09-30 09:59:44,4120.0,100.0,4324100.0
1728,2021-09-30 09:59:42,4120.0,600.0,4324000.0
1729,2021-09-30 09:59:35,4120.0,100.0,4323400.0
1730,2021-09-30 09:59:35,4120.0,1100.0,4323300.0
1731,2021-09-30 09:59:34,4120.0,1000.0,4322200.0
1732,2021-09-30 09:59:33,4120.0,1000.0,4321200.0
1733,2021-09-30 09:59:32,4120.0,2000.0,4320200.0
1734,2021-09-30 09:59:31,4120.0,1000.0,4318200.0
1735,2021-09-30 09:59:29,4120.0,500.0,4317200.0
1736,2021-09-30 09:59:28,4120.0,300.0,4316700.0
1737,2021-09-30 09:59:25,4120.0,3100.0,4316400.0
1738,2021-09-30 09:59:05,4130.0,100.0,4313300.0
1739,2021-09-30 09:59:05,4120.0,100.0,4313200.0
1740,2021-09-30 09:58:56,4100.0,100.0,4313100.0
1741,2021-09-30 09:58:54,4130.0,5700.0,4313000.0
1742,2021-09-30 09:58:54,4120.0,200.0,4307300.0
1743,2021-09-30 09:58:46,4100.0,400.0,4307100.0
1744,2021-09-30 09:58:46,4120.0,1000.0,4306700.0
1745,2021-09-30 09:58:46,4120.0,100.0,4305700.0
1746,2021-09-30 09:58:46,4120.0,1500.0,4305600.0
1747,2021-09-30 09:58:21,4120.0,100.0,4304100.0
1748,2021-09-30 09:58:19,4130.0,100.0,4304000.0
1749,2021-09-30 09:58:16,4130.0,200.0,4303900.0
1750,2021-09-30 09:58:16,4130.0,200.0,4303700.0
1751,2021-09-30 09:58:12,4130.0,800.0,4303500.0
1752,2021-09-30 09:58:03,4120.0,400.0,4302700.0
1753,2021-09-30 09:58:00,4130.0,100.0,4302300.0
1754,2021-09-30 09:58:00,4130.0,400.0,4302200.0
1755,2021-09-30 09:57:59,4130.0,100.0,4301800.0
1756,2021-09-30 09:57:47,4130.0,3000.0,4301700.0
1757,2021-09-30 09:57:47,4130.0,4000.0,4298700.0
1758,2021-09-30 09:57:44,4100.0,5000.0,4294700.0
1759,2021-09-30 09:57:42,4130.0,500.0,4289700.0
1760,2021-09-30 09:57:21,4130.0,1100.0,4289200.0
1761,2021-09-30 09:57:21,4120.0,10000.0,4288100.0
1762,2021-09-30 09:57:21,4120.0,3000.0,4278100.0
1763,2021-09-30 09:57:21,4120.0,1000.0,4275100.0
1764,2021-09-30 09:57:21,4120.0,500.0,4274100.0
1765,2021-09-30 09:57:21,4120.0,200.0,4273600.0
1766,2021-09-30 09:57:21,4120.0,1000.0,4273400.0
1767,2021-09-30 09:57:21,4120.0,1000.0,4272400.0
1768,2021-09-30 09:57:21,4120.0,300.0,4271400.0
1769,2021-09-30 09:57:21,4120.0,100.0,4271100.0
1770,2021-09-30 09:57:21,4120.0,1800.0,4271000.0
1771,2021-09-30 09:56:40,4100.0,900.0,4269200.0
1772,2021-09-30 09:56:36,4100.0,2000.0,4268300.0
1773,2021-09-30 09:56:32,4120.0,200.0,4266300.0
1774,2021-09-30 09:56:32,4120.0,400.0,4266100.0
1775,2021-09-30 09:56:32,4110.0,200.0,4265700.0
1776,2021-09-30 09:56:32,4110.0,200.0,4265500.0
1777,2021-09-30 09:56:30,4100.0,1000.0,4265300.0
1778,2021-09-30 09:56:26,4110.0,200.0,4264300.0
1779,2021-09-30 09:56:14,4120.0,600.0,4264100.0
1780,2021-09-30 09:56:14,4120.0,1400.0,4263500.0
1781,2021-09-30 09:56:09,4120.0,500.0,4262100.0
1782,2021-09-30 09:55:56,4120.0,100.0,4261600.0
1783,2021-09-30 09:55:41,4100.0,1800.0,4261500.0
1784,2021-09-30 09:55:16,4100.0,200.0,4259700.0
1785,2021-09-30 09:55:03,4100.0,200.0,4259500.0
1786,2021-09-30 09:55:02,4100.0,100.0,4259300.0
1787,2021-09-30 09:55:02,4100.0,100.0,4259200.0
1788,2021-09-30 09:55:02,4100.0,100.0,4259100.0
1789,2021-09-30 09:55:02,4100.0,100.0,4259000.0
1790,2021-09-30 09:54:59,4090.0,3000.0,4258900.0
1791,2021-09-30 09:54:58,4100.0,500.0,4255900.0
1792,2021-09-30 09:54:58,4100.0,1500.0,4255400.0
1793,2021-09-30 09:54:57,4100.0,100.0,4253900.0
1794,2021-09-30 09:54:55,4100.0,200.0,4253800.0
1795,2021-09-30 09:54:55,4100.0,2800.0,4253600.0
1796,2021-09-30 09:54:44,4100.0,500.0,4250800.0
1797,2021-09-30 09:54:35,4100.0,1700.0,4250300.0
1798,2021-09-30 09:54:35,4100.0,3300.0,4248600.0
1799,2021-09-30 09:54:35,4100.0,1700.0,4245300.0
1800,2021-09-30 09:54:35,4100.0,1300.0,4243600.0
1801,2021-09-30 09:54:21,4100.0,1000.0,4242300.0
1802,2021-09-30 09:54:21,4100.0,1000.0,4241300.0
1803,2021-09-30 09:54:16,4100.0,1000.0,4240300.0
1804,2021-09-30 09:54:12,4100.0,1000.0,4239300.0
1805,2021-09-30 09:54:00,4100.0,1000.0,4238300.0
1806,2021-09-30 09:53:56,4100.0,1000.0,4237300.0
1807,2021-09-30 09:53:49,4100.0,100.0,4236300.0
1808,2021-09-30 09:53:48,4100.0,2600.0,4236200.0
1809,2021-09-30 09:53:48,4100.0,400.0,4233600.0
1810,2021-09-30 09:53:44,4100.0,3000.0,4233200.0
1811,2021-09-30 09:53:39,4100.0,1000.0,4230200.0
1812,2021-09-30 09:53:39,4100.0,9000.0,4229200.0
1813,2021-09-30 09:53:33,4100.0,5600.0,4220200.0
1814,2021-09-30 09:53:33,4100.0,10000.0,4214600.0
1815,2021-09-30 09:53:33,4100.0,1000.0,4204600.0
1816,2021-09-30 09:53:33,4100.0,1400.0,4203600.0
1817,2021-09-30 09:53:23,4100.0,8600.0,4202200.0
1818,2021-09-30 09:53:23,4100.0,1400.0,4193600.0
1819,2021-09-30 09:53:14,4100.0,3000.0,4192200.0
1820,2021-09-30 09:52:59,4100.0,1000.0,4189200.0
1821,2021-09-30 09:52:57,4100.0,2700.0,4188200.0
1822,2021-09-30 09:52:55,4100.0,1700.0,4185500.0
1823,2021-09-30 09:52:53,4100.0,200.0,4183800.0
1824,2021-09-30 09:52:53,4100.0,200.0,4183600.0
1825,2021-09-30 09:52:53,4100.0,5600.0,4183400.0
1826,2021-09-30 09:52:52,4090.0,1100.0,4177800.0
1827,2021-09-30 09:52:52,4090.0,5000.0,4176700.0
1828,2021-09-30 09:52:52,4090.0,1900.0,4171700.0
1829,2021-09-30 09:52:35,4100.0,200.0,4169800.0
1830,2021-09-30 09:52:24,4100.0,5000.0,4169600.0
1831,2021-09-30 09:52:24,4100.0,1100.0,4164600.0
1832,2021-09-30 09:52:19,4100.0,3900.0,4163500.0
1833,2021-09-30 09:52:19,4100.0,200.0,4159600.0
1834,2021-09-30 09:52:19,4100.0,5900.0,4159400.0
1835,2021-09-30 09:52:17,4090.0,2100.0,4153500.0
1836,2021-09-30 09:52:06,4100.0,600.0,4151400.0
1837,2021-09-30 09:52:05,4100.0,100.0,4150800.0
1838,2021-09-30 09:52:00,4100.0,200.0,4150700.0
1839,2021-09-30 09:51:59,4100.0,1000.0,4150500.0
1840,2021-09-30 09:51:51,4100.0,500.0,4149500.0
1841,2021-09-30 09:51:49,4100.0,400.0,4149000.0
1842,2021-09-30 09:51:49,4100.0,1300.0,4148600.0
1843,2021-09-30 09:51:46,4100.0,1200.0,4147300.0
1844,2021-09-30 09:51:39,4100.0,2400.0,4146100.0
1845,2021-09-30 09:51:37,4100.0,2000.0,4143700.0
1846,2021-09-30 09:51:34,4100.0,100.0,4141700.0
1847,2021-09-30 09:51:33,4100.0,200.0,4141600.0
1848,2021-09-30 09:51:31,4100.0,200.0,4141400.0
1849,2021-09-30 09:51:31,4100.0,100.0,4141200.0
1850,2021-09-30 09:51:31,4100.0,1000.0,4141100.0
1851,2021-09-30 09:51:31,4100.0,2800.0,4140100.0
1852,2021-09-30 09:51:24,4100.0,100.0,4137300.0
1853,2021-09-30 09:51:13,4100.0,100.0,4137200.0
1854,2021-09-30 09:51:13,4100.0,100.0,4137100.0
1855,2021-09-30 09:51:13,4100.0,400.0,4137000.0
1856,2021-09-30 09:51:13,4100.0,300.0,4136600.0
1857,2021-09-30 09:51:13,4100.0,1300.0,4136300.0
1858,2021-09-30 09:51:11,4100.0,3000.0,4135000.0
1859,2021-09-30 09:51:09,4100.0,200.0,4132000.0
1860,2021-09-30 09:51:08,4100.0,500.0,4131800.0
1861,2021-09-30 09:51:08,4100.0,4500.0,4131300.0
1862,2021-09-30 09:51:08,4100.0,5000.0,4126800.0
1863,2021-09-30 09:51:07,4100.0,500.0,4121800.0
1864,2021-09-30 09:51:07,4100.0,9500.0,4121300.0
1865,2021-09-30 09:51:06,4100.0,200.0,4111800.0
1866,2021-09-30 09:51:06,4100.0,10000.0,4111600.0
1867,2021-09-30 09:51:04,4100.0,3900.0,4101600.0
1868,2021-09-30 09:51:02,4100.0,3000.0,4097700.0
1869,2021-09-30 09:51:01,4100.0,9000.0,4094700.0
1870,2021-09-30 09:50:57,4100.0,2400.0,4085700.0
1871,2021-09-30 09:50:57,4100.0,1000.0,4083300.0
1872,2021-09-30 09:50:57,4100.0,1000.0,4082300.0
1873,2021-09-30 09:50:57,4100.0,5000.0,4081300.0
1874,2021-09-30 09:50:57,4100.0,1000.0,4076300.0
1875,2021-09-30 09:50:57,4100.0,10000.0,4075300.0
1876,2021-09-30 09:50:57,4100.0,400.0,4065300.0
1877,2021-09-30 09:50:57,4100.0,1200.0,4064900.0
1878,2021-09-30 09:50:57,4100.0,14000.0,4063700.0
1879,2021-09-30 09:50:53,4100.0,4000.0,4049700.0
1880,2021-09-30 09:50:49,4100.0,2000.0,4045700.0
1881,2021-09-30 09:50:48,4100.0,4500.0,4043700.0
1882,2021-09-30 09:50:44,4100.0,17500.0,4039200.0
1883,2021-09-30 09:50:40,4100.0,100.0,4021700.0
1884,2021-09-30 09:50:39,4100.0,40000.0,4021600.0
1885,2021-09-30 09:50:34,4100.0,100.0,3981600.0
1886,2021-09-30 09:50:28,4100.0,8500.0,3981500.0
1887,2021-09-30 09:50:28,4100.0,1900.0,3973000.0
1888,2021-09-30 09:50:26,4100.0,3100.0,3971100.0
1889,2021-09-30 09:50:15,4100.0,1200.0,3968000.0
1890,2021-09-30 09:50:13,4090.0,8000.0,3966800.0
1891,2021-09-30 09:50:09,4100.0,3100.0,3958800.0
1892,2021-09-30 09:50:09,4100.0,10000.0,3955700.0
1893,2021-09-30 09:50:09,4100.0,4800.0,3945700.0
1894,2021-09-30 09:50:09,4100.0,1500.0,3940900.0
1895,2021-09-30 09:50:09,4100.0,500.0,3939400.0
1896,2021-09-30 09:50:09,4100.0,2000.0,3938900.0
1897,2021-09-30 09:50:09,4100.0,20000.0,3936900.0
1898,2021-09-30 09:50:09,4100.0,3000.0,3916900.0
1899,2021-09-30 09:50:09,4100.0,100.0,3913900.0
1900,2021-09-30 09:50:09,4100.0,5000.0,3913800.0
1901,2021-09-30 09:50:01,4090.0,10000.0,3908800.0
1902,2021-09-30 09:50:01,4090.0,2000.0,3898800.0
1903,2021-09-30 09:50:01,4090.0,26000.0,3896800.0
1904,2021-09-30 09:50:01,4090.0,900.0,3870800.0
1905,2021-09-30 09:49:58,4090.0,1900.0,3869900.0
1906,2021-09-30 09:49:55,4090.0,700.0,3868000.0
1907,2021-09-30 09:49:51,4090.0,500.0,3867300.0
1908,2021-09-30 09:49:51,4090.0,10000.0,3866800.0
1909,2021-09-30 09:49:46,4090.0,10000.0,3856800.0
1910,2021-09-30 09:49:36,4080.0,5000.0,3846800.0
1911,2021-09-30 09:49:32,4080.0,200.0,3841800.0
1912,2021-09-30 09:49:32,4080.0,3000.0,3841600.0
1913,2021-09-30 09:49:32,4080.0,600.0,3838600.0
1914,2021-09-30 09:49:30,4070.0,1000.0,3838000.0
1915,2021-09-30 09:49:29,4080.0,2000.0,3837000.0
1916,2021-09-30 09:49:19,4070.0,4000.0,3835000.0
1917,2021-09-30 09:49:19,4080.0,2400.0,3831000.0
1918,2021-09-30 09:49:19,4080.0,2800.0,3828600.0
1919,2021-09-30 09:49:06,4070.0,100.0,3825800.0
1920,2021-09-30 09:49:06,4070.0,2000.0,3825700.0
1921,2021-09-30 09:49:06,4070.0,11100.0,3823700.0
1922,2021-09-30 09:49:06,4070.0,100.0,3812600.0
1923,2021-09-30 09:48:54,4060.0,1000.0,3812500.0
1924,2021-09-30 09:48:54,4060.0,5100.0,3811500.0
1925,2021-09-30 09:48:50,4060.0,4900.0,3806400.0
1926,2021-09-30 09:48:50,4060.0,1100.0,3801500.0
1927,2021-09-30 09:48:44,4060.0,1000.0,3800400.0
1928,2021-09-30 09:48:38,4060.0,100.0,3799400.0
1929,2021-09-30 09:48:34,4060.0,1000.0,3799300.0
1930,2021-09-30 09:48:28,4060.0,300.0,3798300.0
1931,2021-09-30 09:48:25,4060.0,300.0,3798000.0
1932,2021-09-30 09:48:20,4060.0,300.0,3797700.0
1933,2021-09-30 09:48:18,4060.0,2000.0,3797400.0
1934,2021-09-30 09:48:13,4060.0,3900.0,3795400.0
1935,2021-09-30 09:47:47,4060.0,5000.0,3791500.0
1936,2021-09-30 09:47:26,4050.0,100.0,3786500.0
1937,2021-09-30 09:47:26,4050.0,200.0,3786400.0
1938,2021-09-30 09:47:26,4050.0,1000.0,3786200.0
1939,2021-09-30 09:47:26,4050.0,200.0,3785200.0
1940,2021-09-30 09:47:26,4050.0,90000.0,3785000.0
1941,2021-09-30 09:47:26,4050.0,1000.0,3695000.0
1942,2021-09-30 09:47:26,4050.0,5000.0,3694000.0
1943,2021-09-30 09:47:26,4050.0,400.0,3689000.0
1944,2021-09-30 09:47:26,4050.0,100.0,3688600.0
1945,2021-09-30 09:47:26,4050.0,100.0,3688500.0
1946,2021-09-30 09:47:26,4050.0,200.0,3688400.0
1947,2021-09-30 09:47:26,4050.0,76400.0,3688200.0
1948,2021-09-30 09:47:26,4050.0,1200.0,3611800.0
1949,2021-09-30 09:47:26,4050.0,2500.0,3610600.0
1950,2021-09-30 09:47:26,4050.0,300.0,3608100.0
1951,2021-09-30 09:47:26,4040.0,500.0,3607800.0
1952,2021-09-30 09:47:26,4040.0,500.0,3607300.0
1953,2021-09-30 09:47:26,4040.0,1000.0,3606800.0
1954,2021-09-30 09:47:26,4040.0,5000.0,3605800.0
1955,2021-09-30 09:47:26,4040.0,100.0,3600800.0
1956,2021-09-30 09:47:26,4040.0,6000.0,3600700.0
1957,2021-09-30 09:47:26,4040.0,1000.0,3594700.0
1958,2021-09-30 09:47:26,4040.0,400.0,3593700.0
1959,2021-09-30 09:47:26,4040.0,3700.0,3593300.0
1960,2021-09-30 09:47:14,4040.0,100.0,3589600.0
1961,2021-09-30 09:47:10,4040.0,100.0,3589500.0
1962,2021-09-30 09:47:08,4040.0,600.0,3589400.0
1963,2021-09-30 09:47:06,4040.0,100.0,3588800.0
1964,2021-09-30 09:47:05,4040.0,3900.0,3588700.0
1965,2021-09-30 09:47:02,4040.0,400.0,3584800.0
1966,2021-09-30 09:46:59,4040.0,500.0,3584400.0
1967,2021-09-30 09:46:52,4040.0,500.0,3583900.0
1968,2021-09-30 09:46:50,4040.0,5000.0,3583400.0
1969,2021-09-30 09:46:44,4040.0,600.0,3578400.0
1970,2021-09-30 09:46:23,4040.0,2000.0,3577800.0
1971,2021-09-30 09:46:23,4030.0,1000.0,3575800.0
1972,2021-09-30 09:46:23,4030.0,1000.0,3574800.0
1973,2021-09-30 09:46:23,4030.0,200.0,3573800.0
1974,2021-09-30 09:46:23,4030.0,2300.0,3573600.0
1975,2021-09-30 09:46:19,4040.0,500.0,3571300.0
1976,2021-09-30 09:46:00,4040.0,15000.0,3570800.0
1977,2021-09-30 09:45:57,4040.0,3000.0,3555800.0
1978,2021-09-30 09:45:46,4040.0,2000.0,3552800.0
1979,2021-09-30 09:45:41,4040.0,500.0,3550800.0
1980,2021-09-30 09:45:33,4040.0,300.0,3550300.0
1981,2021-09-30 09:45:23,4040.0,800.0,3550000.0
1982,2021-09-30 09:45:18,4040.0,1000.0,3549200.0
1983,2021-09-30 09:45:02,4040.0,200.0,3548200.0
1984,2021-09-30 09:45:00,4030.0,100.0,3548000.0
1985,2021-09-30 09:44:56,4040.0,100.0,3547900.0
1986,2021-09-30 09:44:53,4040.0,100.0,3547800.0
1987,2021-09-30 09:44:51,4030.0,500.0,3547700.0
1988,2021-09-30 09:44:44,4030.0,500.0,3547200.0
1989,2021-09-30 09:44:04,4040.0,9000.0,3546700.0
1990,2021-09-30 09:44:04,4040.0,1000.0,3537700.0
1991,2021-09-30 09:43:58,4030.0,100.0,3536700.0
1992,2021-09-30 09:43:58,4030.0,400.0,3536600.0
1993,2021-09-30 09:43:58,4030.0,100.0,3536200.0
1994,2021-09-30 09:43:56,4030.0,100.0,3536100.0
1995,2021-09-30 09:43:55,4030.0,300.0,3536000.0
1996,2021-09-30 09:43:43,4030.0,4500.0,3535700.0
1997,2021-09-30 09:43:43,4030.0,1300.0,3531200.0
1998,2021-09-30 09:43:43,4030.0,3000.0,3529900.0
1999,2021-09-30 09:43:43,4030.0,100.0,3526900.0
2000,2021-09-30 09:43:43,4030.0,500.0,3526800.0
2001,2021-09-30 09:43:43,4030.0,600.0,3526300.0
2002,2021-09-30 09:43:40,4020.0,2500.0,3525700.0
2003,2021-09-30 09:43:15,4020.0,3000.0,3523200.0
2004,2021-09-30 09:43:10,4020.0,300.0,3520200.0
2005,2021-09-30 09:43:10,4020.0,100.0,3519900.0
2006,2021-09-30 09:43:05,4020.0,4900.0,3519800.0
2007,2021-09-30 09:43:02,4020.0,100.0,3514900.0
2008,2021-09-30 09:43:02,4020.0,1000.0,3514800.0
2009,2021-09-30 09:42:58,4020.0,1000.0,3513800.0
2010,2021-09-30 09:42:55,4020.0,2000.0,3512800.0
2011,2021-09-30 09:42:46,4010.0,500.0,3510800.0
2012,2021-09-30 09:42:37,4000.0,500.0,3510300.0
2013,2021-09-30 09:42:37,4000.0,500.0,3509800.0
2014,2021-09-30 09:42:37,4000.0,200.0,3509300.0
2015,2021-09-30 09:42:37,4000.0,1000.0,3509100.0
2016,2021-09-30 09:42:37,4000.0,3000.0,3508100.0
2017,2021-09-30 09:42:37,4000.0,1000.0,3505100.0
2018,2021-09-30 09:42:37,4000.0,5000.0,3504100.0
2019,2021-09-30 09:42:37,4000.0,10000.0,3499100.0
2020,2021-09-30 09:42:37,4000.0,200.0,3489100.0
2021,2021-09-30 09:42:37,4000.0,1100.0,3488900.0
2022,2021-09-30 09:42:37,4000.0,500.0,3487800.0
2023,2021-09-30 09:42:37,4000.0,100.0,3487300.0
2024,2021-09-30 09:42:37,4000.0,100.0,3487200.0
2025,2021-09-30 09:42:37,4000.0,400.0,3487100.0
2026,2021-09-30 09:42:37,4000.0,100.0,3486700.0
2027,2021-09-30 09:42:30,4000.0,1800.0,3486600.0
2028,2021-09-30 09:42:30,4000.0,500.0,3484800.0
2029,2021-09-30 09:42:30,4000.0,25000.0,3484300.0
2030,2021-09-30 09:42:30,4000.0,800.0,3459300.0
2031,2021-09-30 09:42:30,4000.0,1000.0,3458500.0
2032,2021-09-30 09:42:30,4000.0,200.0,3457500.0
2033,2021-09-30 09:42:30,4000.0,2600.0,3457300.0
2034,2021-09-30 09:42:30,4000.0,600.0,3454700.0
2035,2021-09-30 09:42:30,4000.0,100.0,3454100.0
2036,2021-09-30 09:42:27,4000.0,400.0,3454000.0
2037,2021-09-30 09:42:27,4000.0,500.0,3453600.0
2038,2021-09-30 09:42:27,4000.0,100.0,3453100.0
2039,2021-09-30 09:42:23,4000.0,100.0,3453000.0
2040,2021-09-30 09:42:11,4000.0,2800.0,3452900.0
2041,2021-09-30 09:42:11,4000.0,900.0,3450100.0
2042,2021-09-30 09:42:11,3990.0,300.0,3449200.0
2043,2021-09-30 09:42:11,3990.0,2200.0,3448900.0
2044,2021-09-30 09:42:11,3990.0,200.0,3446700.0
2045,2021-09-30 09:42:11,3990.0,700.0,3446500.0
2046,2021-09-30 09:42:04,3980.0,1000.0,3445800.0
2047,2021-09-30 09:41:57,3990.0,4300.0,3444800.0
2048,2021-09-30 09:41:57,3990.0,19400.0,3440500.0
2049,2021-09-30 09:41:57,3980.0,37300.0,3421100.0
2050,2021-09-30 09:41:54,3970.0,1000.0,3383800.0
2051,2021-09-30 09:41:53,3980.0,6300.0,3382800.0
2052,2021-09-30 09:41:53,3970.0,500.0,3376500.0
2053,2021-09-30 09:41:33,3960.0,2900.0,3376000.0
2054,2021-09-30 09:41:33,3960.0,200.0,3373100.0
2055,2021-09-30 09:41:33,3960.0,11700.0,3372900.0
2056,2021-09-30 09:41:27,3960.0,900.0,3361200.0
2057,2021-09-30 09:41:27,3970.0,500.0,3360300.0
2058,2021-09-30 09:41:18,3960.0,100.0,3359800.0
2059,2021-09-30 09:41:12,3980.0,1800.0,3359700.0
2060,2021-09-30 09:40:59,3950.0,300.0,3357900.0
2061,2021-09-30 09:40:59,3950.0,700.0,3357600.0
2062,2021-09-30 09:40:59,3950.0,300.0,3356900.0
2063,2021-09-30 09:40:59,3950.0,1600.0,3356600.0
2064,2021-09-30 09:40:59,3960.0,100.0,3355000.0
2065,2021-09-30 09:40:37,3950.0,2300.0,3354900.0
2066,2021-09-30 09:40:34,3950.0,100.0,3352600.0
2067,2021-09-30 09:40:28,3950.0,500.0,3352500.0
2068,2021-09-30 09:40:24,3950.0,500.0,3352000.0
2069,2021-09-30 09:40:21,3950.0,100.0,3351500.0
2070,2021-09-30 09:40:20,3930.0,2600.0,3351400.0
2071,2021-09-30 09:40:20,3940.0,1000.0,3348800.0
2072,2021-09-30 09:40:20,3940.0,100.0,3347800.0
2073,2021-09-30 09:40:20,3940.0,2000.0,3347700.0
2074,2021-09-30 09:40:20,3940.0,1000.0,3345700.0
2075,2021-09-30 09:40:20,3940.0,3300.0,3344700.0
2076,2021-09-30 09:40:20,3950.0,400.0,3341400.0
2077,2021-09-30 09:40:20,3950.0,100.0,3341000.0
2078,2021-09-30 09:40:17,3940.0,100.0,3340900.0
