,Time,Price,Volume_per_trade,Volume
0,2021-10-08 07:45:00,32600.0,100.0,242500.0
1,2021-10-08 07:45:00,32600.0,100.0,242400.0
2,2021-10-08 07:45:00,32600.0,1500.0,242300.0
3,2021-10-08 07:45:00,32600.0,2500.0,240800.0
4,2021-10-08 07:45:00,32600.0,100.0,238300.0
5,2021-10-08 07:45:00,32600.0,100.0,238200.0
6,2021-10-08 07:29:55,32550.0,100.0,238100.0
7,2021-10-08 07:29:37,32500.0,300.0,238000.0
8,2021-10-08 07:29:28,32500.0,4400.0,237700.0
9,2021-10-08 07:29:28,32500.0,200.0,233300.0
10,2021-10-08 07:29:28,32500.0,200.0,233100.0
11,2021-10-08 07:29:28,32500.0,200.0,232900.0
12,2021-10-08 07:29:28,32500.0,500.0,232700.0
13,2021-10-08 07:29:14,32550.0,500.0,232200.0
14,2021-10-08 07:29:06,32550.0,100.0,231700.0
15,2021-10-08 07:28:50,32550.0,500.0,231600.0
16,2021-10-08 07:28:50,32550.0,500.0,231100.0
17,2021-10-08 07:28:50,32550.0,100.0,230600.0
18,2021-10-08 07:28:21,32600.0,100.0,230500.0
19,2021-10-08 07:27:34,32600.0,300.0,230400.0
20,2021-10-08 07:27:34,32600.0,200.0,230100.0
21,2021-10-08 07:27:09,32700.0,100.0,229900.0
22,2021-10-08 07:24:46,32700.0,100.0,229800.0
23,2021-10-08 07:23:58,32700.0,300.0,229700.0
24,2021-10-08 07:22:58,32700.0,300.0,229400.0
25,2021-10-08 07:22:58,32700.0,100.0,229100.0
26,2021-10-08 07:22:58,32700.0,300.0,229000.0
27,2021-10-08 07:22:08,32750.0,500.0,228700.0
28,2021-10-08 07:21:29,32700.0,700.0,228200.0
29,2021-10-08 07:21:29,32700.0,300.0,227500.0
30,2021-10-08 07:18:36,32700.0,200.0,227200.0
31,2021-10-08 07:18:26,32700.0,100.0,227000.0
32,2021-10-08 07:17:49,32700.0,100.0,226900.0
33,2021-10-08 07:17:45,32700.0,100.0,226800.0
34,2021-10-08 07:17:08,32600.0,300.0,226700.0
35,2021-10-08 07:17:08,32600.0,200.0,226400.0
36,2021-10-08 07:17:08,32600.0,300.0,226200.0
37,2021-10-08 07:17:08,32600.0,200.0,225900.0
38,2021-10-08 07:17:08,32600.0,200.0,225700.0
39,2021-10-08 07:16:14,32700.0,500.0,225500.0
40,2021-10-08 07:15:51,32700.0,300.0,225000.0
41,2021-10-08 07:12:13,32700.0,100.0,224700.0
42,2021-10-08 07:11:57,32700.0,100.0,224600.0
43,2021-10-08 07:11:42,32700.0,100.0,224500.0
44,2021-10-08 07:11:40,32700.0,100.0,224400.0
45,2021-10-08 07:11:01,32700.0,300.0,224300.0
46,2021-10-08 07:11:01,32700.0,100.0,224000.0
47,2021-10-08 07:07:02,32800.0,200.0,223900.0
48,2021-10-08 07:05:15,32700.0,100.0,223700.0
49,2021-10-08 07:04:44,32700.0,500.0,223600.0
50,2021-10-08 07:04:08,32700.0,500.0,223100.0
51,2021-10-08 07:02:57,32700.0,400.0,222600.0
52,2021-10-08 07:02:03,32700.0,100.0,222200.0
53,2021-10-08 07:01:47,32700.0,100.0,222100.0
54,2021-10-08 07:01:47,32700.0,500.0,222000.0
55,2021-10-08 06:59:05,32700.0,200.0,221500.0
56,2021-10-08 06:56:23,32700.0,1200.0,221300.0
57,2021-10-08 06:56:04,32600.0,1200.0,220100.0
58,2021-10-08 06:49:19,32500.0,100.0,218900.0
59,2021-10-08 06:48:50,32500.0,200.0,218800.0
60,2021-10-08 06:48:50,32500.0,600.0,218600.0
61,2021-10-08 06:48:50,32500.0,100.0,218000.0
62,2021-10-08 06:48:41,32500.0,900.0,217900.0
63,2021-10-08 06:48:41,32500.0,200.0,217000.0
64,2021-10-08 06:48:41,32500.0,400.0,216800.0
65,2021-10-08 06:48:41,32500.0,100.0,216400.0
66,2021-10-08 06:48:28,32600.0,100.0,216300.0
67,2021-10-08 06:48:15,32500.0,200.0,216200.0
68,2021-10-08 06:48:15,32500.0,100.0,216000.0
69,2021-10-08 06:48:15,32500.0,1700.0,215900.0
70,2021-10-08 06:47:34,32500.0,2300.0,214200.0
71,2021-10-08 06:47:34,32500.0,100.0,211900.0
72,2021-10-08 06:47:34,32500.0,500.0,211800.0
73,2021-10-08 06:47:09,32600.0,1200.0,211300.0
74,2021-10-08 06:46:46,32600.0,100.0,210100.0
75,2021-10-08 06:45:23,32600.0,100.0,210000.0
76,2021-10-08 06:45:02,32600.0,300.0,209900.0
77,2021-10-08 06:44:14,32600.0,100.0,209600.0
78,2021-10-08 06:42:16,32600.0,1000.0,209500.0
79,2021-10-08 06:42:16,32600.0,2200.0,208500.0
80,2021-10-08 06:41:46,32600.0,7000.0,206300.0
81,2021-10-08 06:41:16,32700.0,700.0,199300.0
82,2021-10-08 06:41:16,32600.0,800.0,198600.0
83,2021-10-08 06:41:03,32700.0,100.0,197800.0
84,2021-10-08 06:40:47,32700.0,500.0,197700.0
85,2021-10-08 06:40:47,32700.0,100.0,197200.0
86,2021-10-08 06:40:47,32700.0,1500.0,197100.0
87,2021-10-08 06:40:40,32700.0,300.0,195600.0
88,2021-10-08 06:40:40,32700.0,100.0,195300.0
89,2021-10-08 06:40:40,32700.0,2000.0,195200.0
90,2021-10-08 06:40:40,32700.0,2000.0,193200.0
91,2021-10-08 06:40:40,32700.0,100.0,191200.0
92,2021-10-08 06:40:40,32700.0,800.0,191100.0
93,2021-10-08 06:40:40,32700.0,500.0,190300.0
94,2021-10-08 06:40:40,32700.0,200.0,189800.0
95,2021-10-08 06:40:40,32700.0,100.0,189600.0
96,2021-10-08 06:40:40,32700.0,100.0,189500.0
97,2021-10-08 06:40:40,32700.0,1000.0,189400.0
98,2021-10-08 06:40:40,32700.0,200.0,188400.0
99,2021-10-08 06:40:40,32700.0,200.0,188200.0
100,2021-10-08 06:40:40,32750.0,300.0,188000.0
101,2021-10-08 06:40:40,32750.0,1100.0,187700.0
102,2021-10-08 06:40:08,32750.0,500.0,186600.0
103,2021-10-08 06:40:01,32750.0,400.0,186100.0
104,2021-10-08 06:40:01,32750.0,500.0,185700.0
105,2021-10-08 06:40:01,32750.0,600.0,185200.0
106,2021-10-08 06:39:24,32800.0,400.0,184600.0
107,2021-10-08 06:38:53,32800.0,100.0,184200.0
108,2021-10-08 06:37:37,32800.0,300.0,184100.0
109,2021-10-08 06:37:37,32800.0,500.0,183800.0
110,2021-10-08 06:37:37,32800.0,200.0,183300.0
111,2021-10-08 06:35:35,32800.0,100.0,183100.0
112,2021-10-08 06:31:33,32800.0,500.0,183000.0
113,2021-10-08 06:30:45,32750.0,1400.0,182500.0
114,2021-10-08 06:30:45,32750.0,500.0,181100.0
115,2021-10-08 06:30:45,32750.0,100.0,180600.0
116,2021-10-08 06:30:45,32750.0,1000.0,180500.0
117,2021-10-08 06:30:45,32750.0,700.0,179500.0
118,2021-10-08 06:30:45,32750.0,500.0,178800.0
119,2021-10-08 06:30:45,32750.0,500.0,178300.0
120,2021-10-08 06:30:45,32750.0,300.0,177800.0
121,2021-10-08 06:30:45,32750.0,2400.0,177500.0
122,2021-10-08 06:30:45,32800.0,600.0,175100.0
123,2021-10-08 06:30:40,32800.0,100.0,174500.0
124,2021-10-08 06:30:40,32800.0,200.0,174400.0
125,2021-10-08 06:24:38,32800.0,700.0,174200.0
126,2021-10-08 06:22:17,32750.0,1000.0,173500.0
127,2021-10-08 06:22:10,32750.0,1100.0,172500.0
128,2021-10-08 06:22:10,32750.0,100.0,171400.0
129,2021-10-08 06:20:59,32750.0,100.0,171300.0
130,2021-10-08 06:20:59,32750.0,200.0,171200.0
131,2021-10-08 06:18:44,32750.0,300.0,171000.0
132,2021-10-08 06:18:44,32750.0,200.0,170700.0
133,2021-10-08 06:18:14,32800.0,100.0,170500.0
134,2021-10-08 06:18:00,32800.0,600.0,170400.0
135,2021-10-08 06:18:00,32800.0,5000.0,169800.0
136,2021-10-08 06:18:00,32800.0,500.0,164800.0
137,2021-10-08 06:18:00,32800.0,100.0,164300.0
138,2021-10-08 06:18:00,32800.0,900.0,164200.0
139,2021-10-08 06:18:00,32800.0,200.0,163300.0
140,2021-10-08 06:18:00,32800.0,100.0,163100.0
141,2021-10-08 06:18:00,32800.0,2000.0,163000.0
142,2021-10-08 06:18:00,32800.0,100.0,161000.0
143,2021-10-08 06:18:00,32800.0,500.0,160900.0
144,2021-10-08 06:18:00,32800.0,500.0,160400.0
145,2021-10-08 06:18:00,32850.0,800.0,159900.0
146,2021-10-08 06:18:00,32850.0,800.0,159100.0
147,2021-10-08 06:18:00,32850.0,300.0,158300.0
148,2021-10-08 06:18:00,32850.0,1800.0,158000.0
149,2021-10-08 06:18:00,32850.0,1000.0,156200.0
150,2021-10-08 06:18:00,32850.0,900.0,155200.0
151,2021-10-08 06:18:00,32900.0,200.0,154300.0
152,2021-10-08 06:18:00,32900.0,100.0,154100.0
153,2021-10-08 06:18:00,32900.0,600.0,154000.0
154,2021-10-08 06:17:30,32950.0,200.0,153400.0
155,2021-10-08 06:17:18,32950.0,100.0,153200.0
156,2021-10-08 06:14:23,32900.0,1200.0,153100.0
157,2021-10-08 06:14:23,32900.0,500.0,151900.0
158,2021-10-08 06:14:23,32900.0,100.0,151400.0
159,2021-10-08 06:14:23,32900.0,5900.0,151300.0
160,2021-10-08 06:14:23,32950.0,300.0,145400.0
161,2021-10-08 06:12:49,33000.0,400.0,145100.0
162,2021-10-08 06:12:49,33000.0,100.0,144700.0
163,2021-10-08 06:12:49,33000.0,600.0,144600.0
164,2021-10-08 06:12:17,33000.0,1400.0,144000.0
165,2021-10-08 06:12:17,33000.0,100.0,142600.0
166,2021-10-08 06:12:17,33000.0,300.0,142500.0
167,2021-10-08 06:12:17,33050.0,200.0,142200.0
168,2021-10-08 06:10:59,33050.0,300.0,142000.0
169,2021-10-08 06:10:19,33050.0,500.0,141700.0
170,2021-10-08 06:09:48,33050.0,100.0,141200.0
171,2021-10-08 06:09:48,33050.0,100.0,141100.0
172,2021-10-08 06:06:54,33100.0,700.0,141000.0
173,2021-10-08 06:05:47,33000.0,100.0,140300.0
174,2021-10-08 06:05:03,32950.0,100.0,140200.0
175,2021-10-08 06:04:37,32950.0,800.0,140100.0
176,2021-10-08 06:00:27,32900.0,600.0,139300.0
177,2021-10-08 06:00:08,32900.0,1500.0,138700.0
178,2021-10-08 04:28:23,32950.0,100.0,137200.0
179,2021-10-08 04:25:31,33000.0,100.0,137100.0
180,2021-10-08 04:21:05,33000.0,200.0,137000.0
181,2021-10-08 04:14:57,32850.0,2600.0,136800.0
182,2021-10-08 04:14:57,32900.0,1000.0,134200.0
183,2021-10-08 04:14:57,32900.0,500.0,133200.0
184,2021-10-08 04:14:57,32900.0,200.0,132700.0
185,2021-10-08 04:14:57,32900.0,100.0,132500.0
186,2021-10-08 04:14:57,32900.0,100.0,132400.0
187,2021-10-08 04:14:57,32900.0,300.0,132300.0
188,2021-10-08 04:14:57,32950.0,100.0,132000.0
189,2021-10-08 04:14:57,32950.0,1100.0,131900.0
190,2021-10-08 04:14:57,33000.0,500.0,130800.0
191,2021-10-08 04:13:31,33000.0,200.0,130300.0
192,2021-10-08 04:11:35,33000.0,3000.0,130100.0
193,2021-10-08 04:10:04,33000.0,1000.0,127100.0
194,2021-10-08 04:10:04,33000.0,100.0,126100.0
195,2021-10-08 04:10:04,33000.0,200.0,126000.0
196,2021-10-08 04:09:43,33000.0,100.0,125800.0
197,2021-10-08 04:07:57,33000.0,200.0,125700.0
198,2021-10-08 04:07:49,33000.0,200.0,125500.0
199,2021-10-08 03:56:58,32950.0,200.0,125300.0
200,2021-10-08 03:56:41,32950.0,100.0,125100.0
201,2021-10-08 03:56:41,32950.0,100.0,125000.0
202,2021-10-08 03:40:30,32850.0,1500.0,124900.0
203,2021-10-08 03:40:30,32900.0,200.0,123400.0
204,2021-10-08 03:40:30,32900.0,1000.0,123200.0
205,2021-10-08 03:40:30,32900.0,300.0,122200.0
206,2021-10-08 03:40:30,33000.0,300.0,121900.0
207,2021-10-08 03:40:30,33000.0,100.0,121600.0
208,2021-10-08 03:40:30,33000.0,200.0,121500.0
209,2021-10-08 03:40:30,33000.0,200.0,121300.0
210,2021-10-08 03:40:30,33000.0,300.0,121100.0
211,2021-10-08 03:40:30,33100.0,2000.0,120800.0
212,2021-10-08 03:32:51,33200.0,600.0,118800.0
213,2021-10-08 03:30:47,33200.0,400.0,118200.0
214,2021-10-08 03:28:16,33300.0,1500.0,117800.0
215,2021-10-08 03:28:16,33200.0,200.0,116300.0
216,2021-10-08 03:28:16,33200.0,100.0,116100.0
217,2021-10-08 03:28:16,33200.0,200.0,116000.0
218,2021-10-08 03:21:47,33000.0,700.0,115800.0
219,2021-10-08 03:21:47,33000.0,300.0,115100.0
220,2021-10-08 03:19:15,33000.0,400.0,114800.0
221,2021-10-08 03:19:15,33000.0,1000.0,114400.0
222,2021-10-08 03:17:06,33000.0,2000.0,113400.0
223,2021-10-08 03:14:13,32800.0,200.0,111400.0
224,2021-10-08 03:13:36,32800.0,500.0,111200.0
225,2021-10-08 03:08:47,32800.0,400.0,110700.0
226,2021-10-08 03:08:47,32800.0,200.0,110300.0
227,2021-10-08 03:08:44,33000.0,2000.0,110100.0
228,2021-10-08 03:08:09,33000.0,3000.0,108100.0
229,2021-10-08 03:07:35,33150.0,300.0,105100.0
230,2021-10-08 03:07:27,33150.0,4700.0,104800.0
231,2021-10-08 03:01:52,33150.0,300.0,100100.0
232,2021-10-08 03:01:52,33150.0,100.0,99800.0
233,2021-10-08 03:01:52,33150.0,100.0,99700.0
234,2021-10-08 03:00:32,33150.0,200.0,99600.0
235,2021-10-08 02:58:52,33150.0,1700.0,99400.0
236,2021-10-08 02:58:52,33150.0,100.0,97700.0
237,2021-10-08 02:58:52,33150.0,200.0,97600.0
238,2021-10-08 02:54:43,32750.0,400.0,97400.0
239,2021-10-08 02:54:43,32800.0,2000.0,97000.0
240,2021-10-08 02:54:43,32800.0,500.0,95000.0
241,2021-10-08 02:54:43,32800.0,500.0,94500.0
242,2021-10-08 02:54:43,32800.0,100.0,94000.0
243,2021-10-08 02:54:43,32800.0,200.0,93900.0
244,2021-10-08 02:54:43,32800.0,600.0,93700.0
245,2021-10-08 02:54:43,32900.0,200.0,93100.0
246,2021-10-08 02:54:43,32900.0,300.0,92900.0
247,2021-10-08 02:54:43,32900.0,100.0,92600.0
248,2021-10-08 02:54:43,33000.0,200.0,92500.0
249,2021-10-08 02:54:43,33000.0,1900.0,92300.0
250,2021-10-08 02:54:43,33000.0,500.0,90400.0
251,2021-10-08 02:54:43,33000.0,200.0,89900.0
252,2021-10-08 02:54:43,33000.0,500.0,89700.0
253,2021-10-08 02:54:43,33000.0,1300.0,89200.0
254,2021-10-08 02:54:40,33100.0,800.0,87900.0
255,2021-10-08 02:54:21,33100.0,500.0,87100.0
256,2021-10-08 02:54:21,33100.0,200.0,86600.0
257,2021-10-08 02:53:14,33100.0,100.0,86400.0
258,2021-10-08 02:53:14,33100.0,700.0,86300.0
259,2021-10-08 02:52:41,33100.0,300.0,85600.0
260,2021-10-08 02:52:41,33100.0,300.0,85300.0
261,2021-10-08 02:52:41,33100.0,400.0,85000.0
262,2021-10-08 02:52:27,33100.0,1000.0,84600.0
263,2021-10-08 02:52:15,33100.0,100.0,83600.0
264,2021-10-08 02:52:15,33050.0,900.0,83500.0
265,2021-10-08 02:51:27,33050.0,1100.0,82600.0
266,2021-10-08 02:51:02,33050.0,1000.0,81500.0
267,2021-10-08 02:48:56,33000.0,500.0,80500.0
268,2021-10-08 02:48:56,33000.0,200.0,80000.0
269,2021-10-08 02:48:47,33000.0,400.0,79800.0
270,2021-10-08 02:47:50,33000.0,1000.0,79400.0
271,2021-10-08 02:47:46,33050.0,1000.0,78400.0
272,2021-10-08 02:46:59,33100.0,700.0,77400.0
273,2021-10-08 02:46:59,33100.0,600.0,76700.0
274,2021-10-08 02:46:59,33000.0,1700.0,76100.0
275,2021-10-08 02:46:48,33000.0,100.0,74400.0
276,2021-10-08 02:46:48,33000.0,100.0,74300.0
277,2021-10-08 02:46:48,33000.0,100.0,74200.0
278,2021-10-08 02:46:42,33000.0,200.0,74100.0
279,2021-10-08 02:46:42,33000.0,500.0,73900.0
280,2021-10-08 02:46:42,33000.0,200.0,73400.0
281,2021-10-08 02:46:42,33000.0,200.0,73200.0
282,2021-10-08 02:46:42,33000.0,5000.0,73000.0
283,2021-10-08 02:46:42,33000.0,100.0,68000.0
284,2021-10-08 02:46:42,33000.0,100.0,67900.0
285,2021-10-08 02:46:42,33000.0,500.0,67800.0
286,2021-10-08 02:46:42,33000.0,100.0,67300.0
287,2021-10-08 02:46:42,33000.0,7300.0,67200.0
288,2021-10-08 02:46:42,33050.0,200.0,59900.0
289,2021-10-08 02:46:42,33050.0,600.0,59700.0
290,2021-10-08 02:45:24,33100.0,200.0,59100.0
291,2021-10-08 02:45:24,33100.0,1000.0,58900.0
292,2021-10-08 02:45:24,33100.0,200.0,57900.0
293,2021-10-08 02:44:09,33150.0,100.0,57700.0
294,2021-10-08 02:43:49,33100.0,300.0,57600.0
295,2021-10-08 02:43:40,33100.0,100.0,57300.0
296,2021-10-08 02:43:40,33100.0,1000.0,57200.0
297,2021-10-08 02:43:40,33100.0,100.0,56200.0
298,2021-10-08 02:43:40,33100.0,500.0,56100.0
299,2021-10-08 02:42:28,33150.0,200.0,55600.0
300,2021-10-08 02:42:28,33150.0,500.0,55400.0
301,2021-10-08 02:42:12,33200.0,200.0,54900.0
302,2021-10-08 02:42:09,33200.0,300.0,54700.0
303,2021-10-08 02:42:09,33200.0,300.0,54400.0
304,2021-10-08 02:40:21,33200.0,1700.0,54100.0
305,2021-10-08 02:40:21,33350.0,300.0,52400.0
306,2021-10-08 02:40:18,33350.0,600.0,52100.0
307,2021-10-08 02:39:38,33200.0,1000.0,51500.0
308,2021-10-08 02:39:29,33150.0,100.0,50500.0
309,2021-10-08 02:39:08,33150.0,400.0,50400.0
310,2021-10-08 02:38:00,33200.0,3000.0,50000.0
311,2021-10-08 02:37:53,33200.0,500.0,47000.0
312,2021-10-08 02:37:53,33200.0,500.0,46500.0
313,2021-10-08 02:37:48,33350.0,1400.0,46000.0
314,2021-10-08 02:37:48,33350.0,600.0,44600.0
315,2021-10-08 02:35:09,33350.0,200.0,44000.0
316,2021-10-08 02:34:08,33400.0,200.0,43800.0
317,2021-10-08 02:34:06,33000.0,7700.0,43600.0
318,2021-10-08 02:34:06,33050.0,1500.0,35900.0
319,2021-10-08 02:34:06,33050.0,200.0,34400.0
320,2021-10-08 02:34:06,33050.0,5000.0,34200.0
321,2021-10-08 02:34:06,33050.0,3900.0,29200.0
322,2021-10-08 02:34:06,33100.0,100.0,25300.0
323,2021-10-08 02:34:06,33100.0,500.0,25200.0
324,2021-10-08 02:34:06,33100.0,200.0,24700.0
325,2021-10-08 02:34:06,33100.0,200.0,24500.0
326,2021-10-08 02:34:06,33100.0,900.0,24300.0
327,2021-10-08 02:34:06,33200.0,100.0,23400.0
328,2021-10-08 02:34:06,33200.0,700.0,23300.0
329,2021-10-08 02:32:55,33400.0,300.0,22600.0
330,2021-10-08 02:32:10,33450.0,300.0,22300.0
331,2021-10-08 02:31:37,33100.0,900.0,22000.0
332,2021-10-08 02:31:37,33100.0,2000.0,21100.0
333,2021-10-08 02:31:37,33100.0,100.0,19100.0
334,2021-10-08 02:31:37,33100.0,300.0,19000.0
335,2021-10-08 02:31:37,33200.0,400.0,18700.0
336,2021-10-08 02:30:19,33400.0,400.0,18300.0
337,2021-10-08 02:29:26,33200.0,600.0,17900.0
338,2021-10-08 02:28:22,33200.0,400.0,17300.0
339,2021-10-08 02:28:21,33200.0,100.0,16900.0
340,2021-10-08 02:28:21,33200.0,1000.0,16800.0
341,2021-10-08 02:28:21,33200.0,100.0,15800.0
342,2021-10-08 02:28:21,33200.0,100.0,15700.0
343,2021-10-08 02:28:21,33200.0,700.0,15600.0
344,2021-10-08 02:27:21,33200.0,1700.0,14900.0
345,2021-10-08 02:27:21,33300.0,300.0,13200.0
346,2021-10-08 02:25:38,33400.0,100.0,12900.0
347,2021-10-08 02:24:17,33400.0,100.0,12800.0
348,2021-10-08 02:24:01,33600.0,100.0,12700.0
349,2021-10-08 02:23:38,33600.0,200.0,12600.0
350,2021-10-08 02:23:23,33600.0,100.0,12400.0
351,2021-10-08 02:22:16,33600.0,300.0,12300.0
352,2021-10-08 02:22:16,33600.0,200.0,12000.0
353,2021-10-08 02:22:16,33600.0,100.0,11800.0
354,2021-10-08 02:22:14,33600.0,100.0,11700.0
355,2021-10-08 02:21:23,33600.0,100.0,11600.0
356,2021-10-08 02:21:23,33600.0,2200.0,11500.0
357,2021-10-08 02:20:47,33600.0,100.0,9300.0
358,2021-10-08 02:20:03,33600.0,100.0,9200.0
359,2021-10-08 02:18:21,33600.0,1400.0,9100.0
360,2021-10-08 02:18:21,33500.0,500.0,7700.0
361,2021-10-08 02:18:21,33500.0,100.0,7200.0
362,2021-10-08 02:18:21,33500.0,400.0,7100.0
363,2021-10-08 02:18:21,33500.0,200.0,6700.0
364,2021-10-08 02:18:18,33500.0,300.0,6500.0
365,2021-10-08 02:18:18,33500.0,100.0,6200.0
366,2021-10-08 02:18:18,33500.0,100.0,6100.0
367,2021-10-08 02:17:22,33500.0,300.0,6000.0
368,2021-10-08 02:17:15,33500.0,100.0,5700.0
369,2021-10-08 02:17:04,33500.0,600.0,5600.0
370,2021-10-08 02:17:04,33500.0,400.0,5000.0
371,2021-10-08 02:16:48,33400.0,100.0,4600.0
372,2021-10-08 02:16:01,33500.0,1000.0,4500.0
373,2021-10-08 02:15:00,33600.0,500.0,3500.0
374,2021-10-08 02:15:00,33600.0,100.0,3000.0
375,2021-10-08 02:15:00,33600.0,900.0,2900.0
376,2021-10-08 02:15:00,33600.0,100.0,2000.0
377,2021-10-08 02:15:00,33600.0,900.0,1900.0
378,2021-10-08 02:15:00,33600.0,1000.0,1000.0
