,Time,Price,Volume_per_trade,Volume
0,2021-10-13 07:45:00,22150.0,3200.0,2605400.0
1,2021-10-13 07:45:00,22150.0,100.0,2602200.0
2,2021-10-13 07:45:00,22150.0,200.0,2602100.0
3,2021-10-13 07:45:00,22150.0,100.0,2601900.0
4,2021-10-13 07:45:00,22150.0,2400.0,2601800.0
5,2021-10-13 07:45:00,22150.0,400.0,2599400.0
6,2021-10-13 07:45:00,22150.0,1000.0,2599000.0
7,2021-10-13 07:45:00,22150.0,500.0,2598000.0
8,2021-10-13 07:45:00,22150.0,500.0,2597500.0
9,2021-10-13 07:45:00,22150.0,100.0,2597000.0
10,2021-10-13 07:45:00,22150.0,100.0,2596900.0
11,2021-10-13 07:45:00,22150.0,10000.0,2596800.0
12,2021-10-13 07:45:00,22150.0,300.0,2586800.0
13,2021-10-13 07:45:00,22150.0,300.0,2586500.0
14,2021-10-13 07:45:00,22150.0,5000.0,2586200.0
15,2021-10-13 07:45:00,22150.0,5300.0,2581200.0
16,2021-10-13 07:45:00,22150.0,1500.0,2575900.0
17,2021-10-13 07:45:00,22150.0,1000.0,2574400.0
18,2021-10-13 07:45:00,22150.0,500.0,2573400.0
19,2021-10-13 07:45:00,22150.0,1700.0,2572900.0
20,2021-10-13 07:45:00,22150.0,1000.0,2571200.0
21,2021-10-13 07:45:00,22150.0,100.0,2570200.0
22,2021-10-13 07:45:00,22150.0,100.0,2570100.0
23,2021-10-13 07:45:00,22150.0,100.0,2570000.0
24,2021-10-13 07:45:00,22150.0,1000.0,2569900.0
25,2021-10-13 07:45:00,22150.0,100.0,2568900.0
26,2021-10-13 07:45:00,22150.0,100.0,2568800.0
27,2021-10-13 07:45:00,22150.0,800.0,2568700.0
28,2021-10-13 07:45:00,22150.0,500.0,2567900.0
29,2021-10-13 07:45:00,22150.0,500.0,2567400.0
30,2021-10-13 07:45:00,22150.0,3200.0,2566900.0
31,2021-10-13 07:45:00,22150.0,1500.0,2563700.0
32,2021-10-13 07:45:00,22150.0,300.0,2562200.0
33,2021-10-13 07:45:00,22150.0,100.0,2561900.0
34,2021-10-13 07:45:00,22150.0,500.0,2561800.0
35,2021-10-13 07:45:00,22150.0,2000.0,2561300.0
36,2021-10-13 07:45:00,22150.0,100.0,2559300.0
37,2021-10-13 07:45:00,22150.0,1900.0,2559200.0
38,2021-10-13 07:45:00,22150.0,1300.0,2557300.0
39,2021-10-13 07:45:00,22150.0,200.0,2556000.0
40,2021-10-13 07:45:00,22150.0,200.0,2555800.0
41,2021-10-13 07:45:00,22150.0,200.0,2555600.0
42,2021-10-13 07:45:00,22150.0,100.0,2555400.0
43,2021-10-13 07:45:00,22150.0,2000.0,2555300.0
44,2021-10-13 07:45:00,22150.0,1000.0,2553300.0
45,2021-10-13 07:45:00,22150.0,2500.0,2552300.0
46,2021-10-13 07:45:00,22150.0,100.0,2549800.0
47,2021-10-13 07:45:00,22150.0,300.0,2549700.0
48,2021-10-13 07:45:00,22150.0,400.0,2549400.0
49,2021-10-13 07:45:00,22150.0,1500.0,2549000.0
50,2021-10-13 07:45:00,22150.0,500.0,2547500.0
51,2021-10-13 07:45:00,22150.0,300.0,2547000.0
52,2021-10-13 07:45:00,22150.0,100.0,2546700.0
53,2021-10-13 07:45:00,22150.0,500.0,2546600.0
54,2021-10-13 07:45:00,22150.0,500.0,2546100.0
55,2021-10-13 07:45:00,22150.0,4800.0,2545600.0
56,2021-10-13 07:45:00,22150.0,200.0,2540800.0
57,2021-10-13 07:45:00,22150.0,1200.0,2540600.0
58,2021-10-13 07:45:00,22150.0,400.0,2539400.0
59,2021-10-13 07:45:00,22150.0,3000.0,2539000.0
60,2021-10-13 07:45:00,22150.0,400.0,2536000.0
61,2021-10-13 07:45:00,22150.0,1000.0,2535600.0
62,2021-10-13 07:45:00,22150.0,1000.0,2534600.0
63,2021-10-13 07:45:00,22150.0,600.0,2533600.0
64,2021-10-13 07:45:00,22150.0,1000.0,2533000.0
65,2021-10-13 07:45:00,22150.0,1000.0,2532000.0
66,2021-10-13 07:45:00,22150.0,200.0,2531000.0
67,2021-10-13 07:45:00,22150.0,1000.0,2530800.0
68,2021-10-13 07:45:00,22150.0,2800.0,2529800.0
69,2021-10-13 07:45:00,22150.0,200.0,2527000.0
70,2021-10-13 07:45:00,22150.0,4000.0,2526800.0
71,2021-10-13 07:45:00,22150.0,3000.0,2522800.0
72,2021-10-13 07:45:00,22150.0,200.0,2519800.0
73,2021-10-13 07:45:00,22150.0,1000.0,2519600.0
74,2021-10-13 07:45:00,22150.0,600.0,2518600.0
75,2021-10-13 07:45:00,22150.0,1000.0,2518000.0
76,2021-10-13 07:45:00,22150.0,2000.0,2517000.0
77,2021-10-13 07:45:00,22150.0,500.0,2515000.0
78,2021-10-13 07:45:00,22150.0,3000.0,2514500.0
79,2021-10-13 07:45:00,22150.0,1000.0,2511500.0
80,2021-10-13 07:45:00,22150.0,400.0,2510500.0
81,2021-10-13 07:45:00,22150.0,100.0,2510100.0
82,2021-10-13 07:45:00,22150.0,1000.0,2510000.0
83,2021-10-13 07:45:00,22150.0,5000.0,2509000.0
84,2021-10-13 07:45:00,22150.0,800.0,2504000.0
85,2021-10-13 07:45:00,22150.0,100.0,2503200.0
86,2021-10-13 07:45:00,22150.0,300.0,2503100.0
87,2021-10-13 07:45:00,22150.0,200.0,2502800.0
88,2021-10-13 07:45:00,22150.0,400.0,2502600.0
89,2021-10-13 07:45:00,22150.0,2000.0,2502200.0
90,2021-10-13 07:45:00,22150.0,500.0,2500200.0
91,2021-10-13 07:45:00,22150.0,500.0,2499700.0
92,2021-10-13 07:45:00,22150.0,5000.0,2499200.0
93,2021-10-13 07:45:00,22150.0,500.0,2494200.0
94,2021-10-13 07:45:00,22150.0,200.0,2493700.0
95,2021-10-13 07:45:00,22150.0,300.0,2493500.0
96,2021-10-13 07:45:00,22150.0,300.0,2493200.0
97,2021-10-13 07:45:00,22150.0,100.0,2492900.0
98,2021-10-13 07:29:54,22200.0,1600.0,2492800.0
99,2021-10-13 07:29:54,22200.0,300.0,2491200.0
100,2021-10-13 07:29:54,22200.0,100.0,2490900.0
101,2021-10-13 07:29:43,22200.0,400.0,2490800.0
102,2021-10-13 07:29:41,22200.0,500.0,2490400.0
103,2021-10-13 07:29:41,22200.0,1000.0,2489900.0
104,2021-10-13 07:29:41,22200.0,1300.0,2488900.0
105,2021-10-13 07:29:40,22250.0,300.0,2487600.0
106,2021-10-13 07:29:40,22250.0,200.0,2487300.0
107,2021-10-13 07:29:38,22250.0,800.0,2487100.0
108,2021-10-13 07:29:38,22250.0,400.0,2486300.0
109,2021-10-13 07:29:29,22200.0,700.0,2485900.0
110,2021-10-13 07:29:29,22200.0,300.0,2485200.0
111,2021-10-13 07:29:18,22250.0,500.0,2484900.0
112,2021-10-13 07:29:18,22250.0,300.0,2484400.0
113,2021-10-13 07:29:18,22250.0,200.0,2484100.0
114,2021-10-13 07:29:14,22250.0,500.0,2483900.0
115,2021-10-13 07:29:14,22150.0,700.0,2483400.0
116,2021-10-13 07:29:14,22150.0,500.0,2482700.0
117,2021-10-13 07:29:14,22150.0,100.0,2482200.0
118,2021-10-13 07:29:14,22150.0,1800.0,2482100.0
119,2021-10-13 07:29:14,22200.0,3000.0,2480300.0
120,2021-10-13 07:29:14,22200.0,5000.0,2477300.0
121,2021-10-13 07:29:14,22200.0,100.0,2472300.0
122,2021-10-13 07:29:14,22200.0,3100.0,2472200.0
123,2021-10-13 07:28:59,22200.0,2000.0,2469100.0
124,2021-10-13 07:28:59,22200.0,100.0,2467100.0
125,2021-10-13 07:28:57,22200.0,4800.0,2467000.0
126,2021-10-13 07:28:56,22200.0,2000.0,2462200.0
127,2021-10-13 07:28:52,22200.0,100.0,2460200.0
128,2021-10-13 07:28:52,22200.0,1000.0,2460100.0
129,2021-10-13 07:28:50,22200.0,200.0,2459100.0
130,2021-10-13 07:28:50,22200.0,200.0,2458900.0
131,2021-10-13 07:28:50,22200.0,500.0,2458700.0
132,2021-10-13 07:28:50,22200.0,800.0,2458200.0
133,2021-10-13 07:28:50,22200.0,100.0,2457400.0
134,2021-10-13 07:28:50,22200.0,300.0,2457300.0
135,2021-10-13 07:28:48,22200.0,800.0,2457000.0
136,2021-10-13 07:28:48,22200.0,200.0,2456200.0
137,2021-10-13 07:28:48,22200.0,4000.0,2456000.0
138,2021-10-13 07:28:26,22200.0,6000.0,2452000.0
139,2021-10-13 07:28:23,22250.0,500.0,2446000.0
140,2021-10-13 07:28:14,22250.0,200.0,2445500.0
141,2021-10-13 07:28:14,22250.0,200.0,2445300.0
142,2021-10-13 07:28:14,22200.0,100.0,2445100.0
143,2021-10-13 07:28:10,22200.0,100.0,2445000.0
144,2021-10-13 07:28:09,22200.0,100.0,2444900.0
145,2021-10-13 07:28:09,22200.0,100.0,2444800.0
146,2021-10-13 07:28:09,22200.0,100.0,2444700.0
147,2021-10-13 07:28:05,22200.0,800.0,2444600.0
148,2021-10-13 07:28:05,22200.0,100.0,2443800.0
149,2021-10-13 07:28:05,22200.0,200.0,2443700.0
150,2021-10-13 07:28:05,22200.0,500.0,2443500.0
151,2021-10-13 07:28:05,22200.0,1400.0,2443000.0
152,2021-10-13 07:28:01,22250.0,100.0,2441600.0
153,2021-10-13 07:27:58,22200.0,200.0,2441500.0
154,2021-10-13 07:27:55,22200.0,500.0,2441300.0
155,2021-10-13 07:27:52,22200.0,1000.0,2440800.0
156,2021-10-13 07:27:52,22200.0,500.0,2439800.0
157,2021-10-13 07:27:52,22200.0,5000.0,2439300.0
158,2021-10-13 07:27:52,22200.0,100.0,2434300.0
159,2021-10-13 07:27:52,22200.0,300.0,2434200.0
160,2021-10-13 07:27:52,22200.0,100.0,2433900.0
161,2021-10-13 07:27:52,22200.0,100.0,2433800.0
162,2021-10-13 07:27:52,22200.0,500.0,2433700.0
163,2021-10-13 07:27:52,22200.0,2000.0,2433200.0
164,2021-10-13 07:27:52,22200.0,1000.0,2431200.0
165,2021-10-13 07:27:52,22200.0,100.0,2430200.0
166,2021-10-13 07:27:52,22200.0,100.0,2430100.0
167,2021-10-13 07:27:52,22200.0,200.0,2430000.0
168,2021-10-13 07:27:52,22200.0,100.0,2429800.0
169,2021-10-13 07:27:52,22200.0,1200.0,2429700.0
170,2021-10-13 07:27:52,22200.0,100.0,2428500.0
171,2021-10-13 07:27:52,22200.0,500.0,2428400.0
172,2021-10-13 07:27:52,22200.0,1000.0,2427900.0
173,2021-10-13 07:27:52,22200.0,300.0,2426900.0
174,2021-10-13 07:27:52,22200.0,400.0,2426600.0
175,2021-10-13 07:27:52,22200.0,100.0,2426200.0
176,2021-10-13 07:27:52,22200.0,500.0,2426100.0
177,2021-10-13 07:27:52,22200.0,1500.0,2425600.0
178,2021-10-13 07:27:52,22200.0,500.0,2424100.0
179,2021-10-13 07:27:52,22200.0,100.0,2423600.0
180,2021-10-13 07:27:52,22200.0,5000.0,2423500.0
181,2021-10-13 07:27:52,22200.0,100.0,2418500.0
182,2021-10-13 07:27:52,22200.0,100.0,2418400.0
183,2021-10-13 07:27:52,22200.0,1000.0,2418300.0
184,2021-10-13 07:27:52,22200.0,1100.0,2417300.0
185,2021-10-13 07:27:47,22200.0,900.0,2416200.0
186,2021-10-13 07:27:47,22200.0,1000.0,2415300.0
187,2021-10-13 07:27:47,22200.0,1000.0,2414300.0
188,2021-10-13 07:27:47,22200.0,100.0,2413300.0
189,2021-10-13 07:27:47,22200.0,1000.0,2413200.0
190,2021-10-13 07:27:44,22200.0,500.0,2412200.0
191,2021-10-13 07:27:24,22200.0,500.0,2411700.0
192,2021-10-13 07:27:19,22200.0,2000.0,2411200.0
193,2021-10-13 07:27:19,22200.0,100.0,2409200.0
194,2021-10-13 07:27:19,22200.0,900.0,2409100.0
195,2021-10-13 07:27:15,22200.0,100.0,2408200.0
196,2021-10-13 07:27:15,22200.0,1000.0,2408100.0
197,2021-10-13 07:27:15,22200.0,100.0,2407100.0
198,2021-10-13 07:27:15,22200.0,200.0,2407000.0
199,2021-10-13 07:27:15,22200.0,600.0,2406800.0
200,2021-10-13 07:27:06,22200.0,200.0,2406200.0
201,2021-10-13 07:27:06,22200.0,100.0,2406000.0
202,2021-10-13 07:27:04,22200.0,400.0,2405900.0
203,2021-10-13 07:27:04,22200.0,200.0,2405500.0
204,2021-10-13 07:27:04,22200.0,300.0,2405300.0
205,2021-10-13 07:27:04,22200.0,100.0,2405000.0
206,2021-10-13 07:27:01,22200.0,2200.0,2404900.0
207,2021-10-13 07:27:01,22200.0,2000.0,2402700.0
208,2021-10-13 07:27:01,22200.0,100.0,2400700.0
209,2021-10-13 07:27:01,22200.0,3000.0,2400600.0
210,2021-10-13 07:27:01,22200.0,2000.0,2397600.0
211,2021-10-13 07:27:01,22200.0,500.0,2395600.0
212,2021-10-13 07:27:01,22200.0,8800.0,2395100.0
213,2021-10-13 07:26:54,22200.0,1200.0,2386300.0
214,2021-10-13 07:26:54,22200.0,800.0,2385100.0
215,2021-10-13 07:26:52,22250.0,100.0,2384300.0
216,2021-10-13 07:26:46,22200.0,200.0,2384200.0
217,2021-10-13 07:26:46,22200.0,500.0,2384000.0
218,2021-10-13 07:26:46,22200.0,1000.0,2383500.0
219,2021-10-13 07:26:46,22200.0,100.0,2382500.0
220,2021-10-13 07:26:46,22200.0,200.0,2382400.0
221,2021-10-13 07:26:46,22200.0,2000.0,2382200.0
222,2021-10-13 07:26:46,22200.0,300.0,2380200.0
223,2021-10-13 07:26:46,22200.0,100.0,2379900.0
224,2021-10-13 07:26:46,22200.0,300.0,2379800.0
225,2021-10-13 07:26:46,22200.0,100.0,2379500.0
226,2021-10-13 07:26:46,22200.0,200.0,2379400.0
227,2021-10-13 07:26:46,22200.0,100.0,2379200.0
228,2021-10-13 07:26:46,22200.0,300.0,2379100.0
229,2021-10-13 07:26:46,22200.0,1000.0,2378800.0
230,2021-10-13 07:26:46,22200.0,100.0,2377800.0
231,2021-10-13 07:26:46,22200.0,2000.0,2377700.0
232,2021-10-13 07:26:46,22200.0,500.0,2375700.0
233,2021-10-13 07:26:46,22200.0,500.0,2375200.0
234,2021-10-13 07:26:46,22200.0,200.0,2374700.0
235,2021-10-13 07:26:46,22200.0,700.0,2374500.0
236,2021-10-13 07:26:03,22250.0,1300.0,2373800.0
237,2021-10-13 07:26:03,22250.0,200.0,2372500.0
238,2021-10-13 07:25:59,22200.0,9300.0,2372300.0
239,2021-10-13 07:25:59,22200.0,200.0,2363000.0
240,2021-10-13 07:25:59,22200.0,500.0,2362800.0
241,2021-10-13 07:25:59,22200.0,2000.0,2362300.0
242,2021-10-13 07:25:53,22250.0,100.0,2360300.0
243,2021-10-13 07:25:51,22250.0,1000.0,2360200.0
244,2021-10-13 07:25:48,22250.0,500.0,2359200.0
245,2021-10-13 07:25:41,22250.0,300.0,2358700.0
246,2021-10-13 07:25:37,22250.0,100.0,2358400.0
247,2021-10-13 07:25:37,22250.0,100.0,2358300.0
248,2021-10-13 07:25:37,22250.0,500.0,2358200.0
249,2021-10-13 07:25:37,22250.0,200.0,2357700.0
250,2021-10-13 07:25:37,22250.0,1000.0,2357500.0
251,2021-10-13 07:25:34,22250.0,100.0,2356500.0
252,2021-10-13 07:25:34,22250.0,500.0,2356400.0
253,2021-10-13 07:25:29,22250.0,500.0,2355900.0
254,2021-10-13 07:25:29,22250.0,100.0,2355400.0
255,2021-10-13 07:25:29,22250.0,2600.0,2355300.0
256,2021-10-13 07:25:29,22250.0,1000.0,2352700.0
257,2021-10-13 07:25:29,22250.0,500.0,2351700.0
258,2021-10-13 07:25:29,22250.0,200.0,2351200.0
259,2021-10-13 07:25:29,22250.0,2000.0,2351000.0
260,2021-10-13 07:25:29,22250.0,600.0,2349000.0
261,2021-10-13 07:25:29,22250.0,1000.0,2348400.0
262,2021-10-13 07:25:29,22250.0,100.0,2347400.0
263,2021-10-13 07:25:29,22250.0,200.0,2347300.0
264,2021-10-13 07:25:29,22250.0,100.0,2347100.0
265,2021-10-13 07:25:29,22250.0,1000.0,2347000.0
266,2021-10-13 07:25:29,22250.0,100.0,2346000.0
267,2021-10-13 07:25:29,22250.0,1100.0,2345900.0
268,2021-10-13 07:25:29,22250.0,100.0,2344800.0
269,2021-10-13 07:25:29,22250.0,100.0,2344700.0
270,2021-10-13 07:25:29,22250.0,1000.0,2344600.0
271,2021-10-13 07:25:29,22250.0,200.0,2343600.0
272,2021-10-13 07:25:29,22250.0,200.0,2343400.0
273,2021-10-13 07:25:29,22250.0,200.0,2343200.0
274,2021-10-13 07:25:29,22250.0,400.0,2343000.0
275,2021-10-13 07:25:29,22250.0,300.0,2342600.0
276,2021-10-13 07:25:29,22250.0,100.0,2342300.0
277,2021-10-13 07:25:29,22250.0,100.0,2342200.0
278,2021-10-13 07:25:29,22250.0,200.0,2342100.0
279,2021-10-13 07:25:29,22250.0,200.0,2341900.0
280,2021-10-13 07:25:29,22250.0,100.0,2341700.0
281,2021-10-13 07:25:29,22250.0,1200.0,2341600.0
282,2021-10-13 07:25:29,22250.0,100.0,2340400.0
283,2021-10-13 07:25:29,22250.0,4400.0,2340300.0
284,2021-10-13 07:25:04,22250.0,2000.0,2335900.0
285,2021-10-13 07:25:03,22300.0,500.0,2333900.0
286,2021-10-13 07:24:47,22300.0,100.0,2333400.0
287,2021-10-13 07:24:22,22300.0,100.0,2333300.0
288,2021-10-13 07:24:22,22300.0,100.0,2333200.0
289,2021-10-13 07:24:22,22300.0,100.0,2333100.0
290,2021-10-13 07:24:22,22300.0,500.0,2333000.0
291,2021-10-13 07:24:22,22300.0,100.0,2332500.0
292,2021-10-13 07:24:22,22300.0,1000.0,2332400.0
293,2021-10-13 07:24:22,22300.0,100.0,2331400.0
294,2021-10-13 07:24:12,22300.0,200.0,2331300.0
295,2021-10-13 07:24:12,22300.0,4800.0,2331100.0
296,2021-10-13 07:24:11,22300.0,1000.0,2326300.0
297,2021-10-13 07:24:02,22300.0,30000.0,2325300.0
298,2021-10-13 07:23:33,22300.0,3300.0,2295300.0
299,2021-10-13 07:23:23,22300.0,200.0,2292000.0
300,2021-10-13 07:23:15,22300.0,700.0,2291800.0
301,2021-10-13 07:23:15,22300.0,100.0,2291100.0
302,2021-10-13 07:23:15,22300.0,200.0,2291000.0
303,2021-10-13 07:23:15,22300.0,1000.0,2290800.0
304,2021-10-13 07:22:20,22300.0,500.0,2289800.0
305,2021-10-13 07:22:13,22300.0,200.0,2289300.0
306,2021-10-13 07:22:13,22300.0,200.0,2289100.0
307,2021-10-13 07:22:06,22300.0,300.0,2288900.0
308,2021-10-13 07:21:47,22300.0,500.0,2288600.0
309,2021-10-13 07:21:26,22350.0,500.0,2288100.0
310,2021-10-13 07:21:08,22300.0,400.0,2287600.0
311,2021-10-13 07:21:03,22300.0,100.0,2287200.0
312,2021-10-13 07:20:43,22300.0,100.0,2287100.0
313,2021-10-13 07:20:43,22300.0,500.0,2287000.0
314,2021-10-13 07:20:43,22300.0,300.0,2286500.0
315,2021-10-13 07:20:18,22250.0,1000.0,2286200.0
316,2021-10-13 07:20:06,22250.0,21800.0,2285200.0
317,2021-10-13 07:19:46,22300.0,4800.0,2263400.0
318,2021-10-13 07:19:42,22300.0,200.0,2258600.0
319,2021-10-13 07:19:40,22300.0,100.0,2258400.0
320,2021-10-13 07:19:40,22300.0,100.0,2258300.0
321,2021-10-13 07:19:40,22300.0,500.0,2258200.0
322,2021-10-13 07:19:40,22300.0,100.0,2257700.0
323,2021-10-13 07:19:40,22300.0,1000.0,2257600.0
324,2021-10-13 07:19:40,22300.0,200.0,2256600.0
325,2021-10-13 07:19:40,22300.0,1000.0,2256400.0
326,2021-10-13 07:19:40,22300.0,1500.0,2255400.0
327,2021-10-13 07:19:40,22300.0,200.0,2253900.0
328,2021-10-13 07:19:40,22300.0,1000.0,2253700.0
329,2021-10-13 07:19:40,22300.0,300.0,2252700.0
330,2021-10-13 07:19:40,22300.0,1000.0,2252400.0
331,2021-10-13 07:19:40,22300.0,100.0,2251400.0
332,2021-10-13 07:19:40,22300.0,500.0,2251300.0
333,2021-10-13 07:19:40,22300.0,5000.0,2250800.0
334,2021-10-13 07:19:40,22300.0,200.0,2245800.0
335,2021-10-13 07:19:40,22300.0,100.0,2245600.0
336,2021-10-13 07:19:40,22300.0,500.0,2245500.0
337,2021-10-13 07:19:40,22300.0,500.0,2245000.0
338,2021-10-13 07:19:40,22300.0,200.0,2244500.0
339,2021-10-13 07:19:40,22300.0,5000.0,2244300.0
340,2021-10-13 07:19:40,22300.0,100.0,2239300.0
341,2021-10-13 07:19:40,22300.0,200.0,2239200.0
342,2021-10-13 07:19:40,22300.0,100.0,2239000.0
343,2021-10-13 07:19:40,22300.0,100.0,2238900.0
344,2021-10-13 07:19:40,22300.0,600.0,2238800.0
345,2021-10-13 07:19:40,22300.0,100.0,2238200.0
346,2021-10-13 07:19:40,22300.0,1000.0,2238100.0
347,2021-10-13 07:19:40,22300.0,1900.0,2237100.0
348,2021-10-13 07:19:24,22350.0,200.0,2235200.0
349,2021-10-13 07:19:24,22350.0,600.0,2235000.0
350,2021-10-13 07:19:24,22350.0,500.0,2234400.0
351,2021-10-13 07:19:14,22350.0,400.0,2233900.0
352,2021-10-13 07:19:14,22350.0,600.0,2233500.0
353,2021-10-13 07:19:01,22350.0,400.0,2232900.0
354,2021-10-13 07:19:01,22350.0,100.0,2232500.0
355,2021-10-13 07:17:48,22350.0,1500.0,2232400.0
356,2021-10-13 07:16:48,22300.0,100.0,2230900.0
357,2021-10-13 07:16:48,22300.0,100.0,2230800.0
358,2021-10-13 07:16:48,22300.0,200.0,2230700.0
359,2021-10-13 07:16:44,22350.0,3400.0,2230500.0
360,2021-10-13 07:16:36,22350.0,700.0,2227100.0
361,2021-10-13 07:16:29,22350.0,100.0,2226400.0
362,2021-10-13 07:16:25,22300.0,3000.0,2226300.0
363,2021-10-13 07:16:25,22300.0,1000.0,2223300.0
364,2021-10-13 07:16:25,22300.0,300.0,2222300.0
365,2021-10-13 07:16:25,22300.0,200.0,2222000.0
366,2021-10-13 07:16:25,22300.0,100.0,2221800.0
367,2021-10-13 07:16:25,22300.0,1000.0,2221700.0
368,2021-10-13 07:16:25,22300.0,1000.0,2220700.0
369,2021-10-13 07:16:25,22300.0,100.0,2219700.0
370,2021-10-13 07:16:25,22300.0,100.0,2219600.0
371,2021-10-13 07:16:25,22300.0,200.0,2219500.0
372,2021-10-13 07:16:00,22350.0,500.0,2219300.0
373,2021-10-13 07:15:55,22300.0,300.0,2218800.0
374,2021-10-13 07:15:50,22350.0,300.0,2218500.0
375,2021-10-13 07:15:49,22300.0,200.0,2218200.0
376,2021-10-13 07:15:30,22300.0,300.0,2218000.0
377,2021-10-13 07:15:30,22300.0,500.0,2217700.0
378,2021-10-13 07:15:30,22300.0,100.0,2217200.0
379,2021-10-13 07:15:30,22300.0,200.0,2217100.0
380,2021-10-13 07:15:30,22300.0,500.0,2216900.0
381,2021-10-13 07:15:30,22300.0,100.0,2216400.0
382,2021-10-13 07:15:30,22300.0,1000.0,2216300.0
383,2021-10-13 07:15:30,22300.0,1000.0,2215300.0
384,2021-10-13 07:15:30,22300.0,100.0,2214300.0
385,2021-10-13 07:15:30,22300.0,800.0,2214200.0
386,2021-10-13 07:15:30,22300.0,100.0,2213400.0
387,2021-10-13 07:15:30,22300.0,500.0,2213300.0
388,2021-10-13 07:15:30,22300.0,2000.0,2212800.0
389,2021-10-13 07:15:30,22300.0,300.0,2210800.0
390,2021-10-13 07:15:30,22300.0,100.0,2210500.0
391,2021-10-13 07:15:30,22300.0,1000.0,2210400.0
392,2021-10-13 07:15:30,22300.0,1000.0,2209400.0
393,2021-10-13 07:15:30,22300.0,300.0,2208400.0
394,2021-10-13 07:15:30,22300.0,100.0,2208100.0
395,2021-10-13 07:15:24,22350.0,200.0,2208000.0
396,2021-10-13 07:15:24,22350.0,100.0,2207800.0
397,2021-10-13 07:15:24,22350.0,100.0,2207700.0
398,2021-10-13 07:14:55,22350.0,100.0,2207600.0
399,2021-10-13 07:14:55,22350.0,1000.0,2207500.0
400,2021-10-13 07:14:55,22350.0,1000.0,2206500.0
401,2021-10-13 07:14:55,22350.0,200.0,2205500.0
402,2021-10-13 07:14:55,22350.0,1000.0,2205300.0
403,2021-10-13 07:14:55,22350.0,1000.0,2204300.0
404,2021-10-13 07:14:55,22350.0,100.0,2203300.0
405,2021-10-13 07:14:55,22350.0,5000.0,2203200.0
406,2021-10-13 07:14:55,22350.0,1000.0,2198200.0
407,2021-10-13 07:14:55,22350.0,500.0,2197200.0
408,2021-10-13 07:14:55,22350.0,300.0,2196700.0
409,2021-10-13 07:14:55,22350.0,100.0,2196400.0
410,2021-10-13 07:14:55,22350.0,500.0,2196300.0
411,2021-10-13 07:14:55,22350.0,2000.0,2195800.0
412,2021-10-13 07:14:55,22350.0,2000.0,2193800.0
413,2021-10-13 07:14:55,22350.0,4200.0,2191800.0
414,2021-10-13 07:14:50,22350.0,200.0,2187600.0
415,2021-10-13 07:14:38,22350.0,5900.0,2187400.0
416,2021-10-13 07:14:33,22350.0,300.0,2181500.0
417,2021-10-13 07:14:02,22350.0,1000.0,2181200.0
418,2021-10-13 07:13:16,22350.0,100.0,2180200.0
419,2021-10-13 07:12:19,22350.0,200.0,2180100.0
420,2021-10-13 07:11:57,22350.0,500.0,2179900.0
421,2021-10-13 07:11:55,22400.0,1000.0,2179400.0
422,2021-10-13 07:11:46,22400.0,100.0,2178400.0
423,2021-10-13 07:11:01,22400.0,200.0,2178300.0
424,2021-10-13 07:10:51,22400.0,600.0,2178100.0
425,2021-10-13 07:10:51,22400.0,2000.0,2177500.0
426,2021-10-13 07:10:51,22400.0,200.0,2175500.0
427,2021-10-13 07:10:45,22400.0,300.0,2175300.0
428,2021-10-13 07:10:43,22400.0,1000.0,2175000.0
429,2021-10-13 07:10:22,22400.0,3500.0,2174000.0
430,2021-10-13 07:10:12,22400.0,500.0,2170500.0
431,2021-10-13 07:10:01,22400.0,5000.0,2170000.0
432,2021-10-13 07:10:01,22400.0,1000.0,2165000.0
433,2021-10-13 07:10:01,22400.0,1000.0,2164000.0
434,2021-10-13 07:10:01,22400.0,500.0,2163000.0
435,2021-10-13 07:10:01,22400.0,100.0,2162500.0
436,2021-10-13 07:10:01,22400.0,100.0,2162400.0
437,2021-10-13 07:10:01,22400.0,900.0,2162300.0
438,2021-10-13 07:10:01,22400.0,500.0,2161400.0
439,2021-10-13 07:10:01,22400.0,100.0,2160900.0
440,2021-10-13 07:10:01,22400.0,2000.0,2160800.0
441,2021-10-13 07:10:01,22400.0,2800.0,2158800.0
442,2021-10-13 07:10:01,22400.0,100.0,2156000.0
443,2021-10-13 07:10:01,22400.0,300.0,2155900.0
444,2021-10-13 07:10:01,22400.0,100.0,2155600.0
445,2021-10-13 07:10:01,22400.0,1000.0,2155500.0
446,2021-10-13 07:10:01,22400.0,500.0,2154500.0
447,2021-10-13 07:09:25,22400.0,500.0,2154000.0
448,2021-10-13 07:09:23,22400.0,500.0,2153500.0
449,2021-10-13 07:07:52,22400.0,500.0,2153000.0
450,2021-10-13 07:07:52,22400.0,1100.0,2152500.0
451,2021-10-13 07:07:52,22400.0,11600.0,2151400.0
452,2021-10-13 07:07:52,22450.0,3500.0,2139800.0
453,2021-10-13 07:07:52,22450.0,500.0,2136300.0
454,2021-10-13 07:07:52,22450.0,100.0,2135800.0
455,2021-10-13 07:07:52,22450.0,2700.0,2135700.0
456,2021-10-13 07:07:19,22450.0,2000.0,2133000.0
457,2021-10-13 07:07:08,22450.0,100.0,2131000.0
458,2021-10-13 07:06:59,22450.0,200.0,2130900.0
459,2021-10-13 07:06:59,22450.0,500.0,2130700.0
460,2021-10-13 07:06:58,22450.0,200.0,2130200.0
461,2021-10-13 07:06:58,22450.0,500.0,2130000.0
462,2021-10-13 07:06:58,22450.0,1100.0,2129500.0
463,2021-10-13 07:06:28,22450.0,200.0,2128400.0
464,2021-10-13 07:06:25,22450.0,700.0,2128200.0
465,2021-10-13 07:06:25,22450.0,300.0,2127500.0
466,2021-10-13 07:06:07,22450.0,100.0,2127200.0
467,2021-10-13 07:05:34,22450.0,100.0,2127100.0
468,2021-10-13 07:05:34,22500.0,900.0,2127000.0
469,2021-10-13 07:05:34,22500.0,100.0,2126100.0
470,2021-10-13 07:05:23,22500.0,200.0,2126000.0
471,2021-10-13 07:05:18,22500.0,100.0,2125800.0
472,2021-10-13 07:04:47,22500.0,100.0,2125700.0
473,2021-10-13 07:04:47,22500.0,100.0,2125600.0
474,2021-10-13 07:04:47,22500.0,200.0,2125500.0
475,2021-10-13 07:04:44,22500.0,300.0,2125300.0
476,2021-10-13 07:04:44,22500.0,100.0,2125000.0
477,2021-10-13 07:04:44,22500.0,100.0,2124900.0
478,2021-10-13 07:04:44,22500.0,500.0,2124800.0
479,2021-10-13 07:04:14,22500.0,800.0,2124300.0
480,2021-10-13 07:04:14,22500.0,200.0,2123500.0
481,2021-10-13 07:04:14,22500.0,100.0,2123300.0
482,2021-10-13 07:04:14,22500.0,500.0,2123200.0
483,2021-10-13 07:04:14,22500.0,500.0,2122700.0
484,2021-10-13 07:04:14,22500.0,1800.0,2122200.0
485,2021-10-13 07:04:14,22500.0,400.0,2120400.0
486,2021-10-13 07:04:14,22500.0,100.0,2120000.0
487,2021-10-13 07:04:14,22500.0,300.0,2119900.0
488,2021-10-13 07:04:14,22500.0,300.0,2119600.0
489,2021-10-13 07:04:14,22500.0,200.0,2119300.0
490,2021-10-13 07:04:14,22500.0,100.0,2119100.0
491,2021-10-13 07:04:14,22500.0,400.0,2119000.0
492,2021-10-13 07:04:14,22500.0,1000.0,2118600.0
493,2021-10-13 07:04:14,22500.0,4000.0,2117600.0
494,2021-10-13 07:04:14,22500.0,100.0,2113600.0
495,2021-10-13 07:04:14,22500.0,500.0,2113500.0
496,2021-10-13 07:04:14,22500.0,500.0,2113000.0
497,2021-10-13 07:04:14,22500.0,1500.0,2112500.0
498,2021-10-13 07:04:14,22500.0,200.0,2111000.0
499,2021-10-13 07:04:14,22500.0,500.0,2110800.0
500,2021-10-13 07:04:14,22500.0,200.0,2110300.0
501,2021-10-13 07:04:14,22500.0,1500.0,2110100.0
502,2021-10-13 07:04:14,22500.0,5000.0,2108600.0
503,2021-10-13 07:04:14,22500.0,100.0,2103600.0
504,2021-10-13 07:04:14,22500.0,100.0,2103500.0
505,2021-10-13 07:04:14,22500.0,600.0,2103400.0
506,2021-10-13 07:04:14,22500.0,1000.0,2102800.0
507,2021-10-13 07:04:14,22500.0,200.0,2101800.0
508,2021-10-13 07:04:14,22500.0,300.0,2101600.0
509,2021-10-13 07:04:01,22450.0,100.0,2101300.0
510,2021-10-13 07:03:54,22450.0,300.0,2101200.0
511,2021-10-13 07:03:54,22450.0,200.0,2100900.0
512,2021-10-13 07:03:54,22450.0,100.0,2100700.0
513,2021-10-13 07:03:54,22450.0,200.0,2100600.0
514,2021-10-13 07:03:38,22450.0,1300.0,2100400.0
515,2021-10-13 07:03:38,22450.0,200.0,2099100.0
516,2021-10-13 07:03:38,22450.0,100.0,2098900.0
517,2021-10-13 07:03:38,22450.0,400.0,2098800.0
518,2021-10-13 07:03:38,22450.0,3000.0,2098400.0
519,2021-10-13 07:03:25,22450.0,1000.0,2095400.0
520,2021-10-13 07:03:20,22400.0,200.0,2094400.0
521,2021-10-13 07:02:56,22400.0,8200.0,2094200.0
522,2021-10-13 07:02:56,22400.0,1000.0,2086000.0
523,2021-10-13 07:02:56,22400.0,800.0,2085000.0
524,2021-10-13 07:02:30,22400.0,1000.0,2084200.0
525,2021-10-13 07:02:26,22400.0,1000.0,2083200.0
526,2021-10-13 07:02:26,22400.0,200.0,2082200.0
527,2021-10-13 07:02:22,22400.0,100.0,2082000.0
528,2021-10-13 07:02:22,22400.0,1900.0,2081900.0
529,2021-10-13 07:02:09,22400.0,100.0,2080000.0
530,2021-10-13 07:02:09,22400.0,1000.0,2079900.0
531,2021-10-13 07:02:09,22400.0,100.0,2078900.0
532,2021-10-13 07:02:09,22400.0,200.0,2078800.0
533,2021-10-13 07:02:09,22400.0,100.0,2078600.0
534,2021-10-13 07:02:09,22400.0,500.0,2078500.0
535,2021-10-13 07:02:09,22400.0,10000.0,2078000.0
536,2021-10-13 07:02:09,22400.0,1000.0,2068000.0
537,2021-10-13 07:02:09,22400.0,100.0,2067000.0
538,2021-10-13 07:02:09,22400.0,22700.0,2066900.0
539,2021-10-13 07:02:09,22400.0,300.0,2044200.0
540,2021-10-13 07:02:09,22400.0,100.0,2043900.0
541,2021-10-13 07:02:09,22400.0,3800.0,2043800.0
542,2021-10-13 07:01:45,22400.0,300.0,2040000.0
543,2021-10-13 07:01:36,22400.0,900.0,2039700.0
544,2021-10-13 07:01:36,22400.0,100.0,2038800.0
545,2021-10-13 07:01:35,22400.0,2000.0,2038700.0
546,2021-10-13 07:01:16,22400.0,1000.0,2036700.0
547,2021-10-13 07:01:13,22350.0,100.0,2035700.0
548,2021-10-13 07:00:16,22350.0,2000.0,2035600.0
549,2021-10-13 07:00:02,22350.0,300.0,2033600.0
550,2021-10-13 06:59:58,22350.0,2000.0,2033300.0
551,2021-10-13 06:59:32,22350.0,200.0,2031300.0
552,2021-10-13 06:58:19,22350.0,200.0,2031100.0
553,2021-10-13 06:57:31,22400.0,100.0,2030900.0
554,2021-10-13 06:57:05,22350.0,3000.0,2030800.0
555,2021-10-13 06:57:02,22400.0,5000.0,2027800.0
556,2021-10-13 06:56:48,22350.0,300.0,2022800.0
557,2021-10-13 06:56:36,22350.0,400.0,2022500.0
558,2021-10-13 06:56:23,22400.0,200.0,2022100.0
559,2021-10-13 06:55:32,22400.0,200.0,2021900.0
560,2021-10-13 06:55:29,22400.0,300.0,2021700.0
561,2021-10-13 06:55:27,22350.0,300.0,2021400.0
562,2021-10-13 06:55:26,22350.0,1000.0,2021100.0
563,2021-10-13 06:55:09,22350.0,3000.0,2020100.0
564,2021-10-13 06:55:06,22350.0,200.0,2017100.0
565,2021-10-13 06:55:00,22350.0,1000.0,2016900.0
566,2021-10-13 06:54:54,22350.0,200.0,2015900.0
567,2021-10-13 06:54:15,22350.0,5000.0,2015700.0
568,2021-10-13 06:54:06,22400.0,3500.0,2010700.0
569,2021-10-13 06:54:06,22400.0,1000.0,2007200.0
570,2021-10-13 06:54:06,22400.0,100.0,2006200.0
571,2021-10-13 06:54:06,22400.0,100.0,2006100.0
572,2021-10-13 06:54:06,22400.0,100.0,2006000.0
573,2021-10-13 06:54:06,22400.0,200.0,2005900.0
574,2021-10-13 06:54:06,22400.0,500.0,2005700.0
575,2021-10-13 06:54:06,22400.0,200.0,2005200.0
576,2021-10-13 06:54:06,22400.0,2000.0,2005000.0
577,2021-10-13 06:54:06,22400.0,3300.0,2003000.0
578,2021-10-13 06:54:06,22400.0,3200.0,1999700.0
579,2021-10-13 06:54:06,22350.0,800.0,1996500.0
580,2021-10-13 06:53:59,22400.0,200.0,1995700.0
581,2021-10-13 06:53:34,22400.0,200.0,1995500.0
582,2021-10-13 06:53:20,22400.0,400.0,1995300.0
583,2021-10-13 06:53:20,22400.0,100.0,1994900.0
584,2021-10-13 06:53:18,22350.0,10000.0,1994800.0
585,2021-10-13 06:53:16,22400.0,500.0,1984800.0
586,2021-10-13 06:53:12,22400.0,700.0,1984300.0
587,2021-10-13 06:53:12,22400.0,1000.0,1983600.0
588,2021-10-13 06:52:45,22400.0,1000.0,1982600.0
589,2021-10-13 06:52:39,22350.0,7000.0,1981600.0
590,2021-10-13 06:52:03,22400.0,1300.0,1974600.0
591,2021-10-13 06:51:52,22400.0,500.0,1973300.0
592,2021-10-13 06:51:28,22400.0,1500.0,1972800.0
593,2021-10-13 06:51:18,22400.0,200.0,1971300.0
594,2021-10-13 06:51:07,22400.0,500.0,1971100.0
595,2021-10-13 06:50:42,22400.0,700.0,1970600.0
596,2021-10-13 06:50:35,22400.0,500.0,1969900.0
597,2021-10-13 06:50:33,22350.0,300.0,1969400.0
598,2021-10-13 06:50:25,22400.0,500.0,1969100.0
599,2021-10-13 06:50:19,22400.0,1000.0,1968600.0
600,2021-10-13 06:50:02,22400.0,3400.0,1967600.0
601,2021-10-13 06:50:01,22400.0,600.0,1964200.0
602,2021-10-13 06:49:59,22400.0,100.0,1963600.0
603,2021-10-13 06:49:44,22350.0,100.0,1963500.0
604,2021-10-13 06:49:44,22350.0,200.0,1963400.0
605,2021-10-13 06:49:14,22350.0,100.0,1963200.0
606,2021-10-13 06:48:36,22350.0,900.0,1963100.0
607,2021-10-13 06:48:36,22350.0,100.0,1962200.0
608,2021-10-13 06:48:22,22350.0,100.0,1962100.0
609,2021-10-13 06:48:22,22350.0,100.0,1962000.0
610,2021-10-13 06:48:18,22400.0,1400.0,1961900.0
611,2021-10-13 06:48:18,22400.0,2000.0,1960500.0
612,2021-10-13 06:48:18,22400.0,200.0,1958500.0
613,2021-10-13 06:48:04,22350.0,700.0,1958300.0
614,2021-10-13 06:47:54,22350.0,100.0,1957600.0
615,2021-10-13 06:47:46,22350.0,2000.0,1957500.0
616,2021-10-13 06:47:44,22350.0,100.0,1955500.0
617,2021-10-13 06:47:35,22350.0,1100.0,1955400.0
618,2021-10-13 06:47:13,22350.0,100.0,1954300.0
619,2021-10-13 06:47:13,22350.0,300.0,1954200.0
620,2021-10-13 06:47:13,22350.0,100.0,1953900.0
621,2021-10-13 06:47:13,22350.0,100.0,1953800.0
622,2021-10-13 06:47:13,22350.0,400.0,1953700.0
623,2021-10-13 06:47:12,22350.0,600.0,1953300.0
624,2021-10-13 06:47:12,22350.0,400.0,1952700.0
625,2021-10-13 06:47:08,22300.0,500.0,1952300.0
626,2021-10-13 06:47:08,22300.0,500.0,1951800.0
627,2021-10-13 06:47:08,22300.0,200.0,1951300.0
628,2021-10-13 06:47:05,22350.0,100.0,1951100.0
629,2021-10-13 06:47:05,22350.0,1000.0,1951000.0
630,2021-10-13 06:47:03,22350.0,100.0,1950000.0
631,2021-10-13 06:46:42,22350.0,500.0,1949900.0
632,2021-10-13 06:46:28,22350.0,300.0,1949400.0
633,2021-10-13 06:46:23,22350.0,500.0,1949100.0
634,2021-10-13 06:46:15,22350.0,2000.0,1948600.0
635,2021-10-13 06:45:45,22350.0,900.0,1946600.0
636,2021-10-13 06:45:45,22350.0,100.0,1945700.0
637,2021-10-13 06:45:45,22350.0,1000.0,1945600.0
638,2021-10-13 06:45:31,22300.0,1300.0,1944600.0
639,2021-10-13 06:45:30,22300.0,100.0,1943300.0
640,2021-10-13 06:45:28,22300.0,200.0,1943200.0
641,2021-10-13 06:45:26,22300.0,1000.0,1943000.0
642,2021-10-13 06:45:26,22300.0,600.0,1942000.0
643,2021-10-13 06:45:20,22300.0,400.0,1941400.0
644,2021-10-13 06:45:20,22300.0,2000.0,1941000.0
645,2021-10-13 06:45:20,22300.0,500.0,1939000.0
646,2021-10-13 06:45:20,22300.0,500.0,1938500.0
647,2021-10-13 06:45:20,22300.0,200.0,1938000.0
648,2021-10-13 06:45:20,22300.0,300.0,1937800.0
649,2021-10-13 06:45:20,22300.0,3000.0,1937500.0
650,2021-10-13 06:45:20,22300.0,200.0,1934500.0
651,2021-10-13 06:45:20,22300.0,200.0,1934300.0
652,2021-10-13 06:45:20,22300.0,1000.0,1934100.0
653,2021-10-13 06:45:20,22300.0,500.0,1933100.0
654,2021-10-13 06:45:20,22300.0,100.0,1932600.0
655,2021-10-13 06:45:20,22300.0,500.0,1932500.0
656,2021-10-13 06:45:17,22300.0,500.0,1932000.0
657,2021-10-13 06:45:17,22300.0,300.0,1931500.0
658,2021-10-13 06:45:17,22300.0,200.0,1931200.0
659,2021-10-13 06:45:04,22300.0,700.0,1931000.0
660,2021-10-13 06:45:04,22300.0,100.0,1930300.0
661,2021-10-13 06:45:04,22300.0,2000.0,1930200.0
662,2021-10-13 06:45:04,22300.0,2200.0,1928200.0
663,2021-10-13 06:45:02,22300.0,500.0,1926000.0
664,2021-10-13 06:44:51,22300.0,200.0,1925500.0
665,2021-10-13 06:44:43,22300.0,100.0,1925300.0
666,2021-10-13 06:44:39,22300.0,500.0,1925200.0
667,2021-10-13 06:44:38,22300.0,1000.0,1924700.0
668,2021-10-13 06:44:26,22300.0,500.0,1923700.0
669,2021-10-13 06:44:16,22300.0,500.0,1923200.0
670,2021-10-13 06:44:07,22300.0,800.0,1922700.0
671,2021-10-13 06:44:02,22250.0,800.0,1921900.0
672,2021-10-13 06:44:02,22250.0,200.0,1921100.0
673,2021-10-13 06:43:52,22300.0,1800.0,1920900.0
674,2021-10-13 06:43:43,22300.0,500.0,1919100.0
675,2021-10-13 06:43:26,22300.0,400.0,1918600.0
676,2021-10-13 06:43:20,22300.0,1000.0,1918200.0
677,2021-10-13 06:43:20,22300.0,4400.0,1917200.0
678,2021-10-13 06:43:19,22300.0,1000.0,1912800.0
679,2021-10-13 06:43:13,22250.0,1600.0,1911800.0
680,2021-10-13 06:43:13,22250.0,1400.0,1910200.0
681,2021-10-13 06:43:00,22300.0,3000.0,1908800.0
682,2021-10-13 06:42:55,22250.0,300.0,1905800.0
683,2021-10-13 06:42:53,22250.0,100.0,1905500.0
684,2021-10-13 06:42:51,22300.0,1600.0,1905400.0
685,2021-10-13 06:42:51,22300.0,1000.0,1903800.0
686,2021-10-13 06:42:51,22300.0,200.0,1902800.0
687,2021-10-13 06:42:51,22300.0,1500.0,1902600.0
688,2021-10-13 06:42:51,22300.0,100.0,1901100.0
689,2021-10-13 06:42:51,22300.0,100.0,1901000.0
690,2021-10-13 06:42:51,22300.0,100.0,1900900.0
691,2021-10-13 06:42:51,22300.0,100.0,1900800.0
692,2021-10-13 06:42:51,22300.0,100.0,1900700.0
693,2021-10-13 06:42:51,22300.0,600.0,1900600.0
694,2021-10-13 06:41:43,22250.0,900.0,1900000.0
695,2021-10-13 06:41:35,22250.0,100.0,1899100.0
696,2021-10-13 06:41:35,22250.0,1100.0,1899000.0
697,2021-10-13 06:41:35,22250.0,300.0,1897900.0
698,2021-10-13 06:41:31,22250.0,200.0,1897600.0
699,2021-10-13 06:41:31,22250.0,300.0,1897400.0
700,2021-10-13 06:41:31,22250.0,500.0,1897100.0
701,2021-10-13 06:41:01,22250.0,100.0,1896600.0
702,2021-10-13 06:40:52,22250.0,200.0,1896500.0
703,2021-10-13 06:40:04,22200.0,1500.0,1896300.0
704,2021-10-13 06:40:04,22200.0,1900.0,1894800.0
705,2021-10-13 06:40:02,22200.0,1000.0,1892900.0
706,2021-10-13 06:39:53,22200.0,500.0,1891900.0
707,2021-10-13 06:39:49,22150.0,200.0,1891400.0
708,2021-10-13 06:39:49,22150.0,200.0,1891200.0
709,2021-10-13 06:39:49,22150.0,500.0,1891000.0
710,2021-10-13 06:39:49,22150.0,200.0,1890500.0
711,2021-10-13 06:39:49,22150.0,100.0,1890300.0
712,2021-10-13 06:39:49,22150.0,200.0,1890200.0
713,2021-10-13 06:39:49,22150.0,2000.0,1890000.0
714,2021-10-13 06:39:49,22150.0,1400.0,1888000.0
715,2021-10-13 06:39:49,22150.0,600.0,1886600.0
716,2021-10-13 06:39:49,22150.0,600.0,1886000.0
717,2021-10-13 06:39:49,22150.0,200.0,1885400.0
718,2021-10-13 06:39:49,22150.0,1000.0,1885200.0
719,2021-10-13 06:39:49,22150.0,2600.0,1884200.0
720,2021-10-13 06:39:48,22200.0,1600.0,1881600.0
721,2021-10-13 06:39:48,22200.0,1000.0,1880000.0
722,2021-10-13 06:39:48,22200.0,1000.0,1879000.0
723,2021-10-13 06:39:48,22200.0,500.0,1878000.0
724,2021-10-13 06:39:48,22200.0,1000.0,1877500.0
725,2021-10-13 06:39:48,22200.0,1000.0,1876500.0
726,2021-10-13 06:39:48,22200.0,100.0,1875500.0
727,2021-10-13 06:39:48,22200.0,300.0,1875400.0
728,2021-10-13 06:39:48,22200.0,100.0,1875100.0
729,2021-10-13 06:39:48,22200.0,500.0,1875000.0
730,2021-10-13 06:39:48,22200.0,600.0,1874500.0
731,2021-10-13 06:39:47,22200.0,300.0,1873900.0
732,2021-10-13 06:39:47,22200.0,100.0,1873600.0
733,2021-10-13 06:39:47,22200.0,100.0,1873500.0
734,2021-10-13 06:39:32,22200.0,200.0,1873400.0
735,2021-10-13 06:39:26,22200.0,4700.0,1873200.0
736,2021-10-13 06:39:26,22200.0,200.0,1868500.0
737,2021-10-13 06:39:26,22200.0,3000.0,1868300.0
738,2021-10-13 06:39:26,22200.0,500.0,1865300.0
739,2021-10-13 06:39:26,22200.0,500.0,1864800.0
740,2021-10-13 06:39:26,22200.0,500.0,1864300.0
741,2021-10-13 06:39:26,22200.0,500.0,1863800.0
742,2021-10-13 06:39:26,22200.0,100.0,1863300.0
743,2021-10-13 06:39:12,22200.0,200.0,1863200.0
744,2021-10-13 06:39:12,22200.0,300.0,1863000.0
745,2021-10-13 06:39:11,22200.0,100.0,1862700.0
746,2021-10-13 06:39:01,22200.0,100.0,1862600.0
747,2021-10-13 06:38:52,22200.0,100.0,1862500.0
748,2021-10-13 06:38:51,22200.0,1700.0,1862400.0
749,2021-10-13 06:38:39,22200.0,2000.0,1860700.0
750,2021-10-13 06:38:06,22200.0,100.0,1858700.0
751,2021-10-13 06:37:54,22200.0,300.0,1858600.0
752,2021-10-13 06:37:53,22200.0,100.0,1858300.0
753,2021-10-13 06:37:53,22200.0,100.0,1858200.0
754,2021-10-13 06:37:41,22200.0,100.0,1858100.0
755,2021-10-13 06:37:41,22200.0,600.0,1858000.0
756,2021-10-13 06:37:39,22150.0,100.0,1857400.0
757,2021-10-13 06:37:26,22200.0,100.0,1857300.0
758,2021-10-13 06:37:24,22200.0,200.0,1857200.0
759,2021-10-13 06:37:24,22200.0,800.0,1857000.0
760,2021-10-13 06:37:20,22200.0,300.0,1856200.0
761,2021-10-13 06:37:08,22200.0,1900.0,1855900.0
762,2021-10-13 06:37:08,22200.0,100.0,1854000.0
763,2021-10-13 06:37:04,22150.0,300.0,1853900.0
764,2021-10-13 06:37:04,22150.0,200.0,1853600.0
765,2021-10-13 06:36:58,22200.0,100.0,1853400.0
766,2021-10-13 06:36:58,22200.0,100.0,1853300.0
767,2021-10-13 06:36:58,22200.0,800.0,1853200.0
768,2021-10-13 06:36:13,22200.0,2200.0,1852400.0
769,2021-10-13 06:36:13,22200.0,2800.0,1850200.0
770,2021-10-13 06:36:06,22150.0,700.0,1847400.0
771,2021-10-13 06:36:06,22150.0,300.0,1846700.0
772,2021-10-13 06:35:57,22200.0,200.0,1846400.0
773,2021-10-13 06:35:52,22200.0,500.0,1846200.0
774,2021-10-13 06:35:45,22200.0,500.0,1845700.0
775,2021-10-13 06:35:44,22200.0,500.0,1845200.0
776,2021-10-13 06:35:00,22200.0,500.0,1844700.0
777,2021-10-13 06:35:00,22200.0,2000.0,1844200.0
778,2021-10-13 06:35:00,22200.0,100.0,1842200.0
779,2021-10-13 06:35:00,22200.0,300.0,1842100.0
780,2021-10-13 06:35:00,22200.0,100.0,1841800.0
781,2021-10-13 06:35:00,22200.0,2700.0,1841700.0
782,2021-10-13 06:35:00,22200.0,1000.0,1839000.0
783,2021-10-13 06:35:00,22200.0,200.0,1838000.0
784,2021-10-13 06:35:00,22200.0,500.0,1837800.0
785,2021-10-13 06:35:00,22200.0,100.0,1837300.0
786,2021-10-13 06:35:00,22200.0,1000.0,1837200.0
787,2021-10-13 06:35:00,22200.0,1500.0,1836200.0
788,2021-10-13 06:34:55,22200.0,500.0,1834700.0
789,2021-10-13 06:34:29,22200.0,100.0,1834200.0
790,2021-10-13 06:34:23,22150.0,100.0,1834100.0
791,2021-10-13 06:34:23,22150.0,400.0,1834000.0
792,2021-10-13 06:34:14,22150.0,100.0,1833600.0
793,2021-10-13 06:34:14,22150.0,500.0,1833500.0
794,2021-10-13 06:34:14,22150.0,200.0,1833000.0
795,2021-10-13 06:34:04,22150.0,1000.0,1832800.0
796,2021-10-13 06:34:04,22150.0,200.0,1831800.0
797,2021-10-13 06:34:04,22150.0,200.0,1831600.0
798,2021-10-13 06:33:40,22150.0,300.0,1831400.0
799,2021-10-13 06:33:40,22150.0,1700.0,1831100.0
800,2021-10-13 06:33:37,22150.0,400.0,1829400.0
801,2021-10-13 06:32:37,22150.0,2000.0,1829000.0
802,2021-10-13 06:32:21,22200.0,100.0,1827000.0
803,2021-10-13 06:32:21,22200.0,100.0,1826900.0
804,2021-10-13 06:32:21,22200.0,400.0,1826800.0
805,2021-10-13 06:32:19,22150.0,2700.0,1826400.0
806,2021-10-13 06:32:09,22150.0,3200.0,1823700.0
807,2021-10-13 06:32:09,22150.0,200.0,1820500.0
808,2021-10-13 06:32:09,22150.0,2000.0,1820300.0
809,2021-10-13 06:32:09,22150.0,2000.0,1818300.0
810,2021-10-13 06:32:09,22150.0,100.0,1816300.0
811,2021-10-13 06:32:06,22200.0,400.0,1816200.0
812,2021-10-13 06:32:04,22200.0,500.0,1815800.0
813,2021-10-13 06:31:56,22200.0,100.0,1815300.0
814,2021-10-13 06:31:56,22200.0,900.0,1815200.0
815,2021-10-13 06:31:53,22200.0,500.0,1814300.0
816,2021-10-13 06:31:48,22200.0,3000.0,1813800.0
817,2021-10-13 06:31:10,22200.0,100.0,1810800.0
818,2021-10-13 06:31:10,22200.0,1500.0,1810700.0
819,2021-10-13 06:31:08,22200.0,100.0,1809200.0
820,2021-10-13 06:30:32,22200.0,100.0,1809100.0
821,2021-10-13 06:30:14,22200.0,500.0,1809000.0
822,2021-10-13 06:30:06,22200.0,300.0,1808500.0
823,2021-10-13 06:30:06,22200.0,100.0,1808200.0
824,2021-10-13 06:29:32,22200.0,1000.0,1808100.0
825,2021-10-13 06:29:32,22200.0,200.0,1807100.0
826,2021-10-13 06:29:32,22200.0,500.0,1806900.0
827,2021-10-13 06:29:32,22200.0,600.0,1806400.0
828,2021-10-13 06:29:28,22200.0,300.0,1805800.0
829,2021-10-13 06:29:26,22200.0,1000.0,1805500.0
830,2021-10-13 06:29:10,22200.0,2000.0,1804500.0
831,2021-10-13 06:29:10,22200.0,500.0,1802500.0
832,2021-10-13 06:29:10,22200.0,600.0,1802000.0
833,2021-10-13 06:29:09,22200.0,400.0,1801400.0
834,2021-10-13 06:28:05,22200.0,100.0,1801000.0
835,2021-10-13 06:27:56,22200.0,100.0,1800900.0
836,2021-10-13 06:27:56,22200.0,100.0,1800800.0
837,2021-10-13 06:27:56,22200.0,300.0,1800700.0
838,2021-10-13 06:27:53,22200.0,1200.0,1800400.0
839,2021-10-13 06:27:34,22200.0,3500.0,1799200.0
840,2021-10-13 06:27:34,22200.0,200.0,1795700.0
841,2021-10-13 06:27:34,22200.0,4500.0,1795500.0
842,2021-10-13 06:27:34,22200.0,2000.0,1791000.0
843,2021-10-13 06:27:34,22200.0,19800.0,1789000.0
844,2021-10-13 06:27:05,22250.0,1700.0,1769200.0
845,2021-10-13 06:27:05,22250.0,100.0,1767500.0
846,2021-10-13 06:26:53,22250.0,100.0,1767400.0
847,2021-10-13 06:26:42,22250.0,100.0,1767300.0
848,2021-10-13 06:26:36,22250.0,100.0,1767200.0
849,2021-10-13 06:26:36,22250.0,1900.0,1767100.0
850,2021-10-13 06:26:28,22200.0,500.0,1765200.0
851,2021-10-13 06:26:24,22200.0,3000.0,1764700.0
852,2021-10-13 06:26:24,22200.0,500.0,1761700.0
853,2021-10-13 06:26:24,22200.0,5000.0,1761200.0
854,2021-10-13 06:26:24,22200.0,200.0,1756200.0
855,2021-10-13 06:26:24,22200.0,300.0,1756000.0
856,2021-10-13 06:26:24,22200.0,300.0,1755700.0
857,2021-10-13 06:26:24,22200.0,1000.0,1755400.0
858,2021-10-13 06:26:24,22200.0,1000.0,1754400.0
859,2021-10-13 06:26:24,22200.0,200.0,1753400.0
860,2021-10-13 06:26:24,22200.0,5000.0,1753200.0
861,2021-10-13 06:26:24,22200.0,3000.0,1748200.0
862,2021-10-13 06:26:24,22200.0,100.0,1745200.0
863,2021-10-13 06:26:24,22200.0,10000.0,1745100.0
864,2021-10-13 06:26:24,22200.0,100.0,1735100.0
865,2021-10-13 06:26:20,22200.0,200.0,1735000.0
866,2021-10-13 06:25:58,22200.0,200.0,1734800.0
867,2021-10-13 06:25:47,22150.0,200.0,1734600.0
868,2021-10-13 06:25:44,22150.0,300.0,1734400.0
869,2021-10-13 06:25:44,22150.0,200.0,1734100.0
870,2021-10-13 06:25:44,22150.0,500.0,1733900.0
871,2021-10-13 06:25:41,22150.0,100.0,1733400.0
872,2021-10-13 06:25:38,22150.0,3800.0,1733300.0
873,2021-10-13 06:25:35,22150.0,2000.0,1729500.0
874,2021-10-13 06:25:33,22150.0,100.0,1727500.0
875,2021-10-13 06:25:33,22150.0,4000.0,1727400.0
876,2021-10-13 06:25:32,22150.0,1000.0,1723400.0
877,2021-10-13 06:25:32,22150.0,1000.0,1722400.0
878,2021-10-13 06:25:30,22150.0,100.0,1721400.0
879,2021-10-13 06:25:28,22150.0,1000.0,1721300.0
880,2021-10-13 06:25:27,22150.0,2300.0,1720300.0
881,2021-10-13 06:25:27,22150.0,2400.0,1718000.0
882,2021-10-13 06:25:27,22150.0,100.0,1715600.0
883,2021-10-13 06:25:27,22150.0,200.0,1715500.0
884,2021-10-13 06:25:26,22150.0,5000.0,1715300.0
885,2021-10-13 06:25:24,22150.0,300.0,1710300.0
886,2021-10-13 06:25:06,22150.0,20000.0,1710000.0
887,2021-10-13 06:25:04,22150.0,1000.0,1690000.0
888,2021-10-13 06:25:00,22150.0,2000.0,1689000.0
889,2021-10-13 06:25:00,22150.0,1000.0,1687000.0
890,2021-10-13 06:25:00,22150.0,100.0,1686000.0
891,2021-10-13 06:24:59,22150.0,400.0,1685900.0
892,2021-10-13 06:24:53,22100.0,400.0,1685500.0
893,2021-10-13 06:24:53,22100.0,500.0,1685100.0
894,2021-10-13 06:24:53,22100.0,300.0,1684600.0
895,2021-10-13 06:24:53,22100.0,100.0,1684300.0
896,2021-10-13 06:24:51,22150.0,100.0,1684200.0
897,2021-10-13 06:24:51,22150.0,500.0,1684100.0
898,2021-10-13 06:24:42,22150.0,100.0,1683600.0
899,2021-10-13 06:24:26,22150.0,1000.0,1683500.0
900,2021-10-13 06:24:24,22150.0,500.0,1682500.0
901,2021-10-13 06:24:22,22150.0,300.0,1682000.0
902,2021-10-13 06:24:20,22150.0,1000.0,1681700.0
903,2021-10-13 06:24:19,22150.0,300.0,1680700.0
904,2021-10-13 06:24:14,22150.0,300.0,1680400.0
905,2021-10-13 06:24:13,22150.0,100.0,1680100.0
906,2021-10-13 06:24:11,22150.0,100.0,1680000.0
907,2021-10-13 06:24:06,22150.0,300.0,1679900.0
908,2021-10-13 06:24:01,22150.0,100.0,1679600.0
909,2021-10-13 06:23:59,22150.0,100.0,1679500.0
910,2021-10-13 06:23:59,22150.0,300.0,1679400.0
911,2021-10-13 06:23:59,22150.0,100.0,1679100.0
912,2021-10-13 06:23:59,22150.0,300.0,1679000.0
913,2021-10-13 06:23:59,22150.0,100.0,1678700.0
914,2021-10-13 06:23:59,22150.0,2700.0,1678600.0
915,2021-10-13 06:23:41,22150.0,500.0,1675900.0
916,2021-10-13 06:23:33,22150.0,1000.0,1675400.0
917,2021-10-13 06:23:27,22150.0,500.0,1674400.0
918,2021-10-13 06:23:24,22150.0,300.0,1673900.0
919,2021-10-13 06:23:14,22150.0,100.0,1673600.0
920,2021-10-13 06:23:12,22150.0,200.0,1673500.0
921,2021-10-13 06:23:11,22150.0,500.0,1673300.0
922,2021-10-13 06:23:11,22150.0,1800.0,1672800.0
923,2021-10-13 06:23:11,22150.0,100.0,1671000.0
924,2021-10-13 06:23:07,22150.0,900.0,1670900.0
925,2021-10-13 06:23:07,22150.0,1000.0,1670000.0
926,2021-10-13 06:23:07,22150.0,100.0,1669000.0
927,2021-10-13 06:23:00,22150.0,500.0,1668900.0
928,2021-10-13 06:22:54,22150.0,400.0,1668400.0
929,2021-10-13 06:22:51,22150.0,400.0,1668000.0
930,2021-10-13 06:22:51,22150.0,500.0,1667600.0
931,2021-10-13 06:22:51,22150.0,700.0,1667100.0
932,2021-10-13 06:22:49,22150.0,500.0,1666400.0
933,2021-10-13 06:22:39,22150.0,1800.0,1665900.0
934,2021-10-13 06:22:39,22150.0,300.0,1664100.0
935,2021-10-13 06:22:30,22150.0,700.0,1663800.0
936,2021-10-13 06:22:30,22150.0,1000.0,1663100.0
937,2021-10-13 06:22:14,22100.0,200.0,1662100.0
938,2021-10-13 06:22:10,22100.0,800.0,1661900.0
939,2021-10-13 06:22:10,22100.0,400.0,1661100.0
940,2021-10-13 06:22:10,22100.0,1000.0,1660700.0
941,2021-10-13 06:22:10,22100.0,1000.0,1659700.0
942,2021-10-13 06:22:10,22100.0,1000.0,1658700.0
943,2021-10-13 06:22:10,22100.0,700.0,1657700.0
944,2021-10-13 06:22:09,22150.0,500.0,1657000.0
945,2021-10-13 06:22:09,22150.0,1500.0,1656500.0
946,2021-10-13 06:22:09,22150.0,1000.0,1655000.0
947,2021-10-13 06:22:06,22150.0,2000.0,1654000.0
948,2021-10-13 06:22:06,22150.0,3100.0,1652000.0
949,2021-10-13 06:21:55,22150.0,300.0,1648900.0
950,2021-10-13 06:21:53,22100.0,300.0,1648600.0
951,2021-10-13 06:21:53,22100.0,100.0,1648300.0
952,2021-10-13 06:21:53,22100.0,200.0,1648200.0
953,2021-10-13 06:21:52,22100.0,1000.0,1648000.0
954,2021-10-13 06:21:39,22100.0,200.0,1647000.0
955,2021-10-13 06:21:39,22100.0,500.0,1646800.0
956,2021-10-13 06:21:39,22100.0,100.0,1646300.0
957,2021-10-13 06:21:39,22100.0,2000.0,1646200.0
958,2021-10-13 06:21:39,22100.0,100.0,1644200.0
959,2021-10-13 06:21:39,22100.0,400.0,1644100.0
960,2021-10-13 06:21:39,22100.0,2000.0,1643700.0
961,2021-10-13 06:21:39,22100.0,200.0,1641700.0
962,2021-10-13 06:21:39,22100.0,100.0,1641500.0
963,2021-10-13 06:21:39,22100.0,100.0,1641400.0
964,2021-10-13 06:21:39,22100.0,300.0,1641300.0
965,2021-10-13 06:21:36,22100.0,100.0,1641000.0
966,2021-10-13 06:21:34,22100.0,100.0,1640900.0
967,2021-10-13 06:21:34,22100.0,200.0,1640800.0
968,2021-10-13 06:21:27,22100.0,100.0,1640600.0
969,2021-10-13 06:21:27,22100.0,400.0,1640500.0
970,2021-10-13 06:21:06,22100.0,600.0,1640100.0
971,2021-10-13 06:21:06,22100.0,400.0,1639500.0
972,2021-10-13 06:21:01,22100.0,100.0,1639100.0
973,2021-10-13 06:21:01,22100.0,500.0,1639000.0
974,2021-10-13 06:21:01,22100.0,500.0,1638500.0
975,2021-10-13 06:21:01,22100.0,900.0,1638000.0
976,2021-10-13 06:20:29,22100.0,100.0,1637100.0
977,2021-10-13 06:20:29,22100.0,500.0,1637000.0
978,2021-10-13 06:20:29,22100.0,300.0,1636500.0
979,2021-10-13 06:20:29,22100.0,500.0,1636200.0
980,2021-10-13 06:20:29,22100.0,600.0,1635700.0
981,2021-10-13 06:20:15,22100.0,900.0,1635100.0
982,2021-10-13 06:20:15,22100.0,100.0,1634200.0
983,2021-10-13 06:20:13,22100.0,100.0,1634100.0
984,2021-10-13 06:20:13,22100.0,700.0,1634000.0
985,2021-10-13 06:20:13,22100.0,100.0,1633300.0
986,2021-10-13 06:20:13,22100.0,200.0,1633200.0
987,2021-10-13 06:20:13,22100.0,200.0,1633000.0
988,2021-10-13 06:20:13,22100.0,1000.0,1632800.0
989,2021-10-13 06:20:13,22100.0,2000.0,1631800.0
990,2021-10-13 06:20:13,22100.0,1100.0,1629800.0
991,2021-10-13 06:20:12,22150.0,300.0,1628700.0
992,2021-10-13 06:20:07,22150.0,500.0,1628400.0
993,2021-10-13 06:20:07,22150.0,100.0,1627900.0
994,2021-10-13 06:20:00,22150.0,700.0,1627800.0
995,2021-10-13 06:19:57,22100.0,100.0,1627100.0
996,2021-10-13 06:19:53,22150.0,300.0,1627000.0
997,2021-10-13 06:19:53,22150.0,100.0,1626700.0
998,2021-10-13 06:19:47,22100.0,2000.0,1626600.0
999,2021-10-13 06:19:29,22150.0,100.0,1624600.0
1000,2021-10-13 06:19:29,22150.0,400.0,1624500.0
1001,2021-10-13 06:19:16,22150.0,300.0,1624100.0
1002,2021-10-13 06:19:16,22150.0,900.0,1623800.0
1003,2021-10-13 06:19:16,22150.0,500.0,1622900.0
1004,2021-10-13 06:19:16,22150.0,300.0,1622400.0
1005,2021-10-13 06:19:16,22150.0,100.0,1622100.0
1006,2021-10-13 06:19:16,22150.0,800.0,1622000.0
1007,2021-10-13 06:19:16,22150.0,100.0,1621200.0
1008,2021-10-13 06:19:16,22150.0,1700.0,1621100.0
1009,2021-10-13 06:19:16,22150.0,300.0,1619400.0
1010,2021-10-13 06:19:16,22150.0,100.0,1619100.0
1011,2021-10-13 06:19:16,22150.0,100.0,1619000.0
1012,2021-10-13 06:19:16,22150.0,2000.0,1618900.0
1013,2021-10-13 06:19:16,22150.0,1000.0,1616900.0
1014,2021-10-13 06:19:16,22150.0,200.0,1615900.0
1015,2021-10-13 06:19:16,22150.0,600.0,1615700.0
1016,2021-10-13 06:19:16,22150.0,600.0,1615100.0
1017,2021-10-13 06:19:16,22150.0,100.0,1614500.0
1018,2021-10-13 06:19:16,22150.0,600.0,1614400.0
1019,2021-10-13 06:19:16,22150.0,500.0,1613800.0
1020,2021-10-13 06:19:16,22150.0,100.0,1613300.0
1021,2021-10-13 06:19:16,22150.0,100.0,1613200.0
1022,2021-10-13 06:19:16,22150.0,500.0,1613100.0
1023,2021-10-13 06:19:16,22150.0,200.0,1612600.0
1024,2021-10-13 06:19:16,22150.0,300.0,1612400.0
1025,2021-10-13 06:19:16,22150.0,2000.0,1612100.0
1026,2021-10-13 06:19:16,22150.0,1000.0,1610100.0
1027,2021-10-13 06:19:16,22150.0,100.0,1609100.0
1028,2021-10-13 06:19:16,22150.0,100.0,1609000.0
1029,2021-10-13 06:19:16,22150.0,300.0,1608900.0
1030,2021-10-13 06:19:16,22150.0,200.0,1608600.0
1031,2021-10-13 06:19:16,22150.0,200.0,1608400.0
1032,2021-10-13 06:19:16,22150.0,1000.0,1608200.0
1033,2021-10-13 06:19:16,22150.0,1000.0,1607200.0
1034,2021-10-13 06:19:16,22150.0,5000.0,1606200.0
1035,2021-10-13 06:19:16,22150.0,200.0,1601200.0
1036,2021-10-13 06:19:16,22150.0,100.0,1601000.0
1037,2021-10-13 06:19:16,22150.0,100.0,1600900.0
1038,2021-10-13 06:19:16,22150.0,100.0,1600800.0
1039,2021-10-13 06:19:16,22150.0,1000.0,1600700.0
1040,2021-10-13 06:19:16,22150.0,100.0,1599700.0
1041,2021-10-13 06:19:16,22150.0,1000.0,1599600.0
1042,2021-10-13 06:19:16,22150.0,300.0,1598600.0
1043,2021-10-13 06:19:16,22150.0,100.0,1598300.0
1044,2021-10-13 06:19:16,22150.0,4700.0,1598200.0
1045,2021-10-13 06:18:53,22200.0,1500.0,1593500.0
1046,2021-10-13 06:18:51,22200.0,100.0,1592000.0
1047,2021-10-13 06:18:50,22200.0,1000.0,1591900.0
1048,2021-10-13 06:18:42,22200.0,4100.0,1590900.0
1049,2021-10-13 06:18:42,22200.0,100.0,1586800.0
1050,2021-10-13 06:18:42,22200.0,200.0,1586700.0
1051,2021-10-13 06:18:42,22200.0,3000.0,1586500.0
1052,2021-10-13 06:18:35,22200.0,500.0,1583500.0
1053,2021-10-13 06:18:21,22150.0,200.0,1583000.0
1054,2021-10-13 06:18:16,22200.0,2000.0,1582800.0
1055,2021-10-13 06:17:55,22150.0,5000.0,1580800.0
1056,2021-10-13 06:17:47,22150.0,100.0,1575800.0
1057,2021-10-13 06:17:47,22150.0,200.0,1575700.0
1058,2021-10-13 06:17:41,22150.0,200.0,1575500.0
1059,2021-10-13 06:17:40,22150.0,100.0,1575300.0
1060,2021-10-13 06:17:25,22150.0,200.0,1575200.0
1061,2021-10-13 06:17:21,22150.0,400.0,1575000.0
1062,2021-10-13 06:17:20,22200.0,500.0,1574600.0
1063,2021-10-13 06:17:15,22200.0,100.0,1574100.0
1064,2021-10-13 06:17:14,22150.0,2900.0,1574000.0
1065,2021-10-13 06:17:14,22150.0,5000.0,1571100.0
1066,2021-10-13 06:17:14,22150.0,1000.0,1566100.0
1067,2021-10-13 06:17:14,22150.0,200.0,1565100.0
1068,2021-10-13 06:17:14,22150.0,100.0,1564900.0
1069,2021-10-13 06:17:14,22150.0,800.0,1564800.0
1070,2021-10-13 06:17:08,22150.0,200.0,1564000.0
1071,2021-10-13 06:17:08,22150.0,100.0,1563800.0
1072,2021-10-13 06:17:08,22150.0,200.0,1563700.0
1073,2021-10-13 06:17:08,22150.0,1800.0,1563500.0
1074,2021-10-13 06:16:45,22200.0,1000.0,1561700.0
1075,2021-10-13 06:16:41,22200.0,100.0,1560700.0
1076,2021-10-13 06:16:34,22200.0,200.0,1560600.0
1077,2021-10-13 06:16:34,22200.0,200.0,1560400.0
1078,2021-10-13 06:16:32,22200.0,500.0,1560200.0
1079,2021-10-13 06:16:20,22200.0,100.0,1559700.0
1080,2021-10-13 06:16:19,22200.0,1300.0,1559600.0
1081,2021-10-13 06:16:19,22200.0,200.0,1558300.0
1082,2021-10-13 06:16:19,22200.0,300.0,1558100.0
1083,2021-10-13 06:16:19,22200.0,200.0,1557800.0
1084,2021-10-13 06:16:14,22200.0,300.0,1557600.0
1085,2021-10-13 06:16:14,22200.0,500.0,1557300.0
1086,2021-10-13 06:16:09,22200.0,100.0,1556800.0
1087,2021-10-13 06:16:09,22200.0,500.0,1556700.0
1088,2021-10-13 06:16:09,22200.0,500.0,1556200.0
1089,2021-10-13 06:16:09,22200.0,400.0,1555700.0
1090,2021-10-13 06:16:06,22200.0,600.0,1555300.0
1091,2021-10-13 06:16:06,22200.0,100.0,1554700.0
1092,2021-10-13 06:16:06,22200.0,100.0,1554600.0
1093,2021-10-13 06:16:06,22200.0,100.0,1554500.0
1094,2021-10-13 06:16:06,22200.0,600.0,1554400.0
1095,2021-10-13 06:16:06,22200.0,100.0,1553800.0
1096,2021-10-13 06:16:06,22200.0,100.0,1553700.0
1097,2021-10-13 06:16:06,22200.0,300.0,1553600.0
1098,2021-10-13 06:16:01,22200.0,600.0,1553300.0
1099,2021-10-13 06:15:43,22200.0,1000.0,1552700.0
1100,2021-10-13 06:15:35,22200.0,300.0,1551700.0
1101,2021-10-13 06:15:35,22200.0,700.0,1551400.0
1102,2021-10-13 06:15:31,22200.0,100.0,1550700.0
1103,2021-10-13 06:15:31,22200.0,1000.0,1550600.0
1104,2021-10-13 06:15:15,22200.0,200.0,1549600.0
1105,2021-10-13 06:15:11,22200.0,100.0,1549400.0
1106,2021-10-13 06:15:11,22200.0,100.0,1549300.0
1107,2021-10-13 06:15:11,22200.0,1000.0,1549200.0
1108,2021-10-13 06:15:11,22200.0,100.0,1548200.0
1109,2021-10-13 06:15:11,22200.0,600.0,1548100.0
1110,2021-10-13 06:15:11,22200.0,100.0,1547500.0
1111,2021-10-13 06:15:11,22200.0,100.0,1547400.0
1112,2021-10-13 06:15:11,22200.0,1000.0,1547300.0
1113,2021-10-13 06:15:11,22200.0,100.0,1546300.0
1114,2021-10-13 06:15:11,22200.0,200.0,1546200.0
1115,2021-10-13 06:15:11,22200.0,100.0,1546000.0
1116,2021-10-13 06:15:11,22200.0,2000.0,1545900.0
1117,2021-10-13 06:15:11,22200.0,300.0,1543900.0
1118,2021-10-13 06:15:11,22200.0,500.0,1543600.0
1119,2021-10-13 06:15:11,22200.0,1800.0,1543100.0
1120,2021-10-13 06:15:11,22200.0,500.0,1541300.0
1121,2021-10-13 06:15:11,22200.0,1000.0,1540800.0
1122,2021-10-13 06:15:11,22200.0,100.0,1539800.0
1123,2021-10-13 06:15:11,22200.0,100.0,1539700.0
1124,2021-10-13 06:15:11,22200.0,100.0,1539600.0
1125,2021-10-13 06:15:11,22200.0,100.0,1539500.0
1126,2021-10-13 06:15:11,22200.0,300.0,1539400.0
1127,2021-10-13 06:15:11,22200.0,100.0,1539100.0
1128,2021-10-13 06:15:11,22200.0,500.0,1539000.0
1129,2021-10-13 06:15:11,22200.0,2000.0,1538500.0
1130,2021-10-13 06:15:11,22200.0,600.0,1536500.0
1131,2021-10-13 06:15:11,22200.0,2200.0,1535900.0
1132,2021-10-13 06:15:11,22200.0,100.0,1533700.0
1133,2021-10-13 06:15:11,22200.0,100.0,1533600.0
1134,2021-10-13 06:15:11,22200.0,1000.0,1533500.0
1135,2021-10-13 06:15:11,22200.0,5000.0,1532500.0
1136,2021-10-13 06:15:11,22200.0,200.0,1527500.0
1137,2021-10-13 06:15:11,22200.0,100.0,1527300.0
1138,2021-10-13 06:15:11,22200.0,1000.0,1527200.0
1139,2021-10-13 06:15:11,22200.0,1000.0,1526200.0
1140,2021-10-13 06:15:11,22200.0,100.0,1525200.0
1141,2021-10-13 06:15:11,22200.0,2900.0,1525100.0
1142,2021-10-13 06:15:11,22200.0,2500.0,1522200.0
1143,2021-10-13 06:15:11,22200.0,100.0,1519700.0
1144,2021-10-13 06:15:11,22200.0,400.0,1519600.0
1145,2021-10-13 06:15:11,22200.0,5800.0,1519200.0
1146,2021-10-13 06:15:11,22250.0,1100.0,1513400.0
1147,2021-10-13 06:15:11,22250.0,400.0,1512300.0
1148,2021-10-13 06:15:04,22200.0,3600.0,1511900.0
1149,2021-10-13 06:14:30,22200.0,600.0,1508300.0
1150,2021-10-13 06:14:30,22200.0,300.0,1507700.0
1151,2021-10-13 06:14:22,22250.0,100.0,1507400.0
1152,2021-10-13 06:14:22,22250.0,900.0,1507300.0
1153,2021-10-13 06:13:59,22250.0,600.0,1506400.0
1154,2021-10-13 06:13:30,22250.0,1000.0,1505800.0
1155,2021-10-13 06:13:24,22250.0,100.0,1504800.0
1156,2021-10-13 06:13:20,22250.0,1000.0,1504700.0
1157,2021-10-13 06:13:08,22250.0,200.0,1503700.0
1158,2021-10-13 06:13:08,22250.0,400.0,1503500.0
1159,2021-10-13 06:13:08,22250.0,100.0,1503100.0
1160,2021-10-13 06:13:08,22250.0,700.0,1503000.0
1161,2021-10-13 06:13:00,22250.0,300.0,1502300.0
1162,2021-10-13 06:13:00,22250.0,1000.0,1502000.0
1163,2021-10-13 06:13:00,22250.0,200.0,1501000.0
1164,2021-10-13 06:12:59,22300.0,200.0,1500800.0
1165,2021-10-13 06:12:43,22300.0,1200.0,1500600.0
1166,2021-10-13 06:12:36,22250.0,800.0,1499400.0
1167,2021-10-13 06:12:36,22250.0,100.0,1498600.0
1168,2021-10-13 06:12:36,22250.0,1000.0,1498500.0
1169,2021-10-13 06:12:36,22250.0,500.0,1497500.0
1170,2021-10-13 06:12:13,22250.0,100.0,1497000.0
1171,2021-10-13 06:12:13,22250.0,200.0,1496900.0
1172,2021-10-13 06:12:13,22250.0,600.0,1496700.0
1173,2021-10-13 06:12:13,22250.0,2000.0,1496100.0
1174,2021-10-13 06:12:13,22250.0,200.0,1494100.0
1175,2021-10-13 06:12:13,22250.0,600.0,1493900.0
1176,2021-10-13 06:12:13,22250.0,300.0,1493300.0
1177,2021-10-13 06:11:50,22250.0,200.0,1493000.0
1178,2021-10-13 06:11:50,22250.0,1000.0,1492800.0
1179,2021-10-13 06:11:44,22300.0,300.0,1491800.0
1180,2021-10-13 06:11:25,22250.0,1200.0,1491500.0
1181,2021-10-13 06:11:25,22250.0,100.0,1490300.0
1182,2021-10-13 06:11:25,22250.0,200.0,1490200.0
1183,2021-10-13 06:10:52,22250.0,400.0,1490000.0
1184,2021-10-13 06:10:52,22250.0,600.0,1489600.0
1185,2021-10-13 06:10:31,22300.0,100.0,1489000.0
1186,2021-10-13 06:10:26,22250.0,800.0,1488900.0
1187,2021-10-13 06:10:26,22250.0,1000.0,1488100.0
1188,2021-10-13 06:10:26,22250.0,200.0,1487100.0
1189,2021-10-13 06:09:57,22300.0,300.0,1486900.0
1190,2021-10-13 06:09:49,22250.0,600.0,1486600.0
1191,2021-10-13 06:09:49,22250.0,900.0,1486000.0
1192,2021-10-13 06:09:43,22300.0,100.0,1485100.0
1193,2021-10-13 06:09:39,22250.0,100.0,1485000.0
1194,2021-10-13 06:09:39,22250.0,100.0,1484900.0
1195,2021-10-13 06:09:27,22300.0,300.0,1484800.0
1196,2021-10-13 06:09:22,22250.0,600.0,1484500.0
1197,2021-10-13 06:09:22,22250.0,600.0,1483900.0
1198,2021-10-13 06:09:22,22250.0,100.0,1483300.0
1199,2021-10-13 06:09:22,22250.0,500.0,1483200.0
1200,2021-10-13 06:09:22,22250.0,700.0,1482700.0
1201,2021-10-13 06:08:55,22300.0,100.0,1482000.0
1202,2021-10-13 06:08:49,22300.0,2800.0,1481900.0
1203,2021-10-13 06:08:49,22300.0,300.0,1479100.0
1204,2021-10-13 06:08:49,22300.0,1900.0,1478800.0
1205,2021-10-13 06:08:44,22300.0,100.0,1476900.0
1206,2021-10-13 06:08:40,22250.0,600.0,1476800.0
1207,2021-10-13 06:08:40,22250.0,4700.0,1476200.0
1208,2021-10-13 06:08:28,22300.0,3000.0,1471500.0
1209,2021-10-13 06:08:28,22300.0,400.0,1468500.0
1210,2021-10-13 06:08:28,22300.0,1500.0,1468100.0
1211,2021-10-13 06:08:28,22300.0,200.0,1466600.0
1212,2021-10-13 06:08:28,22300.0,500.0,1466400.0
1213,2021-10-13 06:08:28,22300.0,3000.0,1465900.0
1214,2021-10-13 06:08:28,22300.0,5000.0,1462900.0
1215,2021-10-13 06:08:28,22300.0,2000.0,1457900.0
1216,2021-10-13 06:08:28,22300.0,200.0,1455900.0
1217,2021-10-13 06:08:28,22300.0,700.0,1455700.0
1218,2021-10-13 06:08:28,22300.0,500.0,1455000.0
1219,2021-10-13 06:08:28,22300.0,1000.0,1454500.0
1220,2021-10-13 06:08:28,22300.0,500.0,1453500.0
1221,2021-10-13 06:08:28,22300.0,1500.0,1453000.0
1222,2021-10-13 06:08:24,22250.0,300.0,1451500.0
1223,2021-10-13 06:08:24,22250.0,100.0,1451200.0
1224,2021-10-13 06:08:24,22250.0,1400.0,1451100.0
1225,2021-10-13 06:08:16,22300.0,1000.0,1449700.0
1226,2021-10-13 06:08:11,22300.0,1500.0,1448700.0
1227,2021-10-13 06:08:11,22300.0,500.0,1447200.0
1228,2021-10-13 06:07:18,22300.0,300.0,1446700.0
1229,2021-10-13 06:07:18,22300.0,100.0,1446400.0
1230,2021-10-13 06:07:18,22300.0,100.0,1446300.0
1231,2021-10-13 06:07:18,22300.0,500.0,1446200.0
1232,2021-10-13 06:07:17,22300.0,600.0,1445700.0
1233,2021-10-13 06:06:52,22300.0,500.0,1445100.0
1234,2021-10-13 06:06:39,22250.0,300.0,1444600.0
1235,2021-10-13 06:06:31,22250.0,200.0,1444300.0
1236,2021-10-13 06:06:27,22250.0,100.0,1444100.0
1237,2021-10-13 06:06:27,22250.0,1000.0,1444000.0
1238,2021-10-13 06:06:27,22250.0,100.0,1443000.0
1239,2021-10-13 06:06:27,22250.0,100.0,1442900.0
1240,2021-10-13 06:06:27,22250.0,300.0,1442800.0
1241,2021-10-13 06:06:27,22250.0,1000.0,1442500.0
1242,2021-10-13 06:06:27,22250.0,200.0,1441500.0
1243,2021-10-13 06:06:27,22250.0,300.0,1441300.0
1244,2021-10-13 06:06:27,22250.0,100.0,1441000.0
1245,2021-10-13 06:05:58,22250.0,200.0,1440900.0
1246,2021-10-13 06:05:58,22200.0,100.0,1440700.0
1247,2021-10-13 06:05:21,22200.0,600.0,1440600.0
1248,2021-10-13 06:05:21,22200.0,400.0,1440000.0
1249,2021-10-13 06:05:02,22250.0,1000.0,1439600.0
1250,2021-10-13 06:04:45,22250.0,400.0,1438600.0
1251,2021-10-13 06:04:26,22200.0,100.0,1438200.0
1252,2021-10-13 06:04:26,22200.0,100.0,1438100.0
1253,2021-10-13 06:04:26,22200.0,100.0,1438000.0
1254,2021-10-13 06:04:00,22250.0,3400.0,1437900.0
1255,2021-10-13 06:04:00,22250.0,1600.0,1434500.0
1256,2021-10-13 06:03:52,22250.0,300.0,1432900.0
1257,2021-10-13 06:03:50,22250.0,1000.0,1432600.0
1258,2021-10-13 06:03:40,22250.0,100.0,1431600.0
1259,2021-10-13 06:03:30,22250.0,100.0,1431500.0
1260,2021-10-13 06:01:40,22200.0,100.0,1431400.0
1261,2021-10-13 06:01:38,22200.0,100.0,1431300.0
1262,2021-10-13 06:01:38,22200.0,1400.0,1431200.0
1263,2021-10-13 06:01:27,22200.0,3600.0,1429800.0
1264,2021-10-13 06:01:27,22200.0,200.0,1426200.0
1265,2021-10-13 06:01:27,22200.0,1000.0,1426000.0
1266,2021-10-13 06:01:27,22200.0,1000.0,1425000.0
1267,2021-10-13 06:01:27,22200.0,100.0,1424000.0
1268,2021-10-13 06:01:27,22200.0,100.0,1423900.0
1269,2021-10-13 06:01:27,22200.0,100.0,1423800.0
1270,2021-10-13 06:01:27,22200.0,100.0,1423700.0
1271,2021-10-13 06:01:27,22200.0,800.0,1423600.0
1272,2021-10-13 06:00:55,22200.0,200.0,1422800.0
1273,2021-10-13 06:00:55,22200.0,800.0,1422600.0
1274,2021-10-13 06:00:23,22250.0,100.0,1421800.0
1275,2021-10-13 06:00:23,22250.0,600.0,1421700.0
1276,2021-10-13 06:00:22,22250.0,400.0,1421100.0
1277,2021-10-13 06:00:19,22250.0,100.0,1420700.0
1278,2021-10-13 06:00:19,22250.0,1000.0,1420600.0
1279,2021-10-13 06:00:19,22250.0,200.0,1419600.0
1280,2021-10-13 06:00:19,22250.0,300.0,1419400.0
1281,2021-10-13 06:00:19,22250.0,1900.0,1419100.0
1282,2021-10-13 06:00:11,22250.0,100.0,1417200.0
1283,2021-10-13 06:00:09,22250.0,100.0,1417100.0
1284,2021-10-13 06:00:07,22250.0,100.0,1417000.0
1285,2021-10-13 06:00:07,22250.0,100.0,1416900.0
1286,2021-10-13 06:00:07,22250.0,1500.0,1416800.0
1287,2021-10-13 06:00:05,22250.0,1000.0,1415300.0
1288,2021-10-13 06:00:02,22250.0,500.0,1414300.0
1289,2021-10-13 06:00:01,22200.0,1200.0,1413800.0
1290,2021-10-13 06:00:01,22200.0,2000.0,1412600.0
1291,2021-10-13 06:00:01,22200.0,600.0,1410600.0
1292,2021-10-13 06:00:01,22200.0,200.0,1410000.0
1293,2021-10-13 06:00:01,22250.0,300.0,1409800.0
1294,2021-10-13 06:00:01,22250.0,300.0,1409500.0
1295,2021-10-13 06:00:01,22200.0,800.0,1409200.0
1296,2021-10-13 06:00:01,22200.0,2000.0,1408400.0
1297,2021-10-13 06:00:01,22200.0,2000.0,1406400.0
1298,2021-10-13 06:00:01,22200.0,300.0,1404400.0
1299,2021-10-13 06:00:01,22250.0,100.0,1404100.0
1300,2021-10-13 06:00:00,22250.0,100.0,1404000.0
1301,2021-10-13 06:00:00,22250.0,300.0,1403900.0
1302,2021-10-13 06:00:00,22250.0,100.0,1403600.0
1303,2021-10-13 06:00:00,22250.0,400.0,1403500.0
1304,2021-10-13 06:00:00,22250.0,100.0,1403100.0
1305,2021-10-13 06:00:00,22250.0,400.0,1403000.0
1306,2021-10-13 06:00:00,22250.0,100.0,1402600.0
1307,2021-10-13 06:00:00,22250.0,200.0,1402500.0
1308,2021-10-13 06:00:00,22250.0,100.0,1402300.0
1309,2021-10-13 06:00:00,22250.0,100.0,1402200.0
1310,2021-10-13 06:00:00,22250.0,400.0,1402100.0
1311,2021-10-13 04:29:55,22250.0,100.0,1401700.0
1312,2021-10-13 04:29:48,22250.0,100.0,1401600.0
1313,2021-10-13 04:29:47,22200.0,200.0,1401500.0
1314,2021-10-13 04:29:47,22200.0,1000.0,1401300.0
1315,2021-10-13 04:29:47,22200.0,500.0,1400300.0
1316,2021-10-13 04:29:47,22200.0,200.0,1399800.0
1317,2021-10-13 04:29:47,22200.0,500.0,1399600.0
1318,2021-10-13 04:29:47,22200.0,1000.0,1399100.0
1319,2021-10-13 04:29:47,22200.0,1000.0,1398100.0
1320,2021-10-13 04:29:47,22200.0,500.0,1397100.0
1321,2021-10-13 04:29:47,22200.0,1000.0,1396600.0
1322,2021-10-13 04:29:47,22200.0,500.0,1395600.0
1323,2021-10-13 04:29:47,22200.0,2000.0,1395100.0
1324,2021-10-13 04:29:47,22200.0,600.0,1393100.0
1325,2021-10-13 04:29:28,22250.0,200.0,1392500.0
1326,2021-10-13 04:29:28,22200.0,1400.0,1392300.0
1327,2021-10-13 04:29:28,22200.0,500.0,1390900.0
1328,2021-10-13 04:29:28,22200.0,500.0,1390400.0
1329,2021-10-13 04:29:28,22200.0,500.0,1389900.0
1330,2021-10-13 04:29:28,22200.0,100.0,1389400.0
1331,2021-10-13 04:29:28,22200.0,500.0,1389300.0
1332,2021-10-13 04:29:28,22200.0,100.0,1388800.0
1333,2021-10-13 04:29:28,22200.0,200.0,1388700.0
1334,2021-10-13 04:29:28,22200.0,100.0,1388500.0
1335,2021-10-13 04:29:28,22200.0,1100.0,1388400.0
1336,2021-10-13 04:29:17,22200.0,900.0,1387300.0
1337,2021-10-13 04:29:17,22200.0,200.0,1386400.0
1338,2021-10-13 04:29:17,22200.0,100.0,1386200.0
1339,2021-10-13 04:29:17,22200.0,1800.0,1386100.0
1340,2021-10-13 04:29:05,22250.0,400.0,1384300.0
1341,2021-10-13 04:28:49,22250.0,500.0,1383900.0
1342,2021-10-13 04:28:48,22250.0,500.0,1383400.0
1343,2021-10-13 04:28:36,22250.0,700.0,1382900.0
1344,2021-10-13 04:28:36,22250.0,300.0,1382200.0
1345,2021-10-13 04:28:26,22250.0,1000.0,1381900.0
1346,2021-10-13 04:28:11,22200.0,200.0,1380900.0
1347,2021-10-13 04:27:48,22250.0,100.0,1380700.0
1348,2021-10-13 04:27:37,22250.0,500.0,1380600.0
1349,2021-10-13 04:27:34,22250.0,800.0,1380100.0
1350,2021-10-13 04:27:29,22250.0,100.0,1379300.0
1351,2021-10-13 04:27:29,22250.0,500.0,1379200.0
1352,2021-10-13 04:27:29,22250.0,500.0,1378700.0
1353,2021-10-13 04:27:29,22250.0,200.0,1378200.0
1354,2021-10-13 04:27:20,22300.0,100.0,1378000.0
1355,2021-10-13 04:27:17,22300.0,900.0,1377900.0
1356,2021-10-13 04:27:16,22250.0,400.0,1377000.0
1357,2021-10-13 04:27:16,22250.0,100.0,1376600.0
1358,2021-10-13 04:26:28,22250.0,100.0,1376500.0
1359,2021-10-13 04:26:28,22250.0,100.0,1376400.0
1360,2021-10-13 04:26:18,22250.0,400.0,1376300.0
1361,2021-10-13 04:26:18,22250.0,100.0,1375900.0
1362,2021-10-13 04:26:11,22250.0,200.0,1375800.0
1363,2021-10-13 04:26:06,22250.0,500.0,1375600.0
1364,2021-10-13 04:26:01,22250.0,100.0,1375100.0
1365,2021-10-13 04:25:49,22250.0,200.0,1375000.0
1366,2021-10-13 04:25:49,22250.0,300.0,1374800.0
1367,2021-10-13 04:25:49,22250.0,200.0,1374500.0
1368,2021-10-13 04:25:41,22250.0,500.0,1374300.0
1369,2021-10-13 04:25:40,22300.0,100.0,1373800.0
1370,2021-10-13 04:25:29,22250.0,300.0,1373700.0
1371,2021-10-13 04:25:29,22250.0,100.0,1373400.0
1372,2021-10-13 04:25:29,22250.0,1000.0,1373300.0
1373,2021-10-13 04:25:29,22250.0,500.0,1372300.0
1374,2021-10-13 04:25:29,22250.0,200.0,1371800.0
1375,2021-10-13 04:25:29,22250.0,600.0,1371600.0
1376,2021-10-13 04:25:29,22250.0,300.0,1371000.0
1377,2021-10-13 04:24:55,22250.0,1000.0,1370700.0
1378,2021-10-13 04:24:46,22250.0,100.0,1369700.0
1379,2021-10-13 04:24:46,22250.0,600.0,1369600.0
1380,2021-10-13 04:24:17,22250.0,400.0,1369000.0
1381,2021-10-13 04:24:17,22250.0,500.0,1368600.0
1382,2021-10-13 04:24:05,22250.0,500.0,1368100.0
1383,2021-10-13 04:24:05,22250.0,200.0,1367600.0
1384,2021-10-13 04:24:05,22250.0,300.0,1367400.0
1385,2021-10-13 04:24:05,22250.0,700.0,1367100.0
1386,2021-10-13 04:24:05,22250.0,100.0,1366400.0
1387,2021-10-13 04:23:59,22300.0,300.0,1366300.0
1388,2021-10-13 04:23:45,22250.0,900.0,1366000.0
1389,2021-10-13 04:23:45,22250.0,400.0,1365100.0
1390,2021-10-13 04:23:38,22250.0,500.0,1364700.0
1391,2021-10-13 04:23:33,22250.0,100.0,1364200.0
1392,2021-10-13 04:23:33,22250.0,700.0,1364100.0
1393,2021-10-13 04:23:32,22300.0,2000.0,1363400.0
1394,2021-10-13 04:23:18,22250.0,1200.0,1361400.0
1395,2021-10-13 04:22:58,22250.0,500.0,1360200.0
1396,2021-10-13 04:22:58,22250.0,300.0,1359700.0
1397,2021-10-13 04:22:58,22250.0,300.0,1359400.0
1398,2021-10-13 04:22:57,22250.0,500.0,1359100.0
1399,2021-10-13 04:22:56,22250.0,200.0,1358600.0
1400,2021-10-13 04:22:56,22250.0,100.0,1358400.0
1401,2021-10-13 04:22:56,22250.0,100.0,1358300.0
1402,2021-10-13 04:22:56,22250.0,400.0,1358200.0
1403,2021-10-13 04:22:53,22250.0,500.0,1357800.0
1404,2021-10-13 04:22:53,22250.0,300.0,1357300.0
1405,2021-10-13 04:22:53,22250.0,100.0,1357000.0
1406,2021-10-13 04:22:53,22250.0,100.0,1356900.0
1407,2021-10-13 04:22:51,22250.0,800.0,1356800.0
1408,2021-10-13 04:22:50,22250.0,1000.0,1356000.0
1409,2021-10-13 04:22:44,22250.0,100.0,1355000.0
1410,2021-10-13 04:22:43,22250.0,600.0,1354900.0
1411,2021-10-13 04:22:33,22250.0,1000.0,1354300.0
1412,2021-10-13 04:22:24,22250.0,2000.0,1353300.0
1413,2021-10-13 04:22:20,22200.0,100.0,1351300.0
1414,2021-10-13 04:22:20,22200.0,200.0,1351200.0
1415,2021-10-13 04:22:20,22200.0,400.0,1351000.0
1416,2021-10-13 04:22:20,22200.0,100.0,1350600.0
1417,2021-10-13 04:22:20,22200.0,100.0,1350500.0
1418,2021-10-13 04:22:20,22200.0,100.0,1350400.0
1419,2021-10-13 04:22:00,22200.0,100.0,1350300.0
1420,2021-10-13 04:21:59,22200.0,300.0,1350200.0
1421,2021-10-13 04:21:59,22200.0,200.0,1349900.0
1422,2021-10-13 04:21:58,22200.0,800.0,1349700.0
1423,2021-10-13 04:21:58,22200.0,200.0,1348900.0
1424,2021-10-13 04:21:57,22200.0,100.0,1348700.0
1425,2021-10-13 04:21:56,22200.0,200.0,1348600.0
1426,2021-10-13 04:21:56,22200.0,100.0,1348400.0
1427,2021-10-13 04:21:56,22200.0,4200.0,1348300.0
1428,2021-10-13 04:21:55,22200.0,600.0,1344100.0
1429,2021-10-13 04:21:53,22200.0,200.0,1343500.0
1430,2021-10-13 04:21:53,22200.0,300.0,1343300.0
1431,2021-10-13 04:21:50,22200.0,500.0,1343000.0
1432,2021-10-13 04:21:49,22200.0,400.0,1342500.0
1433,2021-10-13 04:21:49,22200.0,1000.0,1342100.0
1434,2021-10-13 04:21:49,22200.0,100.0,1341100.0
1435,2021-10-13 04:21:48,22200.0,600.0,1341000.0
1436,2021-10-13 04:21:37,22200.0,100.0,1340400.0
1437,2021-10-13 04:21:27,22200.0,800.0,1340300.0
1438,2021-10-13 04:21:23,22150.0,1200.0,1339500.0
1439,2021-10-13 04:21:23,22150.0,2000.0,1338300.0
1440,2021-10-13 04:21:23,22150.0,200.0,1336300.0
1441,2021-10-13 04:21:23,22150.0,300.0,1336100.0
1442,2021-10-13 04:21:23,22150.0,100.0,1335800.0
1443,2021-10-13 04:21:23,22150.0,5000.0,1335700.0
1444,2021-10-13 04:21:23,22150.0,1000.0,1330700.0
1445,2021-10-13 04:21:23,22150.0,200.0,1329700.0
1446,2021-10-13 04:20:57,22150.0,800.0,1329500.0
1447,2021-10-13 04:20:57,22150.0,500.0,1328700.0
1448,2021-10-13 04:20:57,22150.0,1000.0,1328200.0
1449,2021-10-13 04:20:57,22150.0,700.0,1327200.0
1450,2021-10-13 04:20:55,22150.0,100.0,1326500.0
1451,2021-10-13 04:20:52,22150.0,200.0,1326400.0
1452,2021-10-13 04:20:52,22150.0,600.0,1326200.0
1453,2021-10-13 04:20:52,22150.0,200.0,1325600.0
1454,2021-10-13 04:20:35,22150.0,100.0,1325400.0
1455,2021-10-13 04:20:35,22150.0,1100.0,1325300.0
1456,2021-10-13 04:20:22,22150.0,7000.0,1324200.0
1457,2021-10-13 04:20:22,22150.0,500.0,1317200.0
1458,2021-10-13 04:20:21,22150.0,100.0,1316700.0
1459,2021-10-13 04:20:18,22150.0,200.0,1316600.0
1460,2021-10-13 04:20:12,22150.0,5000.0,1316400.0
1461,2021-10-13 04:20:12,22150.0,100.0,1311400.0
1462,2021-10-13 04:20:12,22150.0,1000.0,1311300.0
1463,2021-10-13 04:20:12,22150.0,2100.0,1310300.0
1464,2021-10-13 04:20:12,22150.0,2000.0,1308200.0
1465,2021-10-13 04:20:12,22150.0,700.0,1306200.0
1466,2021-10-13 04:20:12,22150.0,200.0,1305500.0
1467,2021-10-13 04:20:11,22150.0,100.0,1305300.0
1468,2021-10-13 04:20:09,22150.0,100.0,1305200.0
1469,2021-10-13 04:20:09,22150.0,1000.0,1305100.0
1470,2021-10-13 04:20:09,22150.0,2700.0,1304100.0
1471,2021-10-13 04:20:08,22150.0,400.0,1301400.0
1472,2021-10-13 04:20:03,22150.0,800.0,1301000.0
1473,2021-10-13 04:20:03,22150.0,1100.0,1300200.0
1474,2021-10-13 04:20:03,22150.0,100.0,1299100.0
1475,2021-10-13 04:20:01,22100.0,1200.0,1299000.0
1476,2021-10-13 04:19:59,22150.0,400.0,1297800.0
1477,2021-10-13 04:19:59,22150.0,600.0,1297400.0
1478,2021-10-13 04:19:58,22150.0,1400.0,1296800.0
1479,2021-10-13 04:19:58,22150.0,8600.0,1295400.0
1480,2021-10-13 04:19:58,22100.0,300.0,1286800.0
1481,2021-10-13 04:19:53,22150.0,500.0,1286500.0
1482,2021-10-13 04:19:48,22150.0,100.0,1286000.0
1483,2021-10-13 04:19:48,22150.0,100.0,1285900.0
1484,2021-10-13 04:19:47,22100.0,3000.0,1285800.0
1485,2021-10-13 04:19:46,22150.0,100.0,1282800.0
1486,2021-10-13 04:19:45,22150.0,500.0,1282700.0
1487,2021-10-13 04:19:39,22150.0,500.0,1282200.0
1488,2021-10-13 04:19:33,22100.0,5000.0,1281700.0
1489,2021-10-13 04:19:32,22100.0,500.0,1276700.0
1490,2021-10-13 04:19:30,22150.0,2000.0,1276200.0
1491,2021-10-13 04:19:28,22100.0,4600.0,1274200.0
1492,2021-10-13 04:19:25,22100.0,500.0,1269600.0
1493,2021-10-13 04:19:24,22150.0,100.0,1269100.0
1494,2021-10-13 04:19:20,22150.0,1000.0,1269000.0
1495,2021-10-13 04:19:15,22100.0,1500.0,1268000.0
1496,2021-10-13 04:19:11,22100.0,200.0,1266500.0
1497,2021-10-13 04:19:05,22100.0,300.0,1266300.0
1498,2021-10-13 04:18:58,22150.0,2400.0,1266000.0
1499,2021-10-13 04:18:57,22100.0,200.0,1263600.0
1500,2021-10-13 04:18:57,22100.0,300.0,1263400.0
1501,2021-10-13 04:18:54,22100.0,1000.0,1263100.0
1502,2021-10-13 04:18:51,22100.0,6000.0,1262100.0
1503,2021-10-13 04:18:46,22100.0,200.0,1256100.0
1504,2021-10-13 04:18:45,22150.0,1000.0,1255900.0
1505,2021-10-13 04:18:42,22100.0,500.0,1254900.0
1506,2021-10-13 04:18:40,22100.0,500.0,1254400.0
1507,2021-10-13 04:18:35,22100.0,1500.0,1253900.0
1508,2021-10-13 04:18:35,22100.0,1000.0,1252400.0
1509,2021-10-13 04:18:35,22100.0,2500.0,1251400.0
1510,2021-10-13 04:18:32,22100.0,2500.0,1248900.0
1511,2021-10-13 04:18:30,22100.0,200.0,1246400.0
1512,2021-10-13 04:18:18,22100.0,200.0,1246200.0
1513,2021-10-13 04:18:18,22100.0,300.0,1246000.0
1514,2021-10-13 04:18:18,22100.0,100.0,1245700.0
1515,2021-10-13 04:18:11,22100.0,100.0,1245600.0
1516,2021-10-13 04:18:11,22100.0,400.0,1245500.0
1517,2021-10-13 04:18:10,22150.0,100.0,1245100.0
1518,2021-10-13 04:18:09,22150.0,500.0,1245000.0
1519,2021-10-13 04:18:06,22100.0,200.0,1244500.0
1520,2021-10-13 04:17:52,22100.0,3200.0,1244300.0
1521,2021-10-13 04:17:51,22150.0,2200.0,1241100.0
1522,2021-10-13 04:17:47,22150.0,1500.0,1238900.0
1523,2021-10-13 04:17:42,22100.0,100.0,1237400.0
1524,2021-10-13 04:17:41,22150.0,500.0,1237300.0
1525,2021-10-13 04:17:41,22150.0,300.0,1236800.0
1526,2021-10-13 04:17:41,22150.0,300.0,1236500.0
1527,2021-10-13 04:17:33,22150.0,200.0,1236200.0
1528,2021-10-13 04:17:33,22150.0,500.0,1236000.0
1529,2021-10-13 04:17:33,22150.0,100.0,1235500.0
1530,2021-10-13 04:17:33,22150.0,1200.0,1235400.0
1531,2021-10-13 04:17:32,22100.0,2000.0,1234200.0
1532,2021-10-13 04:17:28,22150.0,100.0,1232200.0
1533,2021-10-13 04:17:22,22100.0,3000.0,1232100.0
1534,2021-10-13 04:17:17,22150.0,100.0,1229100.0
1535,2021-10-13 04:17:12,22150.0,100.0,1229000.0
1536,2021-10-13 04:17:09,22150.0,800.0,1228900.0
1537,2021-10-13 04:17:05,22150.0,2700.0,1228100.0
1538,2021-10-13 04:17:05,22150.0,300.0,1225400.0
1539,2021-10-13 04:17:05,22150.0,1000.0,1225100.0
1540,2021-10-13 04:17:04,22150.0,1000.0,1224100.0
1541,2021-10-13 04:17:03,22150.0,500.0,1223100.0
1542,2021-10-13 04:16:53,22150.0,1000.0,1222600.0
1543,2021-10-13 04:16:50,22150.0,200.0,1221600.0
1544,2021-10-13 04:16:47,22150.0,1200.0,1221400.0
1545,2021-10-13 04:16:46,22100.0,5200.0,1220200.0
1546,2021-10-13 04:16:46,22100.0,100.0,1215000.0
1547,2021-10-13 04:16:46,22100.0,1000.0,1214900.0
1548,2021-10-13 04:16:46,22100.0,600.0,1213900.0
1549,2021-10-13 04:16:46,22100.0,1000.0,1213300.0
1550,2021-10-13 04:16:46,22100.0,9000.0,1212300.0
1551,2021-10-13 04:16:46,22100.0,1000.0,1203300.0
1552,2021-10-13 04:16:46,22100.0,200.0,1202300.0
1553,2021-10-13 04:16:46,22100.0,900.0,1202100.0
1554,2021-10-13 04:16:46,22100.0,500.0,1201200.0
1555,2021-10-13 04:16:46,22100.0,500.0,1200700.0
1556,2021-10-13 04:16:45,22150.0,500.0,1200200.0
1557,2021-10-13 04:16:42,22150.0,1000.0,1199700.0
1558,2021-10-13 04:16:38,22150.0,500.0,1198700.0
1559,2021-10-13 04:16:38,22150.0,1000.0,1198200.0
1560,2021-10-13 04:16:23,22150.0,100.0,1197200.0
1561,2021-10-13 04:16:18,22150.0,1000.0,1197100.0
1562,2021-10-13 04:16:18,22150.0,300.0,1196100.0
1563,2021-10-13 04:16:18,22150.0,200.0,1195800.0
1564,2021-10-13 04:16:18,22150.0,200.0,1195600.0
1565,2021-10-13 04:16:18,22150.0,300.0,1195400.0
1566,2021-10-13 04:16:18,22150.0,200.0,1195100.0
1567,2021-10-13 04:16:18,22150.0,100.0,1194900.0
1568,2021-10-13 04:16:18,22150.0,300.0,1194800.0
1569,2021-10-13 04:16:18,22150.0,300.0,1194500.0
1570,2021-10-13 04:16:18,22150.0,3400.0,1194200.0
1571,2021-10-13 04:16:17,22150.0,3000.0,1190800.0
1572,2021-10-13 04:16:14,22150.0,13600.0,1187800.0
1573,2021-10-13 04:16:14,22150.0,2000.0,1174200.0
1574,2021-10-13 04:16:14,22150.0,1000.0,1172200.0
1575,2021-10-13 04:16:14,22150.0,500.0,1171200.0
1576,2021-10-13 04:16:14,22150.0,2000.0,1170700.0
1577,2021-10-13 04:16:14,22150.0,100.0,1168700.0
1578,2021-10-13 04:16:14,22150.0,800.0,1168600.0
1579,2021-10-13 04:16:08,22150.0,500.0,1167800.0
1580,2021-10-13 04:16:08,22150.0,200.0,1167300.0
1581,2021-10-13 04:16:08,22150.0,300.0,1167100.0
1582,2021-10-13 04:16:04,22150.0,200.0,1166800.0
1583,2021-10-13 04:16:04,22150.0,200.0,1166600.0
1584,2021-10-13 04:16:04,22150.0,1000.0,1166400.0
1585,2021-10-13 04:16:04,22150.0,100.0,1165400.0
1586,2021-10-13 04:16:04,22150.0,8500.0,1165300.0
1587,2021-10-13 04:16:00,22150.0,400.0,1156800.0
1588,2021-10-13 04:15:56,22150.0,1100.0,1156400.0
1589,2021-10-13 04:15:32,22200.0,100.0,1155300.0
1590,2021-10-13 04:15:28,22200.0,1000.0,1155200.0
1591,2021-10-13 04:15:25,22150.0,2000.0,1154200.0
1592,2021-10-13 04:15:18,22150.0,800.0,1152200.0
1593,2021-10-13 04:15:18,22150.0,200.0,1151400.0
1594,2021-10-13 04:15:15,22200.0,100.0,1151200.0
1595,2021-10-13 04:15:10,22200.0,100.0,1151100.0
1596,2021-10-13 04:15:10,22200.0,100.0,1151000.0
1597,2021-10-13 04:15:10,22200.0,300.0,1150900.0
1598,2021-10-13 04:15:10,22200.0,1100.0,1150600.0
1599,2021-10-13 04:15:03,22250.0,500.0,1149500.0
1600,2021-10-13 04:15:01,22200.0,3900.0,1149000.0
1601,2021-10-13 04:15:01,22200.0,5000.0,1145100.0
1602,2021-10-13 04:15:01,22200.0,500.0,1140100.0
1603,2021-10-13 04:15:01,22200.0,200.0,1139600.0
1604,2021-10-13 04:15:01,22200.0,100.0,1139400.0
1605,2021-10-13 04:15:01,22200.0,300.0,1139300.0
1606,2021-10-13 04:15:01,22200.0,100.0,1139000.0
1607,2021-10-13 04:15:01,22200.0,200.0,1138900.0
1608,2021-10-13 04:15:01,22200.0,100.0,1138700.0
1609,2021-10-13 04:15:01,22200.0,2000.0,1138600.0
1610,2021-10-13 04:15:01,22200.0,100.0,1136600.0
1611,2021-10-13 04:15:01,22200.0,600.0,1136500.0
1612,2021-10-13 04:15:01,22200.0,200.0,1135900.0
1613,2021-10-13 04:15:01,22200.0,600.0,1135700.0
1614,2021-10-13 04:15:01,22200.0,100.0,1135100.0
1615,2021-10-13 04:15:01,22200.0,200.0,1135000.0
1616,2021-10-13 04:15:01,22200.0,100.0,1134800.0
1617,2021-10-13 04:15:01,22200.0,100.0,1134700.0
1618,2021-10-13 04:15:01,22200.0,1000.0,1134600.0
1619,2021-10-13 04:15:01,22200.0,100.0,1133600.0
1620,2021-10-13 04:15:01,22200.0,300.0,1133500.0
1621,2021-10-13 04:15:01,22200.0,100.0,1133200.0
1622,2021-10-13 04:15:01,22200.0,200.0,1133100.0
1623,2021-10-13 04:15:01,22200.0,100.0,1132900.0
1624,2021-10-13 04:15:01,22200.0,200.0,1132800.0
1625,2021-10-13 04:15:01,22200.0,200.0,1132600.0
1626,2021-10-13 04:15:01,22200.0,500.0,1132400.0
1627,2021-10-13 04:15:01,22200.0,1000.0,1131900.0
1628,2021-10-13 04:15:01,22200.0,100.0,1130900.0
1629,2021-10-13 04:15:01,22200.0,200.0,1130800.0
1630,2021-10-13 04:15:01,22200.0,200.0,1130600.0
1631,2021-10-13 04:15:01,22200.0,500.0,1130400.0
1632,2021-10-13 04:15:01,22200.0,800.0,1129900.0
1633,2021-10-13 04:15:01,22200.0,500.0,1129100.0
1634,2021-10-13 04:15:01,22200.0,2000.0,1128600.0
1635,2021-10-13 04:15:01,22200.0,500.0,1126600.0
1636,2021-10-13 04:15:01,22200.0,500.0,1126100.0
1637,2021-10-13 04:15:01,22200.0,1000.0,1125600.0
1638,2021-10-13 04:15:01,22200.0,100.0,1124600.0
1639,2021-10-13 04:15:01,22200.0,700.0,1124500.0
1640,2021-10-13 04:15:01,22200.0,500.0,1123800.0
1641,2021-10-13 04:15:01,22200.0,200.0,1123300.0
1642,2021-10-13 04:15:01,22200.0,100.0,1123100.0
1643,2021-10-13 04:15:01,22200.0,200.0,1123000.0
1644,2021-10-13 04:15:01,22200.0,600.0,1122800.0
1645,2021-10-13 04:15:01,22200.0,100.0,1122200.0
1646,2021-10-13 04:15:01,22200.0,500.0,1122100.0
1647,2021-10-13 04:15:01,22200.0,200.0,1121600.0
1648,2021-10-13 04:15:01,22200.0,300.0,1121400.0
1649,2021-10-13 04:15:01,22200.0,1000.0,1121100.0
1650,2021-10-13 04:15:01,22200.0,500.0,1120100.0
1651,2021-10-13 04:15:01,22200.0,100.0,1119600.0
1652,2021-10-13 04:15:01,22200.0,200.0,1119500.0
1653,2021-10-13 04:15:01,22200.0,100.0,1119300.0
1654,2021-10-13 04:15:01,22200.0,1000.0,1119200.0
1655,2021-10-13 04:15:01,22200.0,300.0,1118200.0
1656,2021-10-13 04:15:01,22200.0,200.0,1117900.0
1657,2021-10-13 04:15:01,22200.0,100.0,1117700.0
1658,2021-10-13 04:15:01,22200.0,400.0,1117600.0
1659,2021-10-13 04:15:01,22200.0,100.0,1117200.0
1660,2021-10-13 04:15:01,22200.0,100.0,1117100.0
1661,2021-10-13 04:15:01,22200.0,100.0,1117000.0
1662,2021-10-13 04:15:01,22200.0,100.0,1116900.0
1663,2021-10-13 04:15:01,22200.0,200.0,1116800.0
1664,2021-10-13 04:15:01,22200.0,500.0,1116600.0
1665,2021-10-13 04:15:01,22200.0,1000.0,1116100.0
1666,2021-10-13 04:15:01,22200.0,100.0,1115100.0
1667,2021-10-13 04:15:01,22200.0,1000.0,1115000.0
1668,2021-10-13 04:15:01,22200.0,100.0,1114000.0
1669,2021-10-13 04:15:01,22200.0,1000.0,1113900.0
1670,2021-10-13 04:15:01,22200.0,10000.0,1112900.0
1671,2021-10-13 04:15:01,22200.0,300.0,1102900.0
1672,2021-10-13 04:15:01,22200.0,1600.0,1102600.0
1673,2021-10-13 04:15:01,22200.0,200.0,1101000.0
1674,2021-10-13 04:15:01,22200.0,100.0,1100800.0
1675,2021-10-13 04:15:01,22200.0,500.0,1100700.0
1676,2021-10-13 04:15:01,22200.0,100.0,1100200.0
1677,2021-10-13 04:15:01,22200.0,500.0,1100100.0
1678,2021-10-13 04:15:01,22200.0,500.0,1099600.0
1679,2021-10-13 04:15:01,22200.0,100.0,1099100.0
1680,2021-10-13 04:14:52,22250.0,100.0,1099000.0
1681,2021-10-13 04:14:49,22200.0,500.0,1098900.0
1682,2021-10-13 04:14:44,22250.0,200.0,1098400.0
1683,2021-10-13 04:14:40,22250.0,300.0,1098200.0
1684,2021-10-13 04:14:39,22250.0,400.0,1097900.0
1685,2021-10-13 04:14:39,22250.0,100.0,1097500.0
1686,2021-10-13 04:14:26,22250.0,900.0,1097400.0
1687,2021-10-13 04:14:26,22250.0,100.0,1096500.0
1688,2021-10-13 04:14:09,22250.0,500.0,1096400.0
1689,2021-10-13 04:14:09,22250.0,1500.0,1095900.0
1690,2021-10-13 04:14:02,22200.0,400.0,1094400.0
1691,2021-10-13 04:14:02,22200.0,100.0,1094000.0
1692,2021-10-13 04:13:33,22250.0,500.0,1093900.0
1693,2021-10-13 04:13:33,22250.0,100.0,1093400.0
1694,2021-10-13 04:12:55,22250.0,200.0,1093300.0
1695,2021-10-13 04:12:54,22200.0,9900.0,1093100.0
1696,2021-10-13 04:12:54,22200.0,100.0,1083200.0
1697,2021-10-13 04:12:54,22200.0,100.0,1083100.0
1698,2021-10-13 04:12:54,22200.0,100.0,1083000.0
1699,2021-10-13 04:12:54,22200.0,300.0,1082900.0
1700,2021-10-13 04:12:54,22200.0,1000.0,1082600.0
1701,2021-10-13 04:12:54,22200.0,9700.0,1081600.0
1702,2021-10-13 04:12:50,22200.0,300.0,1071900.0
1703,2021-10-13 04:12:50,22200.0,200.0,1071600.0
1704,2021-10-13 04:12:33,22250.0,100.0,1071400.0
1705,2021-10-13 04:12:28,22200.0,500.0,1071300.0
1706,2021-10-13 04:12:26,22250.0,100.0,1070800.0
1707,2021-10-13 04:12:24,22250.0,1500.0,1070700.0
1708,2021-10-13 04:12:24,22250.0,500.0,1069200.0
1709,2021-10-13 04:12:20,22250.0,200.0,1068700.0
1710,2021-10-13 04:12:06,22250.0,3000.0,1068500.0
1711,2021-10-13 04:12:02,22250.0,200.0,1065500.0
1712,2021-10-13 04:11:59,22250.0,100.0,1065300.0
1713,2021-10-13 04:11:57,22250.0,500.0,1065200.0
1714,2021-10-13 04:11:53,22250.0,1000.0,1064700.0
1715,2021-10-13 04:11:43,22250.0,100.0,1063700.0
1716,2021-10-13 04:11:43,22250.0,1000.0,1063600.0
1717,2021-10-13 04:11:34,22250.0,2300.0,1062600.0
1718,2021-10-13 04:11:34,22250.0,100.0,1060300.0
1719,2021-10-13 04:11:34,22250.0,200.0,1060200.0
1720,2021-10-13 04:11:34,22250.0,500.0,1060000.0
1721,2021-10-13 04:11:32,22250.0,300.0,1059500.0
1722,2021-10-13 04:11:32,22250.0,300.0,1059200.0
1723,2021-10-13 04:11:32,22250.0,200.0,1058900.0
1724,2021-10-13 04:11:32,22250.0,500.0,1058700.0
1725,2021-10-13 04:11:32,22250.0,200.0,1058200.0
1726,2021-10-13 04:11:32,22250.0,100.0,1058000.0
1727,2021-10-13 04:11:32,22250.0,1000.0,1057900.0
1728,2021-10-13 04:11:32,22250.0,100.0,1056900.0
1729,2021-10-13 04:11:32,22250.0,100.0,1056800.0
1730,2021-10-13 04:11:32,22250.0,300.0,1056700.0
1731,2021-10-13 04:11:32,22250.0,1000.0,1056400.0
1732,2021-10-13 04:11:32,22250.0,400.0,1055400.0
1733,2021-10-13 04:11:29,22250.0,100.0,1055000.0
1734,2021-10-13 04:11:29,22250.0,600.0,1054900.0
1735,2021-10-13 04:11:29,22250.0,300.0,1054300.0
1736,2021-10-13 04:11:23,22250.0,300.0,1054000.0
1737,2021-10-13 04:11:23,22250.0,600.0,1053700.0
1738,2021-10-13 04:11:23,22250.0,300.0,1053100.0
1739,2021-10-13 04:11:23,22250.0,1000.0,1052800.0
1740,2021-10-13 04:11:23,22250.0,2800.0,1051800.0
1741,2021-10-13 04:11:22,22250.0,500.0,1049000.0
1742,2021-10-13 04:11:18,22250.0,800.0,1048500.0
1743,2021-10-13 04:11:15,22250.0,2000.0,1047700.0
1744,2021-10-13 04:11:14,22250.0,3700.0,1045700.0
1745,2021-10-13 04:11:14,22250.0,200.0,1042000.0
1746,2021-10-13 04:11:14,22250.0,200.0,1041800.0
1747,2021-10-13 04:11:14,22250.0,100.0,1041600.0
1748,2021-10-13 04:11:11,22250.0,100.0,1041500.0
1749,2021-10-13 04:11:11,22250.0,100.0,1041400.0
1750,2021-10-13 04:11:02,22250.0,100.0,1041300.0
1751,2021-10-13 04:10:53,22250.0,300.0,1041200.0
1752,2021-10-13 04:10:53,22250.0,700.0,1040900.0
1753,2021-10-13 04:10:48,22250.0,1300.0,1040200.0
1754,2021-10-13 04:10:48,22250.0,100.0,1038900.0
1755,2021-10-13 04:10:48,22250.0,100.0,1038800.0
1756,2021-10-13 04:10:48,22300.0,1000.0,1038700.0
1757,2021-10-13 04:10:43,22300.0,200.0,1037700.0
1758,2021-10-13 04:10:26,22300.0,200.0,1037500.0
1759,2021-10-13 04:10:08,22300.0,100.0,1037300.0
1760,2021-10-13 04:09:52,22250.0,500.0,1037200.0
1761,2021-10-13 04:09:52,22250.0,100.0,1036700.0
1762,2021-10-13 04:09:52,22250.0,100.0,1036600.0
1763,2021-10-13 04:09:52,22250.0,1000.0,1036500.0
1764,2021-10-13 04:09:52,22250.0,500.0,1035500.0
1765,2021-10-13 04:09:52,22250.0,100.0,1035000.0
1766,2021-10-13 04:09:52,22250.0,100.0,1034900.0
1767,2021-10-13 04:09:52,22250.0,100.0,1034800.0
1768,2021-10-13 04:09:52,22250.0,100.0,1034700.0
1769,2021-10-13 04:09:52,22250.0,500.0,1034600.0
1770,2021-10-13 04:09:52,22250.0,2000.0,1034100.0
1771,2021-10-13 04:09:52,22250.0,500.0,1032100.0
1772,2021-10-13 04:09:52,22250.0,1000.0,1031600.0
1773,2021-10-13 04:09:52,22250.0,500.0,1030600.0
1774,2021-10-13 04:09:52,22250.0,2900.0,1030100.0
1775,2021-10-13 04:09:43,22300.0,900.0,1027200.0
1776,2021-10-13 04:09:28,22300.0,500.0,1026300.0
1777,2021-10-13 04:09:12,22300.0,100.0,1025800.0
1778,2021-10-13 04:09:07,22250.0,1500.0,1025700.0
1779,2021-10-13 04:09:07,22250.0,200.0,1024200.0
1780,2021-10-13 04:09:00,22300.0,1100.0,1024000.0
1781,2021-10-13 04:09:00,22300.0,200.0,1022900.0
1782,2021-10-13 04:09:00,22300.0,500.0,1022700.0
1783,2021-10-13 04:09:00,22300.0,1000.0,1022200.0
1784,2021-10-13 04:09:00,22300.0,1900.0,1021200.0
1785,2021-10-13 04:09:00,22300.0,1000.0,1019300.0
1786,2021-10-13 04:09:00,22300.0,1200.0,1018300.0
1787,2021-10-13 04:09:00,22300.0,500.0,1017100.0
1788,2021-10-13 04:09:00,22300.0,200.0,1016600.0
1789,2021-10-13 04:09:00,22300.0,500.0,1016400.0
1790,2021-10-13 04:09:00,22300.0,1000.0,1015900.0
1791,2021-10-13 04:09:00,22300.0,200.0,1014900.0
1792,2021-10-13 04:09:00,22300.0,200.0,1014700.0
1793,2021-10-13 04:09:00,22300.0,500.0,1014500.0
1794,2021-10-13 04:09:00,22300.0,800.0,1014000.0
1795,2021-10-13 04:08:50,22350.0,200.0,1013200.0
1796,2021-10-13 04:08:46,22300.0,200.0,1013000.0
1797,2021-10-13 04:08:46,22300.0,300.0,1012800.0
1798,2021-10-13 04:08:27,22350.0,500.0,1012500.0
1799,2021-10-13 04:08:02,22350.0,1000.0,1012000.0
1800,2021-10-13 04:07:54,22350.0,200.0,1011000.0
1801,2021-10-13 04:07:49,22300.0,100.0,1010800.0
1802,2021-10-13 04:07:43,22350.0,200.0,1010700.0
1803,2021-10-13 04:07:40,22350.0,100.0,1010500.0
1804,2021-10-13 04:07:16,22350.0,700.0,1010400.0
1805,2021-10-13 04:07:16,22350.0,1300.0,1009700.0
1806,2021-10-13 04:06:53,22350.0,500.0,1008400.0
1807,2021-10-13 04:06:24,22300.0,3700.0,1007900.0
1808,2021-10-13 04:06:18,22300.0,300.0,1004200.0
1809,2021-10-13 04:06:16,22300.0,400.0,1003900.0
1810,2021-10-13 04:06:14,22300.0,500.0,1003500.0
1811,2021-10-13 04:06:09,22300.0,2000.0,1003000.0
1812,2021-10-13 04:06:04,22300.0,100.0,1001000.0
1813,2021-10-13 04:06:04,22300.0,100.0,1000900.0
1814,2021-10-13 04:06:04,22300.0,500.0,1000800.0
1815,2021-10-13 04:06:04,22300.0,2000.0,1000300.0
1816,2021-10-13 04:06:04,22300.0,100.0,998300.0
1817,2021-10-13 04:06:04,22300.0,300.0,998200.0
1818,2021-10-13 04:05:36,22300.0,500.0,997900.0
1819,2021-10-13 04:05:36,22300.0,100.0,997400.0
1820,2021-10-13 04:05:36,22300.0,2400.0,997300.0
1821,2021-10-13 04:05:30,22300.0,100.0,994900.0
1822,2021-10-13 04:05:11,22300.0,500.0,994800.0
1823,2021-10-13 04:05:06,22250.0,1000.0,994300.0
1824,2021-10-13 04:05:01,22250.0,4300.0,993300.0
1825,2021-10-13 04:05:01,22250.0,200.0,989000.0
1826,2021-10-13 04:05:01,22250.0,100.0,988800.0
1827,2021-10-13 04:05:01,22250.0,100.0,988700.0
1828,2021-10-13 04:05:01,22250.0,100.0,988600.0
1829,2021-10-13 04:05:01,22250.0,200.0,988500.0
1830,2021-10-13 04:05:00,22250.0,800.0,988300.0
1831,2021-10-13 04:05:00,22250.0,1000.0,987500.0
1832,2021-10-13 04:05:00,22250.0,500.0,986500.0
1833,2021-10-13 04:05:00,22250.0,100.0,986000.0
1834,2021-10-13 04:05:00,22250.0,1000.0,985900.0
1835,2021-10-13 04:05:00,22250.0,1000.0,984900.0
1836,2021-10-13 04:05:00,22250.0,2000.0,983900.0
1837,2021-10-13 04:05:00,22250.0,1600.0,981900.0
1838,2021-10-13 04:04:51,22250.0,300.0,980300.0
1839,2021-10-13 04:04:27,22250.0,100.0,980000.0
1840,2021-10-13 04:04:27,22250.0,200.0,979900.0
1841,2021-10-13 04:04:27,22250.0,100.0,979700.0
1842,2021-10-13 04:04:27,22250.0,200.0,979600.0
1843,2021-10-13 04:04:27,22250.0,500.0,979400.0
1844,2021-10-13 04:04:27,22250.0,400.0,978900.0
1845,2021-10-13 04:04:22,22300.0,400.0,978500.0
1846,2021-10-13 04:04:19,22300.0,500.0,978100.0
1847,2021-10-13 04:04:15,22300.0,8600.0,977600.0
1848,2021-10-13 04:04:07,22300.0,100.0,969000.0
1849,2021-10-13 04:04:07,22300.0,100.0,968900.0
1850,2021-10-13 04:04:02,22300.0,100.0,968800.0
1851,2021-10-13 04:04:01,22250.0,100.0,968700.0
1852,2021-10-13 04:04:00,22300.0,200.0,968600.0
1853,2021-10-13 04:03:55,22300.0,1700.0,968400.0
1854,2021-10-13 04:03:55,22300.0,500.0,966700.0
1855,2021-10-13 04:03:55,22300.0,100.0,966200.0
1856,2021-10-13 04:03:55,22300.0,1000.0,966100.0
1857,2021-10-13 04:03:55,22300.0,400.0,965100.0
1858,2021-10-13 04:03:55,22300.0,100.0,964700.0
1859,2021-10-13 04:03:55,22300.0,400.0,964600.0
1860,2021-10-13 04:03:55,22300.0,100.0,964200.0
1861,2021-10-13 04:03:55,22300.0,100.0,964100.0
1862,2021-10-13 04:03:55,22300.0,100.0,964000.0
1863,2021-10-13 04:03:55,22300.0,600.0,963900.0
1864,2021-10-13 04:03:55,22300.0,500.0,963300.0
1865,2021-10-13 04:03:55,22300.0,100.0,962800.0
1866,2021-10-13 04:03:55,22300.0,100.0,962700.0
1867,2021-10-13 04:03:55,22300.0,500.0,962600.0
1868,2021-10-13 04:03:55,22300.0,300.0,962100.0
1869,2021-10-13 04:03:55,22300.0,600.0,961800.0
1870,2021-10-13 04:03:55,22300.0,500.0,961200.0
1871,2021-10-13 04:03:55,22300.0,100.0,960700.0
1872,2021-10-13 04:03:55,22300.0,100.0,960600.0
1873,2021-10-13 04:03:55,22300.0,100.0,960500.0
1874,2021-10-13 04:03:55,22300.0,100.0,960400.0
1875,2021-10-13 04:03:55,22300.0,200.0,960300.0
1876,2021-10-13 04:03:55,22300.0,100.0,960100.0
1877,2021-10-13 04:03:55,22300.0,500.0,960000.0
1878,2021-10-13 04:03:55,22300.0,100.0,959500.0
1879,2021-10-13 04:03:55,22300.0,100.0,959400.0
1880,2021-10-13 04:03:55,22300.0,500.0,959300.0
1881,2021-10-13 04:03:55,22300.0,300.0,958800.0
1882,2021-10-13 04:03:55,22300.0,3000.0,958500.0
1883,2021-10-13 04:03:55,22300.0,2100.0,955500.0
1884,2021-10-13 04:03:55,22300.0,600.0,953400.0
1885,2021-10-13 04:03:55,22300.0,4000.0,952800.0
1886,2021-10-13 04:03:55,22300.0,500.0,948800.0
1887,2021-10-13 04:03:55,22300.0,500.0,948300.0
1888,2021-10-13 04:03:55,22300.0,100.0,947800.0
1889,2021-10-13 04:03:55,22300.0,1000.0,947700.0
1890,2021-10-13 04:03:55,22300.0,100.0,946700.0
1891,2021-10-13 04:03:55,22300.0,200.0,946600.0
1892,2021-10-13 04:03:55,22300.0,200.0,946400.0
1893,2021-10-13 04:03:55,22300.0,200.0,946200.0
1894,2021-10-13 04:03:55,22300.0,200.0,946000.0
1895,2021-10-13 04:03:55,22300.0,3000.0,945800.0
1896,2021-10-13 04:03:55,22300.0,500.0,942800.0
1897,2021-10-13 04:03:55,22300.0,2000.0,942300.0
1898,2021-10-13 04:03:55,22300.0,100.0,940300.0
1899,2021-10-13 04:03:55,22300.0,100.0,940200.0
1900,2021-10-13 04:03:55,22300.0,300.0,940100.0
1901,2021-10-13 04:03:55,22300.0,900.0,939800.0
1902,2021-10-13 04:03:51,22300.0,500.0,938900.0
1903,2021-10-13 04:03:33,22300.0,600.0,938400.0
1904,2021-10-13 04:03:13,22300.0,600.0,937800.0
1905,2021-10-13 04:03:07,22350.0,100.0,937200.0
1906,2021-10-13 04:03:01,22300.0,400.0,937100.0
1907,2021-10-13 04:03:01,22300.0,100.0,936700.0
1908,2021-10-13 04:03:01,22300.0,500.0,936600.0
1909,2021-10-13 04:03:01,22300.0,500.0,936100.0
1910,2021-10-13 04:03:00,22350.0,3100.0,935600.0
1911,2021-10-13 04:03:00,22350.0,1000.0,932500.0
1912,2021-10-13 04:03:00,22350.0,1000.0,931500.0
1913,2021-10-13 04:03:00,22350.0,1000.0,930500.0
1914,2021-10-13 04:03:00,22350.0,100.0,929500.0
1915,2021-10-13 04:03:00,22350.0,100.0,929400.0
1916,2021-10-13 04:03:00,22350.0,2000.0,929300.0
1917,2021-10-13 04:03:00,22350.0,400.0,927300.0
1918,2021-10-13 04:03:00,22350.0,1300.0,926900.0
1919,2021-10-13 04:02:59,22300.0,1000.0,925600.0
1920,2021-10-13 04:02:39,22300.0,500.0,924600.0
1921,2021-10-13 04:02:39,22300.0,100.0,924100.0
1922,2021-10-13 04:02:39,22300.0,200.0,924000.0
1923,2021-10-13 04:02:39,22300.0,500.0,923800.0
1924,2021-10-13 04:02:39,22300.0,300.0,923300.0
1925,2021-10-13 04:02:39,22300.0,100.0,923000.0
1926,2021-10-13 04:02:39,22300.0,200.0,922900.0
1927,2021-10-13 04:02:39,22300.0,100.0,922700.0
1928,2021-10-13 04:02:33,22350.0,100.0,922600.0
1929,2021-10-13 04:02:20,22350.0,500.0,922500.0
1930,2021-10-13 04:02:19,22350.0,1000.0,922000.0
1931,2021-10-13 04:01:38,22300.0,400.0,921000.0
1932,2021-10-13 04:01:38,22300.0,100.0,920600.0
1933,2021-10-13 04:01:26,22300.0,200.0,920500.0
1934,2021-10-13 04:01:26,22300.0,200.0,920300.0
1935,2021-10-13 04:01:26,22300.0,600.0,920100.0
1936,2021-10-13 04:01:20,22300.0,300.0,919500.0
1937,2021-10-13 04:01:07,22300.0,100.0,919200.0
1938,2021-10-13 04:01:07,22300.0,100.0,919100.0
1939,2021-10-13 04:01:07,22300.0,500.0,919000.0
1940,2021-10-13 04:01:07,22300.0,500.0,918500.0
1941,2021-10-13 04:01:05,22300.0,500.0,918000.0
1942,2021-10-13 04:01:05,22300.0,500.0,917500.0
1943,2021-10-13 04:00:46,22300.0,1000.0,917000.0
1944,2021-10-13 04:00:45,22300.0,500.0,916000.0
1945,2021-10-13 04:00:45,22300.0,500.0,915500.0
1946,2021-10-13 04:00:34,22300.0,200.0,915000.0
1947,2021-10-13 04:00:34,22300.0,1300.0,914800.0
1948,2021-10-13 04:00:34,22300.0,100.0,913500.0
1949,2021-10-13 04:00:34,22300.0,100.0,913400.0
1950,2021-10-13 04:00:34,22300.0,200.0,913300.0
1951,2021-10-13 04:00:34,22300.0,300.0,913100.0
1952,2021-10-13 04:00:34,22300.0,100.0,912800.0
1953,2021-10-13 04:00:34,22300.0,100.0,912700.0
1954,2021-10-13 04:00:34,22300.0,500.0,912600.0
1955,2021-10-13 04:00:34,22300.0,1000.0,912100.0
1956,2021-10-13 04:00:34,22300.0,500.0,911100.0
1957,2021-10-13 04:00:34,22300.0,500.0,910600.0
1958,2021-10-13 04:00:34,22300.0,100.0,910100.0
1959,2021-10-13 04:00:34,22300.0,100.0,910000.0
1960,2021-10-13 04:00:34,22300.0,300.0,909900.0
1961,2021-10-13 04:00:34,22300.0,300.0,909600.0
1962,2021-10-13 04:00:34,22300.0,10000.0,909300.0
1963,2021-10-13 04:00:34,22300.0,100.0,899300.0
1964,2021-10-13 04:00:34,22300.0,500.0,899200.0
1965,2021-10-13 04:00:34,22300.0,2000.0,898700.0
1966,2021-10-13 04:00:34,22300.0,100.0,896700.0
1967,2021-10-13 04:00:34,22300.0,100.0,896600.0
1968,2021-10-13 04:00:34,22300.0,200.0,896500.0
1969,2021-10-13 04:00:34,22300.0,900.0,896300.0
1970,2021-10-13 04:00:34,22300.0,300.0,895400.0
1971,2021-10-13 04:00:34,22300.0,100.0,895100.0
1972,2021-10-13 04:00:34,22300.0,100.0,895000.0
1973,2021-10-13 04:00:34,22300.0,100.0,894900.0
1974,2021-10-13 04:00:34,22300.0,1000.0,894800.0
1975,2021-10-13 04:00:34,22300.0,200.0,893800.0
1976,2021-10-13 04:00:34,22300.0,500.0,893600.0
1977,2021-10-13 04:00:34,22300.0,1800.0,893100.0
1978,2021-10-13 04:00:33,22300.0,200.0,891300.0
1979,2021-10-13 04:00:25,22350.0,1000.0,891100.0
1980,2021-10-13 03:59:58,22350.0,6100.0,890100.0
1981,2021-10-13 03:59:58,22350.0,3900.0,884000.0
1982,2021-10-13 03:59:45,22350.0,1900.0,880100.0
1983,2021-10-13 03:59:45,22350.0,2000.0,878200.0
1984,2021-10-13 03:59:45,22350.0,2200.0,876200.0
1985,2021-10-13 03:59:42,22350.0,100.0,874000.0
1986,2021-10-13 03:59:18,22350.0,100.0,873900.0
1987,2021-10-13 03:59:18,22350.0,100.0,873800.0
1988,2021-10-13 03:59:11,22350.0,100.0,873700.0
1989,2021-10-13 03:59:11,22350.0,100.0,873600.0
1990,2021-10-13 03:59:11,22350.0,100.0,873500.0
1991,2021-10-13 03:59:11,22350.0,100.0,873400.0
1992,2021-10-13 03:59:11,22350.0,200.0,873300.0
1993,2021-10-13 03:59:11,22350.0,400.0,873100.0
1994,2021-10-13 03:59:00,22350.0,200.0,872700.0
1995,2021-10-13 03:58:49,22350.0,500.0,872500.0
1996,2021-10-13 03:58:49,22350.0,100.0,872000.0
1997,2021-10-13 03:58:49,22350.0,200.0,871900.0
1998,2021-10-13 03:58:49,22350.0,100.0,871700.0
1999,2021-10-13 03:58:49,22350.0,100.0,871600.0
2000,2021-10-13 03:58:41,22350.0,500.0,871500.0
2001,2021-10-13 03:58:41,22350.0,1700.0,871000.0
2002,2021-10-13 03:58:41,22350.0,500.0,869300.0
2003,2021-10-13 03:58:41,22350.0,100.0,868800.0
2004,2021-10-13 03:58:41,22350.0,200.0,868700.0
2005,2021-10-13 03:58:41,22350.0,100.0,868500.0
2006,2021-10-13 03:58:41,22350.0,100.0,868400.0
2007,2021-10-13 03:58:41,22350.0,1000.0,868300.0
2008,2021-10-13 03:58:41,22350.0,100.0,867300.0
2009,2021-10-13 03:58:41,22350.0,700.0,867200.0
2010,2021-10-13 03:58:41,22350.0,500.0,866500.0
2011,2021-10-13 03:58:40,22400.0,100.0,866000.0
2012,2021-10-13 03:58:21,22350.0,100.0,865900.0
2013,2021-10-13 03:58:21,22350.0,100.0,865800.0
2014,2021-10-13 03:58:21,22350.0,500.0,865700.0
2015,2021-10-13 03:58:21,22350.0,800.0,865200.0
2016,2021-10-13 03:58:21,22350.0,400.0,864400.0
2017,2021-10-13 03:58:21,22350.0,1000.0,864000.0
2018,2021-10-13 03:58:21,22350.0,2000.0,863000.0
2019,2021-10-13 03:58:21,22350.0,1000.0,861000.0
2020,2021-10-13 03:58:21,22350.0,700.0,860000.0
2021,2021-10-13 03:58:21,22350.0,1200.0,859300.0
2022,2021-10-13 03:58:21,22350.0,1000.0,858100.0
2023,2021-10-13 03:58:21,22350.0,100.0,857100.0
2024,2021-10-13 03:58:21,22350.0,200.0,857000.0
2025,2021-10-13 03:58:21,22350.0,400.0,856800.0
2026,2021-10-13 03:58:21,22350.0,500.0,856400.0
2027,2021-10-13 03:58:07,22400.0,200.0,855900.0
2028,2021-10-13 03:57:57,22350.0,100.0,855700.0
2029,2021-10-13 03:57:57,22350.0,100.0,855600.0
2030,2021-10-13 03:57:57,22350.0,500.0,855500.0
2031,2021-10-13 03:57:52,22400.0,100.0,855000.0
2032,2021-10-13 03:57:51,22350.0,200.0,854900.0
2033,2021-10-13 03:57:51,22350.0,200.0,854700.0
2034,2021-10-13 03:57:51,22350.0,1000.0,854500.0
2035,2021-10-13 03:57:51,22350.0,1500.0,853500.0
2036,2021-10-13 03:57:51,22350.0,3000.0,852000.0
2037,2021-10-13 03:57:51,22350.0,100.0,849000.0
2038,2021-10-13 03:57:51,22350.0,500.0,848900.0
2039,2021-10-13 03:57:51,22350.0,500.0,848400.0
2040,2021-10-13 03:57:51,22350.0,100.0,847900.0
2041,2021-10-13 03:57:51,22350.0,10000.0,847800.0
2042,2021-10-13 03:57:51,22350.0,300.0,837800.0
2043,2021-10-13 03:57:51,22350.0,2000.0,837500.0
2044,2021-10-13 03:57:51,22350.0,100.0,835500.0
2045,2021-10-13 03:57:51,22350.0,100.0,835400.0
2046,2021-10-13 03:57:51,22350.0,100.0,835300.0
2047,2021-10-13 03:57:51,22350.0,100.0,835200.0
2048,2021-10-13 03:57:51,22350.0,200.0,835100.0
2049,2021-10-13 03:57:50,22400.0,300.0,834900.0
2050,2021-10-13 03:57:49,22400.0,3000.0,834600.0
2051,2021-10-13 03:57:34,22400.0,200.0,831600.0
2052,2021-10-13 03:57:29,22400.0,1000.0,831400.0
2053,2021-10-13 03:57:22,22400.0,100.0,830400.0
2054,2021-10-13 03:57:05,22400.0,500.0,830300.0
