,Time,Price,Volume_per_trade,Volume
0,2021-09-30 14:45:00,21350.0,100.0,1466900.0
1,2021-09-30 14:45:00,21350.0,100.0,1466800.0
2,2021-09-30 14:45:00,21350.0,200.0,1466700.0
3,2021-09-30 14:45:00,21350.0,200.0,1466500.0
4,2021-09-30 14:45:00,21350.0,100.0,1466300.0
5,2021-09-30 14:45:00,21350.0,300.0,1466200.0
6,2021-09-30 14:45:00,21350.0,100.0,1465900.0
7,2021-09-30 14:45:00,21350.0,500.0,1465800.0
8,2021-09-30 14:45:00,21350.0,100.0,1465300.0
9,2021-09-30 14:45:00,21350.0,500.0,1465200.0
10,2021-09-30 14:45:00,21350.0,600.0,1464700.0
11,2021-09-30 14:45:00,21350.0,500.0,1464100.0
12,2021-09-30 14:45:00,21350.0,100.0,1463600.0
13,2021-09-30 14:45:00,21350.0,400.0,1463500.0
14,2021-09-30 14:45:00,21350.0,800.0,1463100.0
15,2021-09-30 14:45:00,21350.0,500.0,1462300.0
16,2021-09-30 14:45:00,21350.0,1000.0,1461800.0
17,2021-09-30 14:45:00,21350.0,100.0,1460800.0
18,2021-09-30 14:45:00,21350.0,100.0,1460700.0
19,2021-09-30 14:45:00,21350.0,2000.0,1460600.0
20,2021-09-30 14:45:00,21350.0,500.0,1458600.0
21,2021-09-30 14:45:00,21350.0,1000.0,1458100.0
22,2021-09-30 14:45:00,21350.0,1800.0,1457100.0
23,2021-09-30 14:45:00,21350.0,200.0,1455300.0
24,2021-09-30 14:45:00,21350.0,500.0,1455100.0
25,2021-09-30 14:45:00,21350.0,1000.0,1454600.0
26,2021-09-30 14:45:00,21350.0,1100.0,1453600.0
27,2021-09-30 14:45:00,21350.0,5000.0,1452500.0
28,2021-09-30 14:45:00,21350.0,1200.0,1447500.0
29,2021-09-30 14:45:00,21350.0,100.0,1446300.0
30,2021-09-30 14:45:00,21350.0,5100.0,1446200.0
31,2021-09-30 14:45:00,21350.0,4900.0,1441100.0
32,2021-09-30 14:45:00,21350.0,100.0,1436200.0
33,2021-09-30 14:45:00,21350.0,100.0,1436100.0
34,2021-09-30 14:45:00,21350.0,100.0,1436000.0
35,2021-09-30 14:45:00,21350.0,900.0,1435900.0
36,2021-09-30 14:45:00,21350.0,100.0,1435000.0
37,2021-09-30 14:45:00,21350.0,800.0,1434900.0
38,2021-09-30 14:45:00,21350.0,200.0,1434100.0
39,2021-09-30 14:45:00,21350.0,100.0,1433900.0
40,2021-09-30 14:45:00,21350.0,1000.0,1433800.0
41,2021-09-30 14:45:00,21350.0,1000.0,1432800.0
42,2021-09-30 14:45:00,21350.0,100.0,1431800.0
43,2021-09-30 14:45:00,21350.0,500.0,1431700.0
44,2021-09-30 14:45:00,21350.0,600.0,1431200.0
45,2021-09-30 14:45:00,21350.0,300.0,1430600.0
46,2021-09-30 14:45:00,21350.0,2000.0,1430300.0
47,2021-09-30 14:45:00,21350.0,1800.0,1428300.0
48,2021-09-30 14:45:00,21350.0,1100.0,1426500.0
49,2021-09-30 14:45:00,21350.0,200.0,1425400.0
50,2021-09-30 14:45:00,21350.0,100.0,1425200.0
51,2021-09-30 14:30:00,21350.0,200.0,1425100.0
52,2021-09-30 14:30:00,21350.0,2300.0,1424900.0
53,2021-09-30 14:29:55,21350.0,500.0,1422600.0
54,2021-09-30 14:29:52,21350.0,400.0,1422100.0
55,2021-09-30 14:29:43,21350.0,3000.0,1421700.0
56,2021-09-30 14:29:42,21350.0,500.0,1418700.0
57,2021-09-30 14:29:40,21300.0,200.0,1418200.0
58,2021-09-30 14:29:40,21300.0,200.0,1418000.0
59,2021-09-30 14:29:40,21300.0,300.0,1417800.0
60,2021-09-30 14:29:40,21300.0,400.0,1417500.0
61,2021-09-30 14:29:40,21300.0,900.0,1417100.0
62,2021-09-30 14:29:40,21350.0,100.0,1416200.0
63,2021-09-30 14:29:32,21300.0,100.0,1416100.0
64,2021-09-30 14:29:32,21300.0,100.0,1416000.0
65,2021-09-30 14:29:28,21350.0,1000.0,1415900.0
66,2021-09-30 14:29:23,21350.0,500.0,1414900.0
67,2021-09-30 14:29:20,21350.0,500.0,1414400.0
68,2021-09-30 14:29:11,21350.0,2000.0,1413900.0
69,2021-09-30 14:29:10,21300.0,900.0,1411900.0
70,2021-09-30 14:29:10,21300.0,1000.0,1411000.0
71,2021-09-30 14:29:10,21300.0,1000.0,1410000.0
72,2021-09-30 14:29:10,21300.0,100.0,1409000.0
73,2021-09-30 14:29:10,21350.0,3200.0,1408900.0
74,2021-09-30 14:29:10,21350.0,1800.0,1405700.0
75,2021-09-30 14:29:05,21350.0,1000.0,1403900.0
76,2021-09-30 14:28:57,21350.0,1000.0,1402900.0
77,2021-09-30 14:28:52,21350.0,200.0,1401900.0
78,2021-09-30 14:28:34,21350.0,100.0,1401700.0
79,2021-09-30 14:28:33,21350.0,1000.0,1401600.0
80,2021-09-30 14:28:29,21350.0,300.0,1400600.0
81,2021-09-30 14:28:19,21350.0,800.0,1400300.0
82,2021-09-30 14:28:00,21350.0,200.0,1399500.0
83,2021-09-30 14:28:00,21350.0,100.0,1399300.0
84,2021-09-30 14:27:38,21350.0,900.0,1399200.0
85,2021-09-30 14:27:38,21350.0,1100.0,1398300.0
86,2021-09-30 14:27:35,21350.0,800.0,1397200.0
87,2021-09-30 14:27:35,21350.0,2500.0,1396400.0
88,2021-09-30 14:27:16,21350.0,500.0,1393900.0
89,2021-09-30 14:27:15,21350.0,27000.0,1393400.0
90,2021-09-30 14:27:10,21400.0,1700.0,1366400.0
91,2021-09-30 14:27:10,21400.0,300.0,1364700.0
92,2021-09-30 14:27:09,21350.0,3000.0,1364400.0
93,2021-09-30 14:26:34,21400.0,300.0,1361400.0
94,2021-09-30 14:26:25,21300.0,7900.0,1361100.0
95,2021-09-30 14:26:25,21350.0,200.0,1353200.0
96,2021-09-30 14:26:25,21350.0,100.0,1353000.0
97,2021-09-30 14:26:25,21350.0,1000.0,1352900.0
98,2021-09-30 14:26:25,21350.0,100.0,1351900.0
99,2021-09-30 14:26:25,21350.0,500.0,1351800.0
100,2021-09-30 14:26:25,21350.0,2000.0,1351300.0
101,2021-09-30 14:26:25,21350.0,200.0,1349300.0
102,2021-09-30 14:26:25,21350.0,100.0,1349100.0
103,2021-09-30 14:26:25,21350.0,1500.0,1349000.0
104,2021-09-30 14:26:25,21350.0,100.0,1347500.0
105,2021-09-30 14:26:25,21350.0,1000.0,1347400.0
106,2021-09-30 14:26:25,21350.0,2000.0,1346400.0
107,2021-09-30 14:26:25,21350.0,300.0,1344400.0
108,2021-09-30 14:26:25,21350.0,1000.0,1344100.0
109,2021-09-30 14:26:25,21350.0,100.0,1343100.0
110,2021-09-30 14:26:25,21350.0,500.0,1343000.0
111,2021-09-30 14:26:25,21350.0,300.0,1342500.0
112,2021-09-30 14:26:25,21350.0,100.0,1342200.0
113,2021-09-30 14:26:25,21350.0,300.0,1342100.0
114,2021-09-30 14:26:25,21350.0,300.0,1341800.0
115,2021-09-30 14:26:25,21350.0,200.0,1341500.0
116,2021-09-30 14:26:25,21350.0,1000.0,1341300.0
117,2021-09-30 14:26:25,21350.0,500.0,1340300.0
118,2021-09-30 14:26:25,21350.0,500.0,1339800.0
119,2021-09-30 14:26:25,21400.0,200.0,1339300.0
120,2021-09-30 14:26:25,21400.0,800.0,1339100.0
121,2021-09-30 14:26:25,21400.0,200.0,1338300.0
122,2021-09-30 14:26:25,21400.0,5000.0,1338100.0
123,2021-09-30 14:26:25,21400.0,1800.0,1333100.0
124,2021-09-30 14:26:25,21400.0,3000.0,1331300.0
125,2021-09-30 14:26:25,21400.0,1000.0,1328300.0
126,2021-09-30 14:26:25,21400.0,5000.0,1327300.0
127,2021-09-30 14:26:25,21400.0,1000.0,1322300.0
128,2021-09-30 14:26:25,21400.0,300.0,1321300.0
129,2021-09-30 14:26:25,21400.0,1000.0,1321000.0
130,2021-09-30 14:26:25,21400.0,100.0,1320000.0
131,2021-09-30 14:26:25,21400.0,5000.0,1319900.0
132,2021-09-30 14:26:25,21400.0,600.0,1314900.0
133,2021-09-30 14:26:25,21400.0,1000.0,1314300.0
134,2021-09-30 14:26:25,21400.0,1000.0,1313300.0
135,2021-09-30 14:26:25,21400.0,100.0,1312300.0
136,2021-09-30 14:26:25,21400.0,100.0,1312200.0
137,2021-09-30 14:26:25,21400.0,100.0,1312100.0
138,2021-09-30 14:26:25,21400.0,100.0,1312000.0
139,2021-09-30 14:26:25,21400.0,200.0,1311900.0
140,2021-09-30 14:26:25,21400.0,5000.0,1311700.0
141,2021-09-30 14:26:25,21400.0,100.0,1306700.0
142,2021-09-30 14:26:25,21400.0,2000.0,1306600.0
143,2021-09-30 14:26:25,21400.0,500.0,1304600.0
144,2021-09-30 14:26:25,21400.0,1000.0,1304100.0
145,2021-09-30 14:26:25,21400.0,1700.0,1303100.0
146,2021-09-30 14:26:25,21400.0,100.0,1301400.0
147,2021-09-30 14:26:25,21400.0,100.0,1301300.0
148,2021-09-30 14:26:25,21400.0,100.0,1301200.0
149,2021-09-30 14:26:25,21400.0,100.0,1301100.0
150,2021-09-30 14:26:25,21400.0,100.0,1301000.0
151,2021-09-30 14:26:25,21400.0,1000.0,1300900.0
152,2021-09-30 14:26:25,21400.0,100.0,1299900.0
153,2021-09-30 14:26:25,21400.0,100.0,1299800.0
154,2021-09-30 14:26:25,21400.0,1000.0,1299700.0
155,2021-09-30 14:26:25,21400.0,200.0,1298700.0
156,2021-09-30 14:26:25,21400.0,100.0,1298500.0
157,2021-09-30 14:26:25,21400.0,500.0,1298400.0
158,2021-09-30 14:26:25,21400.0,3000.0,1297900.0
159,2021-09-30 14:26:25,21400.0,500.0,1294900.0
160,2021-09-30 14:26:25,21400.0,100.0,1294400.0
161,2021-09-30 14:26:25,21400.0,3000.0,1294300.0
162,2021-09-30 14:26:24,21400.0,200.0,1291300.0
163,2021-09-30 14:26:21,21400.0,1000.0,1291100.0
164,2021-09-30 14:26:06,21400.0,12000.0,1290100.0
165,2021-09-30 14:25:52,21400.0,300.0,1278100.0
166,2021-09-30 14:25:49,21450.0,500.0,1277800.0
167,2021-09-30 14:25:47,21450.0,200.0,1277300.0
168,2021-09-30 14:25:17,21450.0,100.0,1277100.0
169,2021-09-30 14:25:17,21450.0,400.0,1277000.0
170,2021-09-30 14:25:13,21400.0,500.0,1276600.0
171,2021-09-30 14:25:13,21400.0,200.0,1276100.0
172,2021-09-30 14:25:13,21400.0,300.0,1275900.0
173,2021-09-30 14:25:13,21400.0,700.0,1275600.0
174,2021-09-30 14:25:13,21400.0,200.0,1274900.0
175,2021-09-30 14:25:13,21400.0,5000.0,1274700.0
176,2021-09-30 14:25:13,21400.0,200.0,1269700.0
177,2021-09-30 14:25:13,21400.0,1000.0,1269500.0
178,2021-09-30 14:25:13,21400.0,100.0,1268500.0
179,2021-09-30 14:25:13,21400.0,900.0,1268400.0
180,2021-09-30 14:25:13,21400.0,100.0,1267500.0
181,2021-09-30 14:25:13,21400.0,1000.0,1267400.0
182,2021-09-30 14:25:13,21400.0,500.0,1266400.0
183,2021-09-30 14:25:13,21400.0,100.0,1265900.0
184,2021-09-30 14:25:13,21400.0,100.0,1265800.0
185,2021-09-30 14:25:13,21400.0,500.0,1265700.0
186,2021-09-30 14:25:13,21400.0,2800.0,1265200.0
187,2021-09-30 14:25:03,21400.0,400.0,1262400.0
188,2021-09-30 14:24:48,21400.0,200.0,1262000.0
189,2021-09-30 14:24:47,21400.0,2000.0,1261800.0
190,2021-09-30 14:24:30,21400.0,200.0,1259800.0
191,2021-09-30 14:24:28,21400.0,1000.0,1259600.0
192,2021-09-30 14:24:01,21400.0,500.0,1258600.0
193,2021-09-30 14:24:01,21400.0,1000.0,1258100.0
194,2021-09-30 14:23:28,21400.0,1000.0,1257100.0
195,2021-09-30 14:23:12,21400.0,200.0,1256100.0
196,2021-09-30 14:22:35,21450.0,100.0,1255900.0
197,2021-09-30 14:21:37,21400.0,200.0,1255800.0
198,2021-09-30 14:21:32,21400.0,200.0,1255600.0
199,2021-09-30 14:20:58,21400.0,1000.0,1255400.0
200,2021-09-30 14:20:14,21400.0,100.0,1254400.0
201,2021-09-30 14:20:05,21400.0,700.0,1254300.0
202,2021-09-30 14:20:01,21400.0,200.0,1253600.0
203,2021-09-30 14:19:52,21450.0,100.0,1253400.0
204,2021-09-30 14:19:45,21450.0,100.0,1253300.0
205,2021-09-30 14:19:41,21450.0,500.0,1253200.0
206,2021-09-30 14:19:41,21450.0,500.0,1252700.0
207,2021-09-30 14:19:40,21400.0,300.0,1252200.0
208,2021-09-30 14:19:40,21400.0,1000.0,1251900.0
209,2021-09-30 14:19:40,21400.0,100.0,1250900.0
210,2021-09-30 14:19:40,21400.0,200.0,1250800.0
211,2021-09-30 14:19:40,21400.0,300.0,1250600.0
212,2021-09-30 14:19:40,21400.0,200.0,1250300.0
213,2021-09-30 14:19:40,21400.0,100.0,1250100.0
214,2021-09-30 14:19:40,21400.0,100.0,1250000.0
215,2021-09-30 14:19:40,21400.0,2700.0,1249900.0
216,2021-09-30 14:19:16,21450.0,400.0,1247200.0
217,2021-09-30 14:19:10,21450.0,100.0,1246800.0
218,2021-09-30 14:18:26,21400.0,200.0,1246700.0
219,2021-09-30 14:18:23,21400.0,800.0,1246500.0
220,2021-09-30 14:18:07,21450.0,100.0,1245700.0
221,2021-09-30 14:17:58,21450.0,100.0,1245600.0
222,2021-09-30 14:17:55,21450.0,100.0,1245500.0
223,2021-09-30 14:17:49,21450.0,700.0,1245400.0
224,2021-09-30 14:17:49,21450.0,1300.0,1244700.0
225,2021-09-30 14:17:40,21450.0,100.0,1243400.0
226,2021-09-30 14:17:26,21400.0,300.0,1243300.0
227,2021-09-30 14:16:52,21400.0,500.0,1243000.0
228,2021-09-30 14:16:49,21400.0,200.0,1242500.0
229,2021-09-30 14:16:20,21400.0,300.0,1242300.0
230,2021-09-30 14:16:20,21400.0,200.0,1242000.0
231,2021-09-30 14:15:13,21400.0,200.0,1241800.0
232,2021-09-30 14:14:11,21400.0,100.0,1241600.0
233,2021-09-30 14:14:06,21400.0,500.0,1241500.0
234,2021-09-30 14:14:06,21400.0,100.0,1241000.0
235,2021-09-30 14:14:06,21400.0,200.0,1240900.0
236,2021-09-30 14:14:06,21400.0,1200.0,1240700.0
237,2021-09-30 14:14:00,21500.0,100.0,1239500.0
238,2021-09-30 14:13:37,21400.0,200.0,1239400.0
239,2021-09-30 14:13:36,21500.0,200.0,1239200.0
240,2021-09-30 14:13:36,21500.0,1000.0,1239000.0
241,2021-09-30 14:13:36,21500.0,100.0,1238000.0
242,2021-09-30 14:13:36,21500.0,100.0,1237900.0
243,2021-09-30 14:13:36,21500.0,2400.0,1237800.0
244,2021-09-30 14:13:36,21450.0,300.0,1235400.0
245,2021-09-30 14:13:36,21450.0,2000.0,1235100.0
246,2021-09-30 14:13:36,21450.0,1600.0,1233100.0
247,2021-09-30 14:13:10,21450.0,100.0,1231500.0
248,2021-09-30 14:12:46,21400.0,1000.0,1231400.0
249,2021-09-30 14:12:32,21450.0,100.0,1230400.0
250,2021-09-30 14:12:25,21450.0,200.0,1230300.0
251,2021-09-30 14:12:15,21450.0,4900.0,1230100.0
252,2021-09-30 14:12:02,21400.0,300.0,1225200.0
253,2021-09-30 14:12:02,21450.0,100.0,1224900.0
254,2021-09-30 14:11:52,21450.0,1500.0,1224800.0
255,2021-09-30 14:11:42,21450.0,200.0,1223300.0
256,2021-09-30 14:11:39,21450.0,1000.0,1223100.0
257,2021-09-30 14:11:33,21450.0,5000.0,1222100.0
258,2021-09-30 14:11:30,21450.0,500.0,1217100.0
259,2021-09-30 14:11:26,21450.0,400.0,1216600.0
260,2021-09-30 14:10:53,21400.0,1000.0,1216200.0
261,2021-09-30 14:10:42,21450.0,100.0,1215200.0
262,2021-09-30 14:10:37,21450.0,100.0,1215100.0
263,2021-09-30 14:10:26,21400.0,200.0,1215000.0
264,2021-09-30 14:10:11,21450.0,600.0,1214800.0
265,2021-09-30 14:09:31,21450.0,5000.0,1214200.0
266,2021-09-30 14:09:06,21400.0,100.0,1209200.0
267,2021-09-30 14:09:06,21400.0,1000.0,1209100.0
268,2021-09-30 14:09:06,21400.0,100.0,1208100.0
269,2021-09-30 14:09:06,21400.0,500.0,1208000.0
270,2021-09-30 14:09:06,21400.0,300.0,1207500.0
271,2021-09-30 14:08:50,21400.0,200.0,1207200.0
272,2021-09-30 14:08:48,21450.0,5000.0,1207000.0
273,2021-09-30 14:08:48,21450.0,100.0,1202000.0
274,2021-09-30 14:08:48,21450.0,3000.0,1201900.0
275,2021-09-30 14:08:48,21450.0,100.0,1198900.0
276,2021-09-30 14:08:48,21450.0,200.0,1198800.0
277,2021-09-30 14:08:48,21450.0,4000.0,1198600.0
278,2021-09-30 14:08:48,21450.0,1200.0,1194600.0
279,2021-09-30 14:08:48,21450.0,2300.0,1193400.0
280,2021-09-30 14:08:48,21450.0,3000.0,1191100.0
281,2021-09-30 14:08:48,21450.0,100.0,1188100.0
282,2021-09-30 14:08:48,21450.0,1000.0,1188000.0
283,2021-09-30 14:08:48,21450.0,100.0,1187000.0
284,2021-09-30 14:08:48,21450.0,100.0,1186900.0
285,2021-09-30 14:08:48,21450.0,100.0,1186800.0
286,2021-09-30 14:08:48,21450.0,200.0,1186700.0
287,2021-09-30 14:08:48,21450.0,1000.0,1186500.0
288,2021-09-30 14:08:48,21450.0,500.0,1185500.0
289,2021-09-30 14:08:48,21450.0,500.0,1185000.0
290,2021-09-30 14:08:48,21450.0,1000.0,1184500.0
291,2021-09-30 14:08:48,21450.0,1000.0,1183500.0
292,2021-09-30 14:08:48,21450.0,200.0,1182500.0
293,2021-09-30 14:08:48,21450.0,1000.0,1182300.0
294,2021-09-30 14:08:48,21450.0,300.0,1181300.0
295,2021-09-30 14:08:48,21450.0,100.0,1181000.0
296,2021-09-30 14:08:48,21450.0,1000.0,1180900.0
297,2021-09-30 14:08:48,21450.0,5000.0,1179900.0
298,2021-09-30 14:08:48,21450.0,1000.0,1174900.0
299,2021-09-30 14:08:48,21450.0,1100.0,1173900.0
300,2021-09-30 14:08:48,21450.0,100.0,1172800.0
301,2021-09-30 14:08:48,21450.0,100.0,1172700.0
302,2021-09-30 14:08:48,21450.0,1500.0,1172600.0
303,2021-09-30 14:08:48,21450.0,100.0,1171100.0
304,2021-09-30 14:08:48,21450.0,100.0,1171000.0
305,2021-09-30 14:08:48,21450.0,100.0,1170900.0
306,2021-09-30 14:08:48,21450.0,1000.0,1170800.0
307,2021-09-30 14:08:48,21450.0,100.0,1169800.0
308,2021-09-30 14:08:48,21450.0,500.0,1169700.0
309,2021-09-30 14:08:48,21450.0,300.0,1169200.0
310,2021-09-30 14:08:48,21500.0,100.0,1168900.0
311,2021-09-30 14:08:48,21500.0,2000.0,1168800.0
312,2021-09-30 14:08:48,21500.0,4000.0,1166800.0
313,2021-09-30 14:08:48,21500.0,100.0,1162800.0
314,2021-09-30 14:08:48,21500.0,1300.0,1162700.0
315,2021-09-30 14:08:48,21500.0,1000.0,1161400.0
316,2021-09-30 14:08:48,21500.0,3100.0,1160400.0
317,2021-09-30 14:08:12,21500.0,1900.0,1157300.0
318,2021-09-30 14:08:12,21500.0,100.0,1155400.0
319,2021-09-30 14:07:28,21500.0,200.0,1155300.0
320,2021-09-30 14:07:28,21500.0,1100.0,1155100.0
321,2021-09-30 14:07:25,21500.0,100.0,1154000.0
322,2021-09-30 14:07:16,21500.0,200.0,1153900.0
323,2021-09-30 14:07:14,21500.0,200.0,1153700.0
324,2021-09-30 14:06:30,21500.0,1200.0,1153500.0
325,2021-09-30 14:05:38,21500.0,300.0,1152300.0
326,2021-09-30 14:04:46,21550.0,200.0,1152000.0
327,2021-09-30 14:04:19,21500.0,1000.0,1151800.0
328,2021-09-30 14:04:04,21500.0,200.0,1150800.0
329,2021-09-30 14:03:58,21500.0,200.0,1150600.0
330,2021-09-30 14:03:58,21500.0,500.0,1150400.0
331,2021-09-30 14:03:58,21500.0,600.0,1149900.0
332,2021-09-30 14:03:58,21500.0,500.0,1149300.0
333,2021-09-30 14:03:58,21500.0,100.0,1148800.0
334,2021-09-30 14:03:58,21500.0,100.0,1148700.0
335,2021-09-30 14:03:34,21500.0,200.0,1148600.0
336,2021-09-30 14:03:12,21500.0,100.0,1148400.0
337,2021-09-30 14:03:08,21500.0,100.0,1148300.0
338,2021-09-30 14:02:32,21500.0,100.0,1148200.0
339,2021-09-30 14:02:28,21500.0,200.0,1148100.0
340,2021-09-30 14:02:27,21500.0,200.0,1147900.0
341,2021-09-30 14:01:53,21500.0,200.0,1147700.0
342,2021-09-30 14:01:42,21500.0,1000.0,1147500.0
343,2021-09-30 14:01:28,21500.0,1000.0,1146500.0
344,2021-09-30 14:01:12,21500.0,1800.0,1145500.0
345,2021-09-30 14:01:12,21500.0,600.0,1143700.0
346,2021-09-30 14:00:51,21500.0,200.0,1143100.0
347,2021-09-30 14:00:23,21500.0,400.0,1142900.0
348,2021-09-30 14:00:16,21500.0,600.0,1142500.0
349,2021-09-30 14:00:02,21500.0,100.0,1141900.0
350,2021-09-30 14:00:02,21500.0,100.0,1141800.0
351,2021-09-30 13:59:46,21500.0,500.0,1141700.0
352,2021-09-30 13:59:39,21500.0,500.0,1141200.0
353,2021-09-30 13:59:37,21500.0,2000.0,1140700.0
354,2021-09-30 13:59:25,21500.0,2500.0,1138700.0
355,2021-09-30 13:59:25,21500.0,500.0,1136200.0
356,2021-09-30 13:59:24,21500.0,500.0,1135700.0
357,2021-09-30 13:59:15,21450.0,200.0,1135200.0
358,2021-09-30 13:59:13,21500.0,1000.0,1135000.0
359,2021-09-30 13:59:10,21500.0,500.0,1134000.0
360,2021-09-30 13:59:10,21500.0,100.0,1133500.0
361,2021-09-30 13:59:10,21500.0,1400.0,1133400.0
362,2021-09-30 13:59:04,21500.0,100.0,1132000.0
363,2021-09-30 13:58:38,21500.0,100.0,1131900.0
364,2021-09-30 13:57:56,21450.0,1200.0,1131800.0
365,2021-09-30 13:57:39,21450.0,300.0,1130600.0
366,2021-09-30 13:57:24,21500.0,100.0,1130300.0
367,2021-09-30 13:57:23,21500.0,300.0,1130200.0
368,2021-09-30 13:57:05,21500.0,200.0,1129900.0
369,2021-09-30 13:57:03,21500.0,300.0,1129700.0
370,2021-09-30 13:56:47,21500.0,700.0,1129400.0
371,2021-09-30 13:56:29,21500.0,100.0,1128700.0
372,2021-09-30 13:56:29,21500.0,200.0,1128600.0
373,2021-09-30 13:56:23,21500.0,100.0,1128400.0
374,2021-09-30 13:56:23,21500.0,900.0,1128300.0
375,2021-09-30 13:56:04,21500.0,100.0,1127400.0
376,2021-09-30 13:56:04,21500.0,900.0,1127300.0
377,2021-09-30 13:56:03,21500.0,100.0,1126400.0
378,2021-09-30 13:56:03,21500.0,100.0,1126300.0
379,2021-09-30 13:55:50,21500.0,500.0,1126200.0
380,2021-09-30 13:55:42,21500.0,200.0,1125700.0
381,2021-09-30 13:55:39,21500.0,800.0,1125500.0
382,2021-09-30 13:55:39,21500.0,200.0,1124700.0
383,2021-09-30 13:55:30,21450.0,100.0,1124500.0
384,2021-09-30 13:55:24,21500.0,300.0,1124400.0
385,2021-09-30 13:55:01,21450.0,2000.0,1124100.0
386,2021-09-30 13:54:27,21450.0,200.0,1122100.0
387,2021-09-30 13:54:09,21500.0,100.0,1121900.0
388,2021-09-30 13:54:09,21500.0,100.0,1121800.0
389,2021-09-30 13:54:09,21500.0,100.0,1121700.0
390,2021-09-30 13:54:09,21500.0,1000.0,1121600.0
391,2021-09-30 13:54:09,21500.0,100.0,1120600.0
392,2021-09-30 13:54:09,21500.0,10000.0,1120500.0
393,2021-09-30 13:54:09,21500.0,3600.0,1110500.0
394,2021-09-30 13:54:08,21450.0,500.0,1106900.0
395,2021-09-30 13:53:35,21450.0,1000.0,1106400.0
396,2021-09-30 13:53:16,21500.0,100.0,1105400.0
397,2021-09-30 13:52:52,21450.0,200.0,1105300.0
398,2021-09-30 13:51:56,21500.0,300.0,1105100.0
399,2021-09-30 13:51:44,21450.0,300.0,1104800.0
400,2021-09-30 13:51:34,21450.0,2900.0,1104500.0
401,2021-09-30 13:51:16,21450.0,200.0,1101600.0
402,2021-09-30 13:50:31,21500.0,500.0,1101400.0
403,2021-09-30 13:50:20,21500.0,500.0,1100900.0
404,2021-09-30 13:50:09,21500.0,1000.0,1100400.0
405,2021-09-30 13:50:09,21500.0,1000.0,1099400.0
406,2021-09-30 13:50:09,21500.0,1000.0,1098400.0
407,2021-09-30 13:50:09,21500.0,500.0,1097400.0
408,2021-09-30 13:50:09,21500.0,5000.0,1096900.0
409,2021-09-30 13:50:09,21500.0,300.0,1091900.0
410,2021-09-30 13:50:09,21500.0,100.0,1091600.0
411,2021-09-30 13:50:09,21500.0,300.0,1091500.0
412,2021-09-30 13:50:09,21500.0,1000.0,1091200.0
413,2021-09-30 13:50:09,21500.0,1000.0,1090200.0
414,2021-09-30 13:50:09,21500.0,1000.0,1089200.0
415,2021-09-30 13:50:09,21500.0,100.0,1088200.0
416,2021-09-30 13:50:09,21500.0,700.0,1088100.0
417,2021-09-30 13:50:03,21500.0,2300.0,1087400.0
418,2021-09-30 13:50:03,21500.0,100.0,1085100.0
419,2021-09-30 13:50:03,21500.0,1000.0,1085000.0
420,2021-09-30 13:50:03,21500.0,600.0,1084000.0
421,2021-09-30 13:50:03,21500.0,1000.0,1083400.0
422,2021-09-30 13:49:59,21500.0,500.0,1082400.0
423,2021-09-30 13:49:41,21500.0,300.0,1081900.0
424,2021-09-30 13:49:30,21500.0,200.0,1081600.0
425,2021-09-30 13:49:30,21500.0,100.0,1081400.0
426,2021-09-30 13:49:07,21500.0,100.0,1081300.0
427,2021-09-30 13:49:07,21500.0,800.0,1081200.0
428,2021-09-30 13:49:07,21500.0,1000.0,1080400.0
429,2021-09-30 13:49:07,21500.0,100.0,1079400.0
430,2021-09-30 13:49:07,21500.0,2000.0,1079300.0
431,2021-09-30 13:49:07,21500.0,300.0,1077300.0
432,2021-09-30 13:49:07,21500.0,100.0,1077000.0
433,2021-09-30 13:49:07,21500.0,1600.0,1076900.0
434,2021-09-30 13:48:55,21500.0,400.0,1075300.0
435,2021-09-30 13:48:55,21500.0,500.0,1074900.0
436,2021-09-30 13:48:55,21500.0,9100.0,1074400.0
437,2021-09-30 13:48:19,21550.0,1000.0,1065300.0
438,2021-09-30 13:48:18,21500.0,900.0,1064300.0
439,2021-09-30 13:48:18,21500.0,300.0,1063400.0
440,2021-09-30 13:48:18,21500.0,1000.0,1063100.0
441,2021-09-30 13:48:18,21500.0,500.0,1062100.0
442,2021-09-30 13:48:18,21500.0,1000.0,1061600.0
443,2021-09-30 13:48:18,21500.0,300.0,1060600.0
444,2021-09-30 13:48:18,21500.0,1000.0,1060300.0
445,2021-09-30 13:48:18,21500.0,5000.0,1059300.0
446,2021-09-30 13:48:18,21500.0,500.0,1054300.0
447,2021-09-30 13:48:18,21500.0,500.0,1053800.0
448,2021-09-30 13:48:18,21500.0,100.0,1053300.0
449,2021-09-30 13:48:18,21500.0,300.0,1053200.0
450,2021-09-30 13:48:18,21500.0,100.0,1052900.0
451,2021-09-30 13:48:18,21500.0,1000.0,1052800.0
452,2021-09-30 13:48:18,21500.0,800.0,1051800.0
453,2021-09-30 13:48:18,21500.0,1000.0,1051000.0
454,2021-09-30 13:48:18,21500.0,200.0,1050000.0
455,2021-09-30 13:48:18,21500.0,100.0,1049800.0
456,2021-09-30 13:48:18,21500.0,2100.0,1049700.0
457,2021-09-30 13:48:18,21500.0,100.0,1047600.0
458,2021-09-30 13:48:18,21500.0,3000.0,1047500.0
459,2021-09-30 13:48:18,21500.0,100.0,1044500.0
460,2021-09-30 13:48:18,21500.0,500.0,1044400.0
461,2021-09-30 13:48:18,21500.0,1000.0,1043900.0
462,2021-09-30 13:48:04,21500.0,200.0,1042900.0
463,2021-09-30 13:47:45,21550.0,900.0,1042700.0
464,2021-09-30 13:47:45,21550.0,400.0,1041800.0
465,2021-09-30 13:47:45,21550.0,400.0,1041400.0
466,2021-09-30 13:47:43,21550.0,1600.0,1041000.0
467,2021-09-30 13:47:43,21550.0,200.0,1039400.0
468,2021-09-30 13:47:43,21550.0,1800.0,1039200.0
469,2021-09-30 13:47:43,21550.0,1000.0,1037400.0
470,2021-09-30 13:47:43,21550.0,200.0,1036400.0
471,2021-09-30 13:47:43,21550.0,100.0,1036200.0
472,2021-09-30 13:47:43,21550.0,100.0,1036100.0
473,2021-09-30 13:47:37,21550.0,1000.0,1036000.0
474,2021-09-30 13:47:36,21550.0,1500.0,1035000.0
475,2021-09-30 13:47:03,21550.0,3000.0,1033500.0
476,2021-09-30 13:46:53,21550.0,6000.0,1030500.0
477,2021-09-30 13:46:53,21600.0,200.0,1024500.0
478,2021-09-30 13:46:28,21550.0,200.0,1024300.0
479,2021-09-30 13:46:09,21600.0,100.0,1024100.0
480,2021-09-30 13:46:09,21600.0,500.0,1024000.0
481,2021-09-30 13:46:09,21600.0,200.0,1023500.0
482,2021-09-30 13:46:09,21600.0,200.0,1023300.0
483,2021-09-30 13:46:06,21600.0,200.0,1023100.0
484,2021-09-30 13:45:34,21600.0,1000.0,1022900.0
485,2021-09-30 13:44:52,21550.0,200.0,1021900.0
486,2021-09-30 13:44:14,21600.0,200.0,1021700.0
487,2021-09-30 13:43:18,21600.0,200.0,1021500.0
488,2021-09-30 13:43:06,21650.0,200.0,1021300.0
489,2021-09-30 13:43:04,21600.0,100.0,1021100.0
490,2021-09-30 13:43:04,21600.0,100.0,1021000.0
491,2021-09-30 13:43:04,21600.0,5000.0,1020900.0
492,2021-09-30 13:43:04,21600.0,2800.0,1015900.0
493,2021-09-30 13:42:58,21600.0,100.0,1013100.0
494,2021-09-30 13:42:00,21650.0,100.0,1013000.0
495,2021-09-30 13:41:42,21600.0,100.0,1012900.0
496,2021-09-30 13:41:42,21600.0,100.0,1012800.0
497,2021-09-30 13:41:42,21600.0,200.0,1012700.0
498,2021-09-30 13:41:42,21600.0,100.0,1012500.0
499,2021-09-30 13:41:42,21600.0,200.0,1012400.0
500,2021-09-30 13:41:42,21600.0,500.0,1012200.0
501,2021-09-30 13:41:42,21600.0,500.0,1011700.0
502,2021-09-30 13:41:42,21600.0,2000.0,1011200.0
503,2021-09-30 13:41:42,21600.0,2000.0,1009200.0
504,2021-09-30 13:41:42,21600.0,2000.0,1007200.0
505,2021-09-30 13:41:42,21600.0,200.0,1005200.0
506,2021-09-30 13:41:42,21600.0,100.0,1005000.0
507,2021-09-30 13:41:42,21600.0,100.0,1004900.0
508,2021-09-30 13:41:42,21600.0,1000.0,1004800.0
509,2021-09-30 13:41:42,21600.0,500.0,1003800.0
510,2021-09-30 13:41:42,21600.0,200.0,1003300.0
511,2021-09-30 13:41:42,21600.0,1000.0,1003100.0
512,2021-09-30 13:41:42,21600.0,400.0,1002100.0
513,2021-09-30 13:41:42,21600.0,3000.0,1001700.0
514,2021-09-30 13:41:42,21600.0,100.0,998700.0
515,2021-09-30 13:41:42,21600.0,1000.0,998600.0
516,2021-09-30 13:41:42,21600.0,100.0,997600.0
517,2021-09-30 13:41:42,21600.0,500.0,997500.0
518,2021-09-30 13:41:42,21600.0,1200.0,997000.0
519,2021-09-30 13:41:41,21550.0,300.0,995800.0
520,2021-09-30 13:41:26,21600.0,800.0,995500.0
521,2021-09-30 13:41:26,21600.0,3500.0,994700.0
522,2021-09-30 13:41:26,21600.0,100.0,991200.0
523,2021-09-30 13:41:26,21600.0,500.0,991100.0
524,2021-09-30 13:41:26,21600.0,100.0,990600.0
525,2021-09-30 13:40:38,21550.0,6400.0,990500.0
526,2021-09-30 13:40:37,21600.0,1000.0,984100.0
527,2021-09-30 13:40:20,21600.0,100.0,983100.0
528,2021-09-30 13:40:05,21550.0,200.0,983000.0
529,2021-09-30 13:39:54,21600.0,300.0,982800.0
530,2021-09-30 13:38:46,21600.0,200.0,982500.0
531,2021-09-30 13:38:29,21550.0,200.0,982300.0
532,2021-09-30 13:37:43,21600.0,100.0,982100.0
533,2021-09-30 13:37:38,21550.0,900.0,982000.0
534,2021-09-30 13:37:36,21550.0,100.0,981100.0
535,2021-09-30 13:37:36,21550.0,100.0,981000.0
536,2021-09-30 13:37:36,21550.0,100.0,980900.0
537,2021-09-30 13:37:36,21550.0,200.0,980800.0
538,2021-09-30 13:37:34,21550.0,200.0,980600.0
539,2021-09-30 13:36:58,21550.0,100.0,980400.0
540,2021-09-30 13:36:58,21550.0,100.0,980300.0
541,2021-09-30 13:36:53,21550.0,200.0,980200.0
542,2021-09-30 13:36:15,21550.0,1000.0,980000.0
543,2021-09-30 13:36:05,21550.0,3700.0,979000.0
544,2021-09-30 13:36:05,21550.0,500.0,975300.0
545,2021-09-30 13:36:05,21550.0,100.0,974800.0
546,2021-09-30 13:36:05,21550.0,700.0,974700.0
547,2021-09-30 13:35:44,21550.0,500.0,974000.0
548,2021-09-30 13:35:17,21550.0,300.0,973500.0
549,2021-09-30 13:33:44,21550.0,200.0,973200.0
550,2021-09-30 13:33:28,21600.0,300.0,973000.0
551,2021-09-30 13:33:28,21600.0,400.0,972700.0
552,2021-09-30 13:33:28,21600.0,100.0,972300.0
553,2021-09-30 13:33:28,21600.0,300.0,972200.0
554,2021-09-30 13:33:28,21600.0,900.0,971900.0
555,2021-09-30 13:33:06,21600.0,100.0,971000.0
556,2021-09-30 13:33:03,21550.0,100.0,970900.0
557,2021-09-30 13:33:03,21550.0,1000.0,970800.0
558,2021-09-30 13:33:03,21550.0,200.0,969800.0
559,2021-09-30 13:33:03,21550.0,1000.0,969600.0
560,2021-09-30 13:32:51,21550.0,2500.0,968600.0
561,2021-09-30 13:32:25,21550.0,200.0,966100.0
562,2021-09-30 13:32:25,21550.0,1000.0,965900.0
563,2021-09-30 13:32:25,21550.0,800.0,964900.0
564,2021-09-30 13:32:25,21550.0,100.0,964100.0
565,2021-09-30 13:32:25,21550.0,200.0,964000.0
566,2021-09-30 13:32:25,21550.0,200.0,963800.0
567,2021-09-30 13:32:25,21550.0,1000.0,963600.0
568,2021-09-30 13:32:25,21550.0,1000.0,962600.0
569,2021-09-30 13:32:25,21550.0,600.0,961600.0
570,2021-09-30 13:32:25,21550.0,100.0,961000.0
571,2021-09-30 13:32:25,21550.0,300.0,960900.0
572,2021-09-30 13:32:25,21550.0,600.0,960600.0
573,2021-09-30 13:32:25,21550.0,200.0,960000.0
574,2021-09-30 13:32:20,21600.0,100.0,959800.0
575,2021-09-30 13:32:06,21550.0,200.0,959700.0
576,2021-09-30 13:31:50,21600.0,100.0,959500.0
577,2021-09-30 13:31:31,21550.0,100.0,959400.0
578,2021-09-30 13:31:18,21550.0,200.0,959300.0
579,2021-09-30 13:30:58,21550.0,1000.0,959100.0
580,2021-09-30 13:30:30,21550.0,200.0,958100.0
581,2021-09-30 13:29:42,21600.0,100.0,957900.0
582,2021-09-30 13:29:10,21550.0,1000.0,957800.0
583,2021-09-30 13:28:54,21550.0,200.0,956800.0
584,2021-09-30 13:28:48,21550.0,100.0,956600.0
585,2021-09-30 13:28:20,21550.0,600.0,956500.0
586,2021-09-30 13:28:09,21550.0,2400.0,955900.0
587,2021-09-30 13:28:09,21550.0,300.0,953500.0
588,2021-09-30 13:27:27,21550.0,700.0,953200.0
589,2021-09-30 13:27:27,21550.0,100.0,952500.0
590,2021-09-30 13:27:27,21550.0,200.0,952400.0
591,2021-09-30 13:27:18,21550.0,300.0,952200.0
592,2021-09-30 13:26:44,21550.0,100.0,951900.0
593,2021-09-30 13:26:05,21550.0,400.0,951800.0
594,2021-09-30 13:26:03,21500.0,100.0,951400.0
595,2021-09-30 13:25:57,21500.0,300.0,951300.0
596,2021-09-30 13:25:49,21550.0,100.0,951000.0
597,2021-09-30 13:25:49,21550.0,200.0,950900.0
598,2021-09-30 13:25:49,21550.0,2300.0,950700.0
599,2021-09-30 13:25:49,21550.0,4600.0,948400.0
600,2021-09-30 13:25:42,21500.0,200.0,943800.0
601,2021-09-30 13:24:23,21500.0,100.0,943600.0
602,2021-09-30 13:24:13,21550.0,1900.0,943500.0
603,2021-09-30 13:24:13,21550.0,3000.0,941600.0
604,2021-09-30 13:24:13,21550.0,200.0,938600.0
605,2021-09-30 13:24:13,21550.0,1000.0,938400.0
606,2021-09-30 13:24:07,21500.0,200.0,937400.0
607,2021-09-30 13:22:59,21500.0,400.0,937200.0
608,2021-09-30 13:22:36,21550.0,1000.0,936800.0
609,2021-09-30 13:22:35,21550.0,100.0,935800.0
610,2021-09-30 13:22:31,21500.0,200.0,935700.0
611,2021-09-30 13:21:55,21500.0,200.0,935500.0
612,2021-09-30 13:21:55,21500.0,100.0,935300.0
613,2021-09-30 13:21:55,21500.0,100.0,935200.0
614,2021-09-30 13:21:55,21500.0,100.0,935100.0
615,2021-09-30 13:21:33,21500.0,2000.0,935000.0
616,2021-09-30 13:20:55,21500.0,200.0,933000.0
617,2021-09-30 13:19:40,21500.0,100.0,932800.0
618,2021-09-30 13:19:22,21500.0,1000.0,932700.0
619,2021-09-30 13:19:19,21500.0,300.0,931700.0
620,2021-09-30 13:18:50,21500.0,700.0,931400.0
621,2021-09-30 13:18:44,21500.0,600.0,930700.0
622,2021-09-30 13:18:44,21500.0,500.0,930100.0
623,2021-09-30 13:18:25,21500.0,200.0,929600.0
624,2021-09-30 13:17:57,21550.0,200.0,929400.0
625,2021-09-30 13:17:43,21500.0,200.0,929200.0
626,2021-09-30 13:17:06,21550.0,1700.0,929000.0
627,2021-09-30 13:16:58,21550.0,300.0,927300.0
628,2021-09-30 13:16:58,21550.0,1700.0,927000.0
629,2021-09-30 13:16:07,21550.0,200.0,925300.0
630,2021-09-30 13:15:54,21550.0,1000.0,925100.0
631,2021-09-30 13:15:53,21550.0,1100.0,924100.0
632,2021-09-30 13:15:40,21550.0,300.0,923000.0
633,2021-09-30 13:15:35,21550.0,2600.0,922700.0
634,2021-09-30 13:15:35,21550.0,500.0,920100.0
635,2021-09-30 13:15:27,21550.0,3900.0,919600.0
636,2021-09-30 13:15:19,21550.0,3000.0,915700.0
637,2021-09-30 13:15:19,21550.0,2000.0,912700.0
638,2021-09-30 13:14:43,21550.0,200.0,910700.0
639,2021-09-30 13:14:24,21600.0,500.0,910500.0
640,2021-09-30 13:13:57,21550.0,1600.0,910000.0
641,2021-09-30 13:13:53,21550.0,11000.0,908400.0
642,2021-09-30 13:13:04,21600.0,400.0,897400.0
643,2021-09-30 13:12:59,21550.0,200.0,897000.0
644,2021-09-30 13:12:59,21550.0,4000.0,896800.0
645,2021-09-30 13:12:56,21550.0,200.0,892800.0
646,2021-09-30 13:12:13,21550.0,100.0,892600.0
647,2021-09-30 13:11:58,21600.0,100.0,892500.0
648,2021-09-30 13:11:52,21550.0,500.0,892400.0
649,2021-09-30 13:11:52,21550.0,1000.0,891900.0
650,2021-09-30 13:11:52,21550.0,200.0,890900.0
651,2021-09-30 13:11:52,21550.0,200.0,890700.0
652,2021-09-30 13:11:52,21550.0,4000.0,890500.0
653,2021-09-30 13:11:52,21550.0,3000.0,886500.0
654,2021-09-30 13:11:52,21550.0,200.0,883500.0
655,2021-09-30 13:11:52,21550.0,3000.0,883300.0
656,2021-09-30 13:11:52,21550.0,100.0,880300.0
657,2021-09-30 13:11:51,21550.0,100.0,880200.0
658,2021-09-30 13:11:20,21500.0,300.0,880100.0
659,2021-09-30 13:09:55,21550.0,100.0,879800.0
660,2021-09-30 13:09:44,21500.0,200.0,879700.0
661,2021-09-30 13:09:06,21550.0,100.0,879500.0
662,2021-09-30 13:08:24,21550.0,500.0,879400.0
663,2021-09-30 13:08:24,21550.0,1500.0,878900.0
664,2021-09-30 13:08:24,21550.0,200.0,877400.0
665,2021-09-30 13:08:24,21550.0,100.0,877200.0
666,2021-09-30 13:08:24,21550.0,500.0,877100.0
667,2021-09-30 13:08:24,21550.0,1800.0,876600.0
668,2021-09-30 13:08:08,21550.0,200.0,874800.0
669,2021-09-30 13:07:53,21550.0,1000.0,874600.0
670,2021-09-30 13:06:46,21600.0,800.0,873600.0
671,2021-09-30 13:06:35,21600.0,1200.0,872800.0
672,2021-09-30 13:06:32,21550.0,200.0,871600.0
673,2021-09-30 13:06:10,21600.0,100.0,871400.0
674,2021-09-30 13:05:39,21600.0,100.0,871300.0
675,2021-09-30 13:05:28,21550.0,800.0,871200.0
676,2021-09-30 13:04:56,21550.0,300.0,870400.0
677,2021-09-30 13:03:43,21550.0,200.0,870100.0
678,2021-09-30 13:03:21,21550.0,200.0,869900.0
679,2021-09-30 13:02:56,21600.0,500.0,869700.0
680,2021-09-30 13:02:56,21600.0,200.0,869200.0
681,2021-09-30 13:02:56,21600.0,600.0,869000.0
682,2021-09-30 13:02:56,21600.0,200.0,868400.0
683,2021-09-30 13:02:56,21600.0,300.0,868200.0
684,2021-09-30 13:02:56,21600.0,200.0,867900.0
685,2021-09-30 13:01:45,21550.0,200.0,867700.0
686,2021-09-30 13:00:09,21550.0,200.0,867500.0
687,2021-09-30 13:00:06,21550.0,200.0,867300.0
688,2021-09-30 13:00:06,21550.0,1700.0,867100.0
689,2021-09-30 13:00:02,21550.0,1500.0,865400.0
690,2021-09-30 13:00:01,21550.0,600.0,863900.0
691,2021-09-30 13:00:01,21550.0,1800.0,863300.0
692,2021-09-30 11:29:40,21550.0,200.0,861500.0
693,2021-09-30 11:28:38,21550.0,500.0,861300.0
694,2021-09-30 11:28:33,21500.0,200.0,860800.0
695,2021-09-30 11:27:31,21550.0,200.0,860600.0
696,2021-09-30 11:26:58,21550.0,300.0,860400.0
697,2021-09-30 11:26:44,21550.0,200.0,860100.0
698,2021-09-30 11:26:39,21550.0,500.0,859900.0
699,2021-09-30 11:26:39,21550.0,800.0,859400.0
700,2021-09-30 11:26:39,21550.0,600.0,858600.0
701,2021-09-30 11:26:39,21550.0,400.0,858000.0
702,2021-09-30 11:26:25,21550.0,200.0,857600.0
703,2021-09-30 11:26:11,21550.0,300.0,857400.0
704,2021-09-30 11:26:09,21550.0,100.0,857100.0
705,2021-09-30 11:25:36,21550.0,100.0,857000.0
706,2021-09-30 11:25:26,21550.0,100.0,856900.0
707,2021-09-30 11:25:21,21500.0,200.0,856800.0
708,2021-09-30 11:25:11,21550.0,100.0,856600.0
709,2021-09-30 11:24:46,21550.0,4800.0,856500.0
710,2021-09-30 11:24:46,21550.0,2200.0,851700.0
711,2021-09-30 11:24:09,21550.0,100.0,849500.0
712,2021-09-30 11:23:59,21500.0,1500.0,849400.0
713,2021-09-30 11:23:46,21500.0,200.0,847900.0
714,2021-09-30 11:23:25,21550.0,100.0,847700.0
715,2021-09-30 11:23:12,21500.0,100.0,847600.0
716,2021-09-30 11:22:10,21500.0,200.0,847500.0
717,2021-09-30 11:21:07,21500.0,200.0,847300.0
718,2021-09-30 11:20:46,21550.0,400.0,847100.0
719,2021-09-30 11:20:38,21600.0,100.0,846700.0
720,2021-09-30 11:20:34,21500.0,200.0,846600.0
721,2021-09-30 11:20:32,21600.0,100.0,846400.0
722,2021-09-30 11:19:42,21500.0,400.0,846300.0
723,2021-09-30 11:19:42,21500.0,100.0,845900.0
724,2021-09-30 11:19:25,21500.0,100.0,845800.0
725,2021-09-30 11:19:25,21500.0,700.0,845700.0
726,2021-09-30 11:18:58,21500.0,300.0,845000.0
727,2021-09-30 11:18:28,21600.0,100.0,844700.0
728,2021-09-30 11:17:57,21600.0,400.0,844600.0
729,2021-09-30 11:17:57,21600.0,600.0,844200.0
730,2021-09-30 11:17:47,21600.0,100.0,843600.0
731,2021-09-30 11:17:30,21500.0,100.0,843500.0
732,2021-09-30 11:17:22,21500.0,200.0,843400.0
733,2021-09-30 11:17:03,21500.0,100.0,843200.0
734,2021-09-30 11:16:48,21500.0,100.0,843100.0
735,2021-09-30 11:15:46,21500.0,200.0,843000.0
736,2021-09-30 11:15:36,21600.0,100.0,842800.0
737,2021-09-30 11:15:32,21500.0,100.0,842700.0
738,2021-09-30 11:15:32,21500.0,200.0,842600.0
739,2021-09-30 11:15:26,21500.0,900.0,842400.0
740,2021-09-30 11:15:19,21500.0,900.0,841500.0
741,2021-09-30 11:15:19,21500.0,1000.0,840600.0
742,2021-09-30 11:15:19,21500.0,200.0,839600.0
743,2021-09-30 11:15:05,21500.0,200.0,839400.0
744,2021-09-30 11:14:38,21500.0,600.0,839200.0
745,2021-09-30 11:14:34,21500.0,100.0,838600.0
746,2021-09-30 11:14:23,21500.0,100.0,838500.0
747,2021-09-30 11:14:10,21450.0,200.0,838400.0
748,2021-09-30 11:13:29,21500.0,100.0,838200.0
749,2021-09-30 11:13:10,21450.0,100.0,838100.0
750,2021-09-30 11:13:10,21450.0,700.0,838000.0
751,2021-09-30 11:13:10,21450.0,200.0,837300.0
752,2021-09-30 11:13:10,21450.0,100.0,837100.0
753,2021-09-30 11:12:49,21500.0,100.0,837000.0
754,2021-09-30 11:12:41,21450.0,700.0,836900.0
755,2021-09-30 11:12:41,21450.0,1000.0,836200.0
756,2021-09-30 11:12:41,21450.0,500.0,835200.0
757,2021-09-30 11:12:41,21450.0,800.0,834700.0
758,2021-09-30 11:12:35,21450.0,200.0,833900.0
759,2021-09-30 11:12:09,21500.0,400.0,833700.0
760,2021-09-30 11:12:09,21500.0,100.0,833300.0
761,2021-09-30 11:11:48,21500.0,900.0,833200.0
762,2021-09-30 11:11:48,21500.0,100.0,832300.0
763,2021-09-30 11:11:42,21500.0,100.0,832200.0
764,2021-09-30 11:11:40,21500.0,5000.0,832100.0
765,2021-09-30 11:11:08,21500.0,100.0,827100.0
766,2021-09-30 11:10:59,21450.0,300.0,827000.0
767,2021-09-30 11:10:46,21500.0,200.0,826700.0
768,2021-09-30 11:10:39,21500.0,300.0,826500.0
769,2021-09-30 11:10:26,21500.0,300.0,826200.0
770,2021-09-30 11:09:43,21500.0,100.0,825900.0
771,2021-09-30 11:09:23,21450.0,200.0,825800.0
772,2021-09-30 11:09:09,21500.0,1000.0,825600.0
773,2021-09-30 11:08:52,21500.0,200.0,824600.0
774,2021-09-30 11:08:50,21500.0,100.0,824400.0
775,2021-09-30 11:08:37,21500.0,1000.0,824300.0
776,2021-09-30 11:08:37,21500.0,2000.0,823300.0
777,2021-09-30 11:08:37,21500.0,1000.0,821300.0
778,2021-09-30 11:08:37,21500.0,100.0,820300.0
779,2021-09-30 11:08:37,21500.0,1000.0,820200.0
780,2021-09-30 11:08:37,21500.0,700.0,819200.0
781,2021-09-30 11:08:21,21500.0,300.0,818500.0
782,2021-09-30 11:08:21,21500.0,1000.0,818200.0
783,2021-09-30 11:08:21,21500.0,100.0,817200.0
784,2021-09-30 11:08:21,21500.0,1000.0,817100.0
785,2021-09-30 11:08:21,21500.0,200.0,816100.0
786,2021-09-30 11:08:21,21500.0,1000.0,815900.0
787,2021-09-30 11:08:21,21500.0,100.0,814900.0
788,2021-09-30 11:08:21,21500.0,1000.0,814800.0
789,2021-09-30 11:08:21,21500.0,1200.0,813800.0
790,2021-09-30 11:08:21,21500.0,700.0,812600.0
791,2021-09-30 11:07:51,21500.0,100.0,811900.0
792,2021-09-30 11:07:47,21500.0,200.0,811800.0
793,2021-09-30 11:06:41,21600.0,100.0,811600.0
794,2021-09-30 11:06:11,21500.0,200.0,811500.0
795,2021-09-30 11:06:11,21550.0,200.0,811300.0
796,2021-09-30 11:05:54,21600.0,100.0,811100.0
797,2021-09-30 11:05:47,21600.0,100.0,811000.0
798,2021-09-30 11:05:36,21500.0,900.0,810900.0
799,2021-09-30 11:05:36,21550.0,1100.0,810000.0
800,2021-09-30 11:05:12,21600.0,100.0,808900.0
801,2021-09-30 11:05:10,21550.0,1900.0,808800.0
802,2021-09-30 11:04:56,21500.0,2900.0,806900.0
803,2021-09-30 11:04:56,21500.0,100.0,804000.0
804,2021-09-30 11:04:56,21500.0,300.0,803900.0
805,2021-09-30 11:04:56,21500.0,1000.0,803600.0
806,2021-09-30 11:04:56,21500.0,800.0,802600.0
807,2021-09-30 11:04:56,21500.0,500.0,801800.0
808,2021-09-30 11:04:56,21500.0,1100.0,801300.0
809,2021-09-30 11:04:56,21500.0,500.0,800200.0
810,2021-09-30 11:04:56,21500.0,100.0,799700.0
811,2021-09-30 11:04:56,21500.0,9000.0,799600.0
812,2021-09-30 11:04:56,21500.0,1000.0,790600.0
813,2021-09-30 11:04:56,21500.0,500.0,789600.0
814,2021-09-30 11:04:56,21500.0,2000.0,789100.0
815,2021-09-30 11:04:56,21500.0,500.0,787100.0
816,2021-09-30 11:04:56,21500.0,500.0,786600.0
817,2021-09-30 11:04:56,21500.0,500.0,786100.0
818,2021-09-30 11:04:56,21500.0,100.0,785600.0
819,2021-09-30 11:04:56,21500.0,100.0,785500.0
820,2021-09-30 11:04:56,21500.0,500.0,785400.0
821,2021-09-30 11:04:56,21500.0,900.0,784900.0
822,2021-09-30 11:04:56,21500.0,600.0,784000.0
823,2021-09-30 11:04:56,21500.0,500.0,783400.0
824,2021-09-30 11:04:56,21500.0,500.0,782900.0
825,2021-09-30 11:04:56,21500.0,500.0,782400.0
826,2021-09-30 11:04:56,21500.0,300.0,781900.0
827,2021-09-30 11:04:56,21500.0,200.0,781600.0
828,2021-09-30 11:04:56,21500.0,7000.0,781400.0
829,2021-09-30 11:04:56,21500.0,2000.0,774400.0
830,2021-09-30 11:04:56,21500.0,500.0,772400.0
831,2021-09-30 11:04:56,21500.0,100.0,771900.0
832,2021-09-30 11:04:56,21500.0,2000.0,771800.0
833,2021-09-30 11:04:56,21550.0,100.0,769800.0
834,2021-09-30 11:04:56,21550.0,1000.0,769700.0
835,2021-09-30 11:04:56,21550.0,5000.0,768700.0
836,2021-09-30 11:04:56,21550.0,5000.0,763700.0
837,2021-09-30 11:04:56,21550.0,100.0,758700.0
838,2021-09-30 11:04:56,21550.0,200.0,758600.0
839,2021-09-30 11:04:56,21550.0,100.0,758400.0
840,2021-09-30 11:04:56,21550.0,400.0,758300.0
841,2021-09-30 11:04:56,21550.0,700.0,757900.0
842,2021-09-30 11:04:56,21550.0,300.0,757200.0
843,2021-09-30 11:04:50,21550.0,1000.0,756900.0
844,2021-09-30 11:04:37,21600.0,1000.0,755900.0
845,2021-09-30 11:04:35,21550.0,300.0,754900.0
846,2021-09-30 11:04:23,21600.0,2800.0,754600.0
847,2021-09-30 11:04:01,21650.0,800.0,751800.0
848,2021-09-30 11:04:01,21650.0,700.0,751000.0
849,2021-09-30 11:03:00,21600.0,200.0,750300.0
850,2021-09-30 11:02:56,21600.0,3600.0,750100.0
851,2021-09-30 11:01:52,21600.0,1000.0,746500.0
852,2021-09-30 11:01:52,21600.0,500.0,745500.0
853,2021-09-30 11:01:52,21600.0,100.0,745000.0
854,2021-09-30 11:01:52,21600.0,3400.0,744900.0
855,2021-09-30 11:01:52,21600.0,300.0,741500.0
856,2021-09-30 11:01:52,21600.0,100.0,741200.0
857,2021-09-30 11:01:52,21600.0,300.0,741100.0
858,2021-09-30 11:01:52,21600.0,3000.0,740800.0
859,2021-09-30 11:01:52,21600.0,8000.0,737800.0
860,2021-09-30 11:01:52,21600.0,3900.0,729800.0
861,2021-09-30 11:01:48,21650.0,100.0,725900.0
862,2021-09-30 11:01:26,21600.0,500.0,725800.0
863,2021-09-30 11:01:24,21600.0,200.0,725300.0
864,2021-09-30 11:00:38,21600.0,400.0,725100.0
865,2021-09-30 11:00:38,21600.0,300.0,724700.0
866,2021-09-30 11:00:38,21600.0,300.0,724400.0
867,2021-09-30 11:00:38,21600.0,100.0,724100.0
868,2021-09-30 11:00:38,21600.0,8900.0,724000.0
869,2021-09-30 11:00:16,21600.0,1000.0,715100.0
870,2021-09-30 11:00:07,21650.0,100.0,714100.0
871,2021-09-30 10:59:53,21650.0,700.0,714000.0
872,2021-09-30 10:59:48,21650.0,200.0,713300.0
873,2021-09-30 10:59:44,21650.0,600.0,713100.0
874,2021-09-30 10:59:36,21650.0,100.0,712500.0
875,2021-09-30 10:59:19,21650.0,100.0,712400.0
876,2021-09-30 10:59:19,21650.0,200.0,712300.0
877,2021-09-30 10:59:19,21650.0,100.0,712100.0
878,2021-09-30 10:59:19,21650.0,1200.0,712000.0
879,2021-09-30 10:59:19,21650.0,200.0,710800.0
880,2021-09-30 10:59:19,21650.0,1600.0,710600.0
881,2021-09-30 10:58:32,21600.0,100.0,709000.0
882,2021-09-30 10:58:12,21600.0,200.0,708900.0
883,2021-09-30 10:58:10,21650.0,300.0,708700.0
884,2021-09-30 10:57:30,21650.0,3600.0,708400.0
885,2021-09-30 10:57:24,21650.0,100.0,704800.0
886,2021-09-30 10:56:54,21600.0,800.0,704700.0
887,2021-09-30 10:56:54,21600.0,200.0,703900.0
888,2021-09-30 10:56:43,21650.0,200.0,703700.0
889,2021-09-30 10:56:36,21600.0,100.0,703500.0
890,2021-09-30 10:56:36,21600.0,200.0,703400.0
891,2021-09-30 10:56:36,21650.0,2400.0,703200.0
892,2021-09-30 10:56:14,21650.0,1400.0,700800.0
893,2021-09-30 10:56:03,21650.0,400.0,699400.0
894,2021-09-30 10:56:03,21650.0,300.0,699000.0
895,2021-09-30 10:56:03,21650.0,100.0,698700.0
896,2021-09-30 10:56:03,21650.0,700.0,698600.0
897,2021-09-30 10:55:11,21650.0,100.0,697900.0
898,2021-09-30 10:55:00,21600.0,200.0,697800.0
899,2021-09-30 10:54:48,21650.0,200.0,697600.0
900,2021-09-30 10:54:30,21650.0,1000.0,697400.0
901,2021-09-30 10:54:30,21650.0,1000.0,696400.0
902,2021-09-30 10:53:30,21650.0,100.0,695400.0
903,2021-09-30 10:53:25,21600.0,200.0,695300.0
904,2021-09-30 10:52:37,21650.0,500.0,695100.0
905,2021-09-30 10:52:08,21650.0,400.0,694600.0
906,2021-09-30 10:52:04,21650.0,500.0,694200.0
907,2021-09-30 10:52:00,21650.0,600.0,693700.0
908,2021-09-30 10:51:49,21650.0,500.0,693100.0
909,2021-09-30 10:51:49,21650.0,200.0,692600.0
910,2021-09-30 10:51:49,21650.0,200.0,692400.0
911,2021-09-30 10:51:40,21650.0,100.0,692200.0
912,2021-09-30 10:51:40,21650.0,2600.0,692100.0
913,2021-09-30 10:51:31,21650.0,2400.0,689500.0
914,2021-09-30 10:51:31,21650.0,2000.0,687100.0
915,2021-09-30 10:51:31,21650.0,600.0,685100.0
916,2021-09-30 10:51:18,21650.0,100.0,684500.0
917,2021-09-30 10:51:06,21650.0,1000.0,684400.0
918,2021-09-30 10:50:48,21650.0,300.0,683400.0
919,2021-09-30 10:50:44,21700.0,100.0,683100.0
920,2021-09-30 10:50:13,21650.0,200.0,683000.0
921,2021-09-30 10:49:42,21650.0,1000.0,682800.0
922,2021-09-30 10:48:39,21700.0,300.0,681800.0
923,2021-09-30 10:48:37,21650.0,300.0,681500.0
924,2021-09-30 10:48:30,21650.0,200.0,681200.0
925,2021-09-30 10:47:16,21700.0,100.0,681000.0
926,2021-09-30 10:47:08,21650.0,200.0,680900.0
927,2021-09-30 10:47:08,21650.0,700.0,680700.0
928,2021-09-30 10:47:08,21650.0,300.0,680000.0
929,2021-09-30 10:47:08,21650.0,100.0,679700.0
930,2021-09-30 10:47:07,21650.0,100.0,679600.0
931,2021-09-30 10:47:01,21600.0,200.0,679500.0
932,2021-09-30 10:46:41,21650.0,200.0,679300.0
933,2021-09-30 10:45:25,21600.0,200.0,679100.0
934,2021-09-30 10:45:04,21650.0,300.0,678900.0
935,2021-09-30 10:44:57,21700.0,100.0,678600.0
936,2021-09-30 10:44:57,21700.0,200.0,678500.0
937,2021-09-30 10:44:57,21700.0,2000.0,678300.0
938,2021-09-30 10:44:57,21700.0,1000.0,676300.0
939,2021-09-30 10:44:57,21700.0,100.0,675300.0
940,2021-09-30 10:44:57,21700.0,2600.0,675200.0
941,2021-09-30 10:44:33,21650.0,1600.0,672600.0
942,2021-09-30 10:44:30,21700.0,100.0,671000.0
943,2021-09-30 10:44:07,21650.0,500.0,670900.0
944,2021-09-30 10:44:00,21700.0,100.0,670400.0
945,2021-09-30 10:43:51,21650.0,500.0,670300.0
946,2021-09-30 10:43:50,21650.0,200.0,669800.0
947,2021-09-30 10:43:07,21700.0,100.0,669600.0
948,2021-09-30 10:42:39,21650.0,500.0,669500.0
949,2021-09-30 10:42:14,21650.0,200.0,669000.0
950,2021-09-30 10:42:14,21650.0,200.0,668800.0
951,2021-09-30 10:41:18,21700.0,100.0,668600.0
952,2021-09-30 10:41:08,21650.0,1000.0,668500.0
953,2021-09-30 10:40:52,21700.0,100.0,667500.0
954,2021-09-30 10:40:49,21700.0,500.0,667400.0
955,2021-09-30 10:40:44,21700.0,500.0,666900.0
956,2021-09-30 10:40:40,21700.0,3400.0,666400.0
957,2021-09-30 10:40:38,21700.0,300.0,663000.0
958,2021-09-30 10:40:36,21700.0,200.0,662700.0
959,2021-09-30 10:40:36,21700.0,800.0,662500.0
960,2021-09-30 10:40:33,21700.0,1300.0,661700.0
961,2021-09-30 10:40:26,21700.0,4000.0,660400.0
962,2021-09-30 10:40:23,21700.0,100.0,656400.0
963,2021-09-30 10:40:23,21700.0,6500.0,656300.0
964,2021-09-30 10:40:14,21700.0,200.0,649800.0
965,2021-09-30 10:40:13,21700.0,5900.0,649600.0
966,2021-09-30 10:40:05,21700.0,7400.0,643700.0
967,2021-09-30 10:39:54,21700.0,100.0,636300.0
968,2021-09-30 10:39:54,21700.0,100.0,636200.0
969,2021-09-30 10:39:54,21700.0,100.0,636100.0
970,2021-09-30 10:39:30,21750.0,200.0,636000.0
971,2021-09-30 10:39:30,21750.0,800.0,635800.0
972,2021-09-30 10:39:07,21750.0,100.0,635000.0
973,2021-09-30 10:39:02,21700.0,200.0,634900.0
974,2021-09-30 10:38:57,21750.0,500.0,634700.0
975,2021-09-30 10:38:03,21750.0,500.0,634200.0
976,2021-09-30 10:38:03,21750.0,200.0,633700.0
977,2021-09-30 10:37:27,21750.0,700.0,633500.0
978,2021-09-30 10:37:26,21750.0,200.0,632800.0
979,2021-09-30 10:36:59,21800.0,100.0,632600.0
980,2021-09-30 10:36:56,21750.0,100.0,632500.0
981,2021-09-30 10:36:51,21750.0,100.0,632400.0
982,2021-09-30 10:36:30,21750.0,900.0,632300.0
983,2021-09-30 10:36:19,21750.0,200.0,631400.0
984,2021-09-30 10:35:59,21800.0,100.0,631200.0
985,2021-09-30 10:35:50,21750.0,200.0,631100.0
986,2021-09-30 10:35:47,21800.0,100.0,630900.0
987,2021-09-30 10:35:40,21750.0,300.0,630800.0
988,2021-09-30 10:35:40,21750.0,500.0,630500.0
989,2021-09-30 10:35:40,21750.0,800.0,630000.0
990,2021-09-30 10:35:19,21750.0,200.0,629200.0
991,2021-09-30 10:35:15,21750.0,100.0,629000.0
992,2021-09-30 10:35:11,21700.0,300.0,628900.0
993,2021-09-30 10:35:06,21750.0,900.0,628600.0
994,2021-09-30 10:34:25,21750.0,500.0,627700.0
995,2021-09-30 10:34:25,21750.0,400.0,627200.0
996,2021-09-30 10:34:23,21750.0,200.0,626800.0
997,2021-09-30 10:34:16,21750.0,300.0,626600.0
998,2021-09-30 10:34:14,21750.0,300.0,626300.0
999,2021-09-30 10:34:09,21750.0,800.0,626000.0
1000,2021-09-30 10:33:44,21800.0,100.0,625200.0
1001,2021-09-30 10:33:41,21750.0,600.0,625100.0
1002,2021-09-30 10:33:41,21750.0,200.0,624500.0
1003,2021-09-30 10:33:32,21750.0,5000.0,624300.0
1004,2021-09-30 10:33:27,21800.0,100.0,619300.0
1005,2021-09-30 10:33:01,21750.0,600.0,619200.0
1006,2021-09-30 10:32:45,21750.0,100.0,618600.0
1007,2021-09-30 10:32:45,21750.0,300.0,618500.0
1008,2021-09-30 10:32:39,21750.0,200.0,618200.0
1009,2021-09-30 10:31:34,21800.0,100.0,618000.0
1010,2021-09-30 10:31:31,21800.0,200.0,617900.0
1011,2021-09-30 10:31:31,21800.0,900.0,617700.0
1012,2021-09-30 10:31:31,21800.0,100.0,616800.0
1013,2021-09-30 10:31:31,21800.0,900.0,616700.0
1014,2021-09-30 10:31:31,21800.0,100.0,615800.0
1015,2021-09-30 10:31:31,21800.0,1900.0,615700.0
1016,2021-09-30 10:31:31,21800.0,200.0,613800.0
1017,2021-09-30 10:31:31,21800.0,200.0,613600.0
1018,2021-09-30 10:31:31,21800.0,1000.0,613400.0
1019,2021-09-30 10:31:31,21800.0,500.0,612400.0
1020,2021-09-30 10:31:31,21800.0,100.0,611900.0
1021,2021-09-30 10:31:03,21700.0,100.0,611800.0
1022,2021-09-30 10:31:03,21750.0,100.0,611700.0
1023,2021-09-30 10:31:01,21800.0,400.0,611600.0
1024,2021-09-30 10:31:01,21800.0,600.0,611200.0
1025,2021-09-30 10:31:01,21800.0,1000.0,610600.0
1026,2021-09-30 10:31:01,21800.0,200.0,609600.0
1027,2021-09-30 10:31:01,21800.0,500.0,609400.0
1028,2021-09-30 10:31:01,21800.0,1300.0,608900.0
1029,2021-09-30 10:31:01,21800.0,200.0,607600.0
1030,2021-09-30 10:31:01,21800.0,800.0,607400.0
1031,2021-09-30 10:30:54,21800.0,4200.0,606600.0
1032,2021-09-30 10:30:54,21800.0,200.0,602400.0
1033,2021-09-30 10:30:54,21800.0,500.0,602200.0
1034,2021-09-30 10:30:54,21800.0,100.0,601700.0
1035,2021-09-30 10:30:54,21800.0,100.0,601600.0
1036,2021-09-30 10:30:54,21800.0,300.0,601500.0
1037,2021-09-30 10:30:44,21800.0,200.0,601200.0
1038,2021-09-30 10:30:38,21800.0,300.0,601000.0
1039,2021-09-30 10:30:32,21800.0,100.0,600700.0
1040,2021-09-30 10:30:15,21800.0,100.0,600600.0
1041,2021-09-30 10:30:15,21800.0,2000.0,600500.0
1042,2021-09-30 10:30:15,21800.0,300.0,598500.0
1043,2021-09-30 10:30:12,21800.0,700.0,598200.0
1044,2021-09-30 10:30:12,21800.0,100.0,597500.0
1045,2021-09-30 10:30:02,21800.0,100.0,597400.0
1046,2021-09-30 10:29:59,21750.0,300.0,597300.0
1047,2021-09-30 10:29:59,21750.0,1000.0,597000.0
1048,2021-09-30 10:29:59,21750.0,500.0,596000.0
1049,2021-09-30 10:29:59,21750.0,300.0,595500.0
1050,2021-09-30 10:29:59,21750.0,400.0,595200.0
1051,2021-09-30 10:29:59,21750.0,100.0,594800.0
1052,2021-09-30 10:29:44,21750.0,200.0,594700.0
1053,2021-09-30 10:29:44,21750.0,100.0,594500.0
1054,2021-09-30 10:29:44,21750.0,100.0,594400.0
1055,2021-09-30 10:29:44,21750.0,1000.0,594300.0
1056,2021-09-30 10:29:44,21750.0,100.0,593300.0
1057,2021-09-30 10:29:44,21750.0,300.0,593200.0
1058,2021-09-30 10:29:44,21750.0,3200.0,592900.0
1059,2021-09-30 10:29:31,21750.0,100.0,589700.0
1060,2021-09-30 10:29:27,21700.0,200.0,589600.0
1061,2021-09-30 10:29:22,21750.0,100.0,589400.0
1062,2021-09-30 10:29:18,21700.0,200.0,589300.0
1063,2021-09-30 10:29:06,21750.0,100.0,589100.0
1064,2021-09-30 10:28:50,21700.0,1100.0,589000.0
1065,2021-09-30 10:28:50,21700.0,900.0,587900.0
1066,2021-09-30 10:28:49,21700.0,100.0,587000.0
1067,2021-09-30 10:28:49,21700.0,100.0,586900.0
1068,2021-09-30 10:28:49,21700.0,2500.0,586800.0
1069,2021-09-30 10:28:21,21700.0,100.0,584300.0
1070,2021-09-30 10:27:52,21650.0,200.0,584200.0
1071,2021-09-30 10:27:20,21700.0,600.0,584000.0
1072,2021-09-30 10:27:20,21700.0,6800.0,583400.0
1073,2021-09-30 10:27:13,21700.0,500.0,576600.0
1074,2021-09-30 10:27:13,21700.0,1000.0,576100.0
1075,2021-09-30 10:27:13,21700.0,300.0,575100.0
1076,2021-09-30 10:27:13,21700.0,1000.0,574800.0
1077,2021-09-30 10:27:13,21700.0,400.0,573800.0
1078,2021-09-30 10:27:12,21700.0,400.0,573400.0
1079,2021-09-30 10:27:12,21700.0,500.0,573000.0
1080,2021-09-30 10:27:12,21700.0,100.0,572500.0
1081,2021-09-30 10:26:18,21700.0,100.0,572400.0
1082,2021-09-30 10:26:15,21650.0,300.0,572300.0
1083,2021-09-30 10:26:01,21700.0,100.0,572000.0
1084,2021-09-30 10:25:57,21650.0,1000.0,571900.0
1085,2021-09-30 10:25:57,21650.0,500.0,570900.0
1086,2021-09-30 10:25:57,21650.0,1600.0,570400.0
1087,2021-09-30 10:25:54,21650.0,100.0,568800.0
1088,2021-09-30 10:25:42,21650.0,100.0,568700.0
1089,2021-09-30 10:25:38,21600.0,1600.0,568600.0
1090,2021-09-30 10:25:28,21600.0,400.0,567000.0
1091,2021-09-30 10:25:28,21600.0,100.0,566600.0
1092,2021-09-30 10:25:25,21550.0,3000.0,566500.0
1093,2021-09-30 10:25:18,21600.0,100.0,563500.0
1094,2021-09-30 10:25:14,21550.0,100.0,563400.0
1095,2021-09-30 10:25:10,21600.0,100.0,563300.0
1096,2021-09-30 10:25:02,21550.0,100.0,563200.0
1097,2021-09-30 10:24:49,21600.0,100.0,563100.0
1098,2021-09-30 10:24:39,21550.0,200.0,563000.0
1099,2021-09-30 10:24:18,21600.0,100.0,562800.0
1100,2021-09-30 10:24:18,21600.0,1300.0,562700.0
1101,2021-09-30 10:24:18,21600.0,100.0,561400.0
1102,2021-09-30 10:24:18,21600.0,200.0,561300.0
1103,2021-09-30 10:24:18,21600.0,1000.0,561100.0
1104,2021-09-30 10:24:18,21600.0,100.0,560100.0
1105,2021-09-30 10:24:18,21600.0,500.0,560000.0
1106,2021-09-30 10:24:18,21600.0,500.0,559500.0
1107,2021-09-30 10:24:18,21600.0,100.0,559000.0
1108,2021-09-30 10:24:18,21600.0,700.0,558900.0
1109,2021-09-30 10:24:18,21600.0,2000.0,558200.0
1110,2021-09-30 10:24:18,21600.0,1000.0,556200.0
1111,2021-09-30 10:24:18,21600.0,500.0,555200.0
1112,2021-09-30 10:24:18,21600.0,100.0,554700.0
1113,2021-09-30 10:24:18,21600.0,500.0,554600.0
1114,2021-09-30 10:24:18,21600.0,400.0,554100.0
1115,2021-09-30 10:24:18,21600.0,500.0,553700.0
1116,2021-09-30 10:23:17,21600.0,200.0,553200.0
1117,2021-09-30 10:23:17,21600.0,500.0,553000.0
1118,2021-09-30 10:23:17,21600.0,1300.0,552500.0
1119,2021-09-30 10:23:17,21600.0,20000.0,551200.0
1120,2021-09-30 10:23:17,21600.0,300.0,531200.0
1121,2021-09-30 10:23:15,21650.0,100.0,530900.0
1122,2021-09-30 10:23:13,21600.0,200.0,530800.0
1123,2021-09-30 10:23:08,21650.0,100.0,530600.0
1124,2021-09-30 10:23:04,21600.0,200.0,530500.0
1125,2021-09-30 10:22:41,21650.0,100.0,530300.0
1126,2021-09-30 10:21:58,21650.0,100.0,530200.0
1127,2021-09-30 10:21:50,21600.0,300.0,530100.0
1128,2021-09-30 10:21:50,21600.0,100.0,529800.0
1129,2021-09-30 10:21:50,21600.0,200.0,529700.0
1130,2021-09-30 10:21:50,21600.0,300.0,529500.0
1131,2021-09-30 10:21:50,21600.0,400.0,529200.0
1132,2021-09-30 10:21:50,21600.0,200.0,528800.0
1133,2021-09-30 10:21:50,21600.0,500.0,528600.0
1134,2021-09-30 10:21:48,21650.0,300.0,528100.0
1135,2021-09-30 10:21:28,21600.0,200.0,527800.0
1136,2021-09-30 10:20:54,21650.0,100.0,527600.0
1137,2021-09-30 10:20:54,21650.0,100.0,527500.0
1138,2021-09-30 10:20:54,21650.0,300.0,527400.0
1139,2021-09-30 10:20:54,21650.0,1100.0,527100.0
1140,2021-09-30 10:20:38,21650.0,100.0,526000.0
1141,2021-09-30 10:19:52,21600.0,200.0,525900.0
1142,2021-09-30 10:19:50,21650.0,100.0,525700.0
1143,2021-09-30 10:18:44,21650.0,700.0,525600.0
1144,2021-09-30 10:18:26,21700.0,100.0,524900.0
1145,2021-09-30 10:18:16,21600.0,100.0,524800.0
1146,2021-09-30 10:18:16,21600.0,200.0,524700.0
1147,2021-09-30 10:18:08,21700.0,200.0,524500.0
1148,2021-09-30 10:18:08,21700.0,600.0,524300.0
1149,2021-09-30 10:17:49,21700.0,200.0,523700.0
1150,2021-09-30 10:17:49,21700.0,300.0,523500.0
1151,2021-09-30 10:17:49,21700.0,100.0,523200.0
1152,2021-09-30 10:17:49,21700.0,500.0,523100.0
1153,2021-09-30 10:17:49,21700.0,100.0,522600.0
1154,2021-09-30 10:17:49,21700.0,800.0,522500.0
1155,2021-09-30 10:17:49,21700.0,100.0,521700.0
1156,2021-09-30 10:17:49,21700.0,1000.0,521600.0
1157,2021-09-30 10:17:49,21700.0,700.0,520600.0
1158,2021-09-30 10:17:49,21700.0,100.0,519900.0
1159,2021-09-30 10:17:49,21700.0,100.0,519800.0
1160,2021-09-30 10:17:49,21700.0,100.0,519700.0
1161,2021-09-30 10:17:49,21700.0,200.0,519600.0
1162,2021-09-30 10:17:49,21700.0,5000.0,519400.0
1163,2021-09-30 10:17:49,21700.0,100.0,514400.0
1164,2021-09-30 10:17:33,21700.0,100.0,514300.0
1165,2021-09-30 10:17:33,21700.0,900.0,514200.0
1166,2021-09-30 10:17:17,21700.0,4000.0,513300.0
1167,2021-09-30 10:17:14,21700.0,600.0,509300.0
1168,2021-09-30 10:16:48,21700.0,3000.0,508700.0
1169,2021-09-30 10:16:45,21700.0,100.0,505700.0
1170,2021-09-30 10:16:43,21700.0,100.0,505600.0
1171,2021-09-30 10:16:40,21600.0,100.0,505500.0
1172,2021-09-30 10:16:40,21600.0,100.0,505400.0
1173,2021-09-30 10:15:13,21700.0,100.0,505300.0
1174,2021-09-30 10:15:05,21600.0,200.0,505200.0
1175,2021-09-30 10:14:33,21700.0,100.0,505000.0
1176,2021-09-30 10:14:26,21600.0,100.0,504900.0
1177,2021-09-30 10:13:55,21700.0,100.0,504800.0
1178,2021-09-30 10:13:29,21600.0,200.0,504700.0
1179,2021-09-30 10:13:26,21700.0,100.0,504500.0
1180,2021-09-30 10:13:21,21600.0,4400.0,504400.0
1181,2021-09-30 10:13:21,21600.0,200.0,500000.0
1182,2021-09-30 10:13:21,21600.0,300.0,499800.0
1183,2021-09-30 10:13:21,21600.0,1800.0,499500.0
1184,2021-09-30 10:13:21,21600.0,300.0,497700.0
1185,2021-09-30 10:13:21,21600.0,100.0,497400.0
1186,2021-09-30 10:13:21,21600.0,300.0,497300.0
1187,2021-09-30 10:13:21,21600.0,200.0,497000.0
1188,2021-09-30 10:13:21,21600.0,400.0,496800.0
1189,2021-09-30 10:13:21,21650.0,400.0,496400.0
1190,2021-09-30 10:13:21,21650.0,1200.0,496000.0
1191,2021-09-30 10:13:21,21650.0,100.0,494800.0
1192,2021-09-30 10:13:21,21650.0,300.0,494700.0
1193,2021-09-30 10:13:03,21700.0,900.0,494400.0
1194,2021-09-30 10:12:48,21700.0,100.0,493500.0
1195,2021-09-30 10:12:48,21700.0,200.0,493400.0
1196,2021-09-30 10:12:48,21700.0,100.0,493200.0
1197,2021-09-30 10:12:48,21700.0,100.0,493100.0
1198,2021-09-30 10:12:27,21750.0,400.0,493000.0
1199,2021-09-30 10:12:24,21750.0,500.0,492600.0
1200,2021-09-30 10:12:07,21750.0,200.0,492100.0
1201,2021-09-30 10:12:07,21750.0,100.0,491900.0
1202,2021-09-30 10:12:02,21750.0,500.0,491800.0
1203,2021-09-30 10:12:02,21750.0,4800.0,491300.0
1204,2021-09-30 10:12:02,21800.0,100.0,486500.0
1205,2021-09-30 10:11:53,21750.0,200.0,486400.0
1206,2021-09-30 10:11:47,21750.0,500.0,486200.0
1207,2021-09-30 10:11:47,21750.0,500.0,485700.0
1208,2021-09-30 10:11:41,21750.0,500.0,485200.0
1209,2021-09-30 10:11:41,21750.0,100.0,484700.0
1210,2021-09-30 10:11:41,21750.0,400.0,484600.0
1211,2021-09-30 10:11:28,21750.0,200.0,484200.0
1212,2021-09-30 10:11:16,21800.0,100.0,484000.0
1213,2021-09-30 10:11:04,21750.0,200.0,483900.0
1214,2021-09-30 10:10:57,21750.0,200.0,483700.0
1215,2021-09-30 10:10:56,21750.0,100.0,483500.0
1216,2021-09-30 10:10:48,21800.0,600.0,483400.0
1217,2021-09-30 10:10:48,21800.0,100.0,482800.0
1218,2021-09-30 10:10:48,21800.0,900.0,482700.0
1219,2021-09-30 10:10:29,21800.0,100.0,481800.0
1220,2021-09-30 10:10:22,21750.0,200.0,481700.0
1221,2021-09-30 10:10:22,21750.0,100.0,481500.0
1222,2021-09-30 10:10:22,21750.0,200.0,481400.0
1223,2021-09-30 10:10:22,21750.0,400.0,481200.0
1224,2021-09-30 10:10:17,21700.0,200.0,480800.0
1225,2021-09-30 10:10:17,21700.0,100.0,480600.0
1226,2021-09-30 10:09:56,21750.0,100.0,480500.0
1227,2021-09-30 10:09:20,21750.0,100.0,480400.0
1228,2021-09-30 10:09:03,21750.0,300.0,480300.0
1229,2021-09-30 10:09:01,21700.0,500.0,480000.0
1230,2021-09-30 10:08:56,21750.0,100.0,479500.0
1231,2021-09-30 10:08:55,21700.0,500.0,479400.0
1232,2021-09-30 10:08:53,21750.0,200.0,478900.0
1233,2021-09-30 10:08:51,21700.0,900.0,478700.0
1234,2021-09-30 10:08:51,21700.0,200.0,477800.0
1235,2021-09-30 10:08:51,21700.0,900.0,477600.0
1236,2021-09-30 10:08:50,21750.0,100.0,476700.0
1237,2021-09-30 10:08:41,21700.0,100.0,476600.0
1238,2021-09-30 10:08:41,21750.0,100.0,476500.0
1239,2021-09-30 10:08:30,21800.0,100.0,476400.0
1240,2021-09-30 10:08:23,21750.0,200.0,476300.0
1241,2021-09-30 10:08:23,21750.0,100.0,476100.0
1242,2021-09-30 10:08:23,21750.0,200.0,476000.0
1243,2021-09-30 10:08:23,21750.0,1000.0,475800.0
1244,2021-09-30 10:08:01,21800.0,1000.0,474800.0
1245,2021-09-30 10:08:01,21800.0,1000.0,473800.0
1246,2021-09-30 10:07:56,21800.0,1000.0,472800.0
1247,2021-09-30 10:07:54,21800.0,300.0,471800.0
1248,2021-09-30 10:07:38,21850.0,400.0,471500.0
1249,2021-09-30 10:07:38,21850.0,1000.0,471100.0
1250,2021-09-30 10:07:38,21850.0,200.0,470100.0
1251,2021-09-30 10:07:38,21850.0,400.0,469900.0
1252,2021-09-30 10:07:37,21800.0,100.0,469500.0
1253,2021-09-30 10:07:24,21850.0,100.0,469400.0
1254,2021-09-30 10:07:23,21800.0,200.0,469300.0
1255,2021-09-30 10:07:10,21800.0,200.0,469100.0
1256,2021-09-30 10:07:05,21800.0,200.0,468900.0
1257,2021-09-30 10:07:05,21800.0,100.0,468700.0
1258,2021-09-30 10:07:05,21800.0,2000.0,468600.0
1259,2021-09-30 10:07:05,21800.0,100.0,466600.0
1260,2021-09-30 10:07:05,21800.0,900.0,466500.0
1261,2021-09-30 10:07:05,21800.0,200.0,465600.0
1262,2021-09-30 10:07:05,21800.0,3000.0,465400.0
1263,2021-09-30 10:07:05,21800.0,100.0,462400.0
1264,2021-09-30 10:07:05,21800.0,500.0,462300.0
1265,2021-09-30 10:07:05,21800.0,100.0,461800.0
1266,2021-09-30 10:07:05,21800.0,5000.0,461700.0
1267,2021-09-30 10:06:58,21800.0,400.0,456700.0
1268,2021-09-30 10:06:02,21800.0,100.0,456300.0
1269,2021-09-30 10:06:02,21800.0,100.0,456200.0
1270,2021-09-30 10:05:56,21800.0,500.0,456100.0
1271,2021-09-30 10:05:56,21750.0,500.0,455600.0
1272,2021-09-30 10:05:54,21750.0,500.0,455100.0
1273,2021-09-30 10:05:42,21800.0,500.0,454600.0
1274,2021-09-30 10:05:42,21800.0,500.0,454100.0
1275,2021-09-30 10:05:41,21800.0,2500.0,453600.0
1276,2021-09-30 10:05:41,21800.0,100.0,451100.0
1277,2021-09-30 10:05:41,21850.0,400.0,451000.0
1278,2021-09-30 10:05:39,21900.0,100.0,450600.0
1279,2021-09-30 10:05:35,21850.0,300.0,450500.0
1280,2021-09-30 10:05:33,21850.0,800.0,450200.0
1281,2021-09-30 10:05:33,21850.0,600.0,449400.0
1282,2021-09-30 10:05:30,21850.0,2000.0,448800.0
1283,2021-09-30 10:05:29,21850.0,200.0,446800.0
1284,2021-09-30 10:05:29,21900.0,100.0,446600.0
1285,2021-09-30 10:05:26,21850.0,700.0,446500.0
1286,2021-09-30 10:05:17,21900.0,500.0,445800.0
1287,2021-09-30 10:05:17,21900.0,100.0,445300.0
1288,2021-09-30 10:05:17,21900.0,1600.0,445200.0
1289,2021-09-30 10:05:17,21900.0,800.0,443600.0
1290,2021-09-30 10:05:17,21900.0,1000.0,442800.0
1291,2021-09-30 10:05:17,21900.0,1000.0,441800.0
1292,2021-09-30 10:05:17,21900.0,1000.0,440800.0
1293,2021-09-30 10:05:17,21900.0,1000.0,439800.0
1294,2021-09-30 10:05:17,21900.0,600.0,438800.0
1295,2021-09-30 10:05:16,21900.0,5000.0,438200.0
1296,2021-09-30 10:05:00,21950.0,200.0,433200.0
1297,2021-09-30 10:05:00,21950.0,700.0,433000.0
1298,2021-09-30 10:05:00,21950.0,200.0,432300.0
1299,2021-09-30 10:04:45,21950.0,1000.0,432100.0
1300,2021-09-30 10:04:36,21950.0,100.0,431100.0
1301,2021-09-30 10:04:34,21900.0,1000.0,431000.0
1302,2021-09-30 10:04:27,21900.0,200.0,430000.0
1303,2021-09-30 10:04:22,22000.0,700.0,429800.0
1304,2021-09-30 10:04:15,22000.0,100.0,429100.0
1305,2021-09-30 10:04:04,21900.0,1000.0,429000.0
1306,2021-09-30 10:04:04,21900.0,300.0,428000.0
1307,2021-09-30 10:04:01,22000.0,500.0,427700.0
1308,2021-09-30 10:04:01,21900.0,100.0,427200.0
1309,2021-09-30 10:04:00,22000.0,100.0,427100.0
1310,2021-09-30 10:03:54,21900.0,300.0,427000.0
1311,2021-09-30 10:03:47,21900.0,200.0,426700.0
1312,2021-09-30 10:03:44,22000.0,2400.0,426500.0
1313,2021-09-30 10:03:44,22000.0,100.0,424100.0
1314,2021-09-30 10:03:44,22000.0,300.0,424000.0
1315,2021-09-30 10:03:44,22000.0,1000.0,423700.0
1316,2021-09-30 10:03:44,22000.0,3200.0,422700.0
1317,2021-09-30 10:03:43,22000.0,100.0,419500.0
1318,2021-09-30 10:03:38,21900.0,200.0,419400.0
1319,2021-09-30 10:03:35,22000.0,1100.0,419200.0
1320,2021-09-30 10:03:30,22000.0,3100.0,418100.0
1321,2021-09-30 10:03:30,22000.0,500.0,415000.0
1322,2021-09-30 10:03:30,21950.0,6300.0,414500.0
1323,2021-09-30 10:03:30,21950.0,5000.0,408200.0
1324,2021-09-30 10:03:30,21950.0,3000.0,403200.0
1325,2021-09-30 10:03:30,21950.0,2000.0,400200.0
1326,2021-09-30 10:03:30,21950.0,100.0,398200.0
1327,2021-09-30 10:03:27,21900.0,100.0,398100.0
1328,2021-09-30 10:03:21,21900.0,200.0,398000.0
1329,2021-09-30 10:03:19,21900.0,100.0,397800.0
1330,2021-09-30 10:03:19,21900.0,100.0,397700.0
1331,2021-09-30 10:03:19,21900.0,1400.0,397600.0
1332,2021-09-30 10:03:19,21900.0,1000.0,396200.0
1333,2021-09-30 10:03:19,21900.0,100.0,395200.0
1334,2021-09-30 10:03:19,21900.0,400.0,395100.0
1335,2021-09-30 10:03:19,21900.0,5000.0,394700.0
1336,2021-09-30 10:03:19,21900.0,100.0,389700.0
1337,2021-09-30 10:03:19,21900.0,200.0,389600.0
1338,2021-09-30 10:03:19,21900.0,2000.0,389400.0
1339,2021-09-30 10:03:19,21900.0,100.0,387400.0
1340,2021-09-30 10:03:19,21850.0,200.0,387300.0
1341,2021-09-30 10:03:19,21850.0,100.0,387100.0
1342,2021-09-30 10:03:17,21800.0,100.0,387000.0
1343,2021-09-30 10:03:17,21800.0,500.0,386900.0
1344,2021-09-30 10:03:15,21800.0,100.0,386400.0
1345,2021-09-30 10:03:14,21800.0,100.0,386300.0
1346,2021-09-30 10:03:12,21800.0,1300.0,386200.0
1347,2021-09-30 10:03:12,21800.0,500.0,384900.0
1348,2021-09-30 10:03:12,21800.0,100.0,384400.0
1349,2021-09-30 10:03:12,21800.0,1000.0,384300.0
1350,2021-09-30 10:03:12,21800.0,200.0,383300.0
1351,2021-09-30 10:03:12,21800.0,1000.0,383100.0
1352,2021-09-30 10:03:12,21800.0,700.0,382100.0
1353,2021-09-30 10:03:11,21800.0,700.0,381400.0
1354,2021-09-30 10:03:11,21800.0,200.0,380700.0
1355,2021-09-30 10:03:11,21800.0,100.0,380500.0
1356,2021-09-30 10:03:11,21800.0,200.0,380400.0
1357,2021-09-30 10:03:11,21800.0,500.0,380200.0
1358,2021-09-30 10:03:11,21800.0,1800.0,379700.0
1359,2021-09-30 10:03:08,21800.0,100.0,377900.0
1360,2021-09-30 10:03:06,21800.0,100.0,377800.0
1361,2021-09-30 10:03:06,21800.0,100.0,377700.0
1362,2021-09-30 10:03:06,21800.0,300.0,377600.0
1363,2021-09-30 10:03:06,21800.0,500.0,377300.0
1364,2021-09-30 10:03:03,21750.0,200.0,376800.0
1365,2021-09-30 10:02:55,21750.0,100.0,376600.0
1366,2021-09-30 10:02:55,21750.0,100.0,376500.0
1367,2021-09-30 10:02:55,21750.0,100.0,376400.0
1368,2021-09-30 10:02:55,21750.0,100.0,376300.0
1369,2021-09-30 10:02:47,21700.0,100.0,376200.0
1370,2021-09-30 10:02:47,21700.0,100.0,376100.0
1371,2021-09-30 10:02:47,21700.0,5000.0,376000.0
1372,2021-09-30 10:02:47,21700.0,1000.0,371000.0
1373,2021-09-30 10:02:47,21700.0,700.0,370000.0
1374,2021-09-30 10:02:47,21700.0,3000.0,369300.0
1375,2021-09-30 10:02:47,21700.0,200.0,366300.0
1376,2021-09-30 10:02:47,21700.0,500.0,366100.0
1377,2021-09-30 10:02:47,21700.0,100.0,365600.0
1378,2021-09-30 10:02:47,21700.0,100.0,365500.0
1379,2021-09-30 10:02:47,21700.0,500.0,365400.0
1380,2021-09-30 10:02:47,21700.0,4700.0,364900.0
1381,2021-09-30 10:02:47,21700.0,200.0,360200.0
1382,2021-09-30 10:02:47,21700.0,100.0,360000.0
1383,2021-09-30 10:02:47,21700.0,100.0,359900.0
1384,2021-09-30 10:02:47,21700.0,100.0,359800.0
1385,2021-09-30 10:02:47,21700.0,1000.0,359700.0
1386,2021-09-30 10:02:47,21700.0,100.0,358700.0
1387,2021-09-30 10:02:47,21700.0,100.0,358600.0
1388,2021-09-30 10:02:47,21700.0,300.0,358500.0
1389,2021-09-30 10:02:47,21650.0,2000.0,358200.0
1390,2021-09-30 10:02:47,21650.0,1200.0,356200.0
1391,2021-09-30 10:02:46,21650.0,100.0,355000.0
1392,2021-09-30 10:02:46,21650.0,500.0,354900.0
1393,2021-09-30 10:02:46,21650.0,400.0,354400.0
1394,2021-09-30 10:02:43,21650.0,300.0,354000.0
1395,2021-09-30 10:02:40,21650.0,1000.0,353700.0
1396,2021-09-30 10:02:28,21650.0,100.0,352700.0
1397,2021-09-30 10:02:27,21650.0,4200.0,352600.0
1398,2021-09-30 10:02:27,21650.0,5000.0,348400.0
1399,2021-09-30 10:02:27,21650.0,1000.0,343400.0
1400,2021-09-30 10:02:27,21600.0,700.0,342400.0
1401,2021-09-30 10:02:27,21600.0,5000.0,341700.0
1402,2021-09-30 10:02:27,21600.0,500.0,336700.0
1403,2021-09-30 10:02:27,21600.0,100.0,336200.0
1404,2021-09-30 10:02:27,21600.0,100.0,336100.0
1405,2021-09-30 10:02:27,21600.0,800.0,336000.0
1406,2021-09-30 10:02:27,21600.0,100.0,335200.0
1407,2021-09-30 10:02:27,21600.0,1200.0,335100.0
1408,2021-09-30 10:02:27,21600.0,6000.0,333900.0
1409,2021-09-30 10:02:27,21600.0,200.0,327900.0
1410,2021-09-30 10:02:27,21600.0,100.0,327700.0
1411,2021-09-30 10:02:27,21600.0,1500.0,327600.0
1412,2021-09-30 10:02:27,21600.0,2000.0,326100.0
1413,2021-09-30 10:02:27,21600.0,200.0,324100.0
1414,2021-09-30 10:02:27,21600.0,200.0,323900.0
1415,2021-09-30 10:02:27,21600.0,300.0,323700.0
1416,2021-09-30 10:02:27,21600.0,300.0,323400.0
1417,2021-09-30 10:02:27,21600.0,200.0,323100.0
1418,2021-09-30 10:02:27,21600.0,100.0,322900.0
1419,2021-09-30 10:02:27,21600.0,200.0,322800.0
1420,2021-09-30 10:02:22,21550.0,200.0,322600.0
1421,2021-09-30 10:02:18,21550.0,200.0,322400.0
1422,2021-09-30 10:02:13,21550.0,2000.0,322200.0
1423,2021-09-30 10:02:13,21550.0,1000.0,320200.0
1424,2021-09-30 10:02:13,21550.0,100.0,319200.0
1425,2021-09-30 10:02:13,21550.0,3000.0,319100.0
1426,2021-09-30 10:02:13,21550.0,1500.0,316100.0
1427,2021-09-30 10:02:13,21550.0,4000.0,314600.0
1428,2021-09-30 10:02:13,21550.0,100.0,310600.0
1429,2021-09-30 10:02:13,21550.0,8600.0,310500.0
1430,2021-09-30 10:01:59,21550.0,100.0,301900.0
1431,2021-09-30 10:01:48,21500.0,500.0,301800.0
1432,2021-09-30 10:01:46,21550.0,200.0,301300.0
1433,2021-09-30 10:01:34,21550.0,100.0,301100.0
1434,2021-09-30 10:01:26,21500.0,100.0,301000.0
1435,2021-09-30 10:01:26,21500.0,3000.0,300900.0
1436,2021-09-30 10:01:26,21500.0,100.0,297900.0
1437,2021-09-30 10:01:26,21500.0,500.0,297800.0
1438,2021-09-30 10:01:26,21500.0,1000.0,297300.0
1439,2021-09-30 10:01:26,21500.0,500.0,296300.0
1440,2021-09-30 10:01:26,21500.0,300.0,295800.0
1441,2021-09-30 10:01:26,21500.0,200.0,295500.0
1442,2021-09-30 10:01:26,21500.0,500.0,295300.0
1443,2021-09-30 10:01:26,21500.0,500.0,294800.0
1444,2021-09-30 10:01:26,21500.0,500.0,294300.0
1445,2021-09-30 10:01:26,21500.0,1000.0,293800.0
1446,2021-09-30 10:01:26,21500.0,100.0,292800.0
1447,2021-09-30 10:01:26,21500.0,100.0,292700.0
1448,2021-09-30 10:01:26,21500.0,1000.0,292600.0
1449,2021-09-30 10:01:26,21500.0,2800.0,291600.0
1450,2021-09-30 10:01:26,21500.0,200.0,288800.0
1451,2021-09-30 10:01:26,21500.0,1000.0,288600.0
1452,2021-09-30 10:01:26,21500.0,1900.0,287600.0
1453,2021-09-30 10:01:19,21500.0,2900.0,285700.0
1454,2021-09-30 10:00:54,21500.0,200.0,282800.0
1455,2021-09-30 10:00:54,21500.0,1800.0,282600.0
1456,2021-09-30 10:00:42,21450.0,200.0,280800.0
1457,2021-09-30 10:00:38,21500.0,200.0,280600.0
1458,2021-09-30 10:00:38,21500.0,100.0,280400.0
1459,2021-09-30 10:00:38,21500.0,200.0,280300.0
1460,2021-09-30 10:00:17,21500.0,800.0,280100.0
1461,2021-09-30 10:00:17,21500.0,100.0,279300.0
1462,2021-09-30 10:00:17,21500.0,200.0,279200.0
1463,2021-09-30 10:00:17,21500.0,100.0,279000.0
1464,2021-09-30 10:00:17,21500.0,800.0,278900.0
1465,2021-09-30 10:00:00,21500.0,200.0,278100.0
1466,2021-09-30 10:00:00,21500.0,300.0,277900.0
1467,2021-09-30 09:59:44,21500.0,100.0,277600.0
1468,2021-09-30 09:59:30,21450.0,3600.0,277500.0
1469,2021-09-30 09:59:30,21450.0,1400.0,273900.0
1470,2021-09-30 09:59:11,21500.0,100.0,272500.0
1471,2021-09-30 09:59:06,21450.0,200.0,272400.0
1472,2021-09-30 09:59:00,21500.0,500.0,272200.0
1473,2021-09-30 09:59:00,21500.0,500.0,271700.0
1474,2021-09-30 09:58:55,21500.0,100.0,271200.0
1475,2021-09-30 09:58:52,21500.0,200.0,271100.0
1476,2021-09-30 09:58:47,21500.0,100.0,270900.0
1477,2021-09-30 09:58:37,21500.0,600.0,270800.0
1478,2021-09-30 09:58:37,21500.0,300.0,270200.0
1479,2021-09-30 09:58:11,21450.0,300.0,269900.0
1480,2021-09-30 09:58:00,21500.0,100.0,269600.0
1481,2021-09-30 09:57:53,21450.0,1000.0,269500.0
1482,2021-09-30 09:57:50,21500.0,100.0,268500.0
1483,2021-09-30 09:57:33,21450.0,1000.0,268400.0
1484,2021-09-30 09:57:30,21450.0,200.0,267400.0
1485,2021-09-30 09:57:20,21500.0,500.0,267200.0
1486,2021-09-30 09:57:20,21500.0,200.0,266700.0
1487,2021-09-30 09:57:20,21500.0,1000.0,266500.0
1488,2021-09-30 09:57:20,21500.0,300.0,265500.0
1489,2021-09-30 09:57:20,21500.0,3000.0,265200.0
1490,2021-09-30 09:57:02,21500.0,500.0,262200.0
1491,2021-09-30 09:57:02,21500.0,400.0,261700.0
1492,2021-09-30 09:57:02,21500.0,1100.0,261300.0
1493,2021-09-30 09:57:01,21500.0,200.0,260200.0
1494,2021-09-30 09:56:58,21500.0,100.0,260000.0
1495,2021-09-30 09:56:53,21500.0,2000.0,259900.0
1496,2021-09-30 09:56:41,21500.0,500.0,257900.0
1497,2021-09-30 09:56:01,21500.0,100.0,257400.0
1498,2021-09-30 09:56:01,21500.0,200.0,257300.0
1499,2021-09-30 09:55:54,21450.0,300.0,257100.0
1500,2021-09-30 09:55:44,21500.0,100.0,256800.0
1501,2021-09-30 09:55:40,21450.0,200.0,256700.0
1502,2021-09-30 09:55:33,21500.0,1000.0,256500.0
1503,2021-09-30 09:55:31,21500.0,100.0,255500.0
1504,2021-09-30 09:55:28,21450.0,1000.0,255400.0
1505,2021-09-30 09:55:25,21450.0,1000.0,254400.0
1506,2021-09-30 09:55:25,21450.0,1100.0,253400.0
1507,2021-09-30 09:55:25,21450.0,100.0,252300.0
1508,2021-09-30 09:55:22,21450.0,900.0,252200.0
1509,2021-09-30 09:55:22,21450.0,100.0,251300.0
1510,2021-09-30 09:55:14,21450.0,1000.0,251200.0
1511,2021-09-30 09:55:10,21450.0,1000.0,250200.0
1512,2021-09-30 09:55:10,21450.0,100.0,249200.0
1513,2021-09-30 09:55:10,21450.0,100.0,249100.0
1514,2021-09-30 09:55:10,21450.0,200.0,249000.0
1515,2021-09-30 09:55:10,21450.0,300.0,248800.0
1516,2021-09-30 09:55:10,21450.0,300.0,248500.0
1517,2021-09-30 09:55:03,21400.0,1000.0,248200.0
1518,2021-09-30 09:54:58,21450.0,100.0,247200.0
1519,2021-09-30 09:54:49,21400.0,100.0,247100.0
1520,2021-09-30 09:54:19,21400.0,200.0,247000.0
1521,2021-09-30 09:53:57,21400.0,200.0,246800.0
1522,2021-09-30 09:53:35,21400.0,1900.0,246600.0
1523,2021-09-30 09:53:01,21400.0,1400.0,244700.0
1524,2021-09-30 09:53:01,21400.0,200.0,243300.0
1525,2021-09-30 09:53:01,21400.0,100.0,243100.0
1526,2021-09-30 09:53:01,21400.0,500.0,243000.0
1527,2021-09-30 09:53:01,21400.0,1900.0,242500.0
1528,2021-09-30 09:53:01,21400.0,200.0,240600.0
1529,2021-09-30 09:53:01,21400.0,3700.0,240400.0
1530,2021-09-30 09:52:43,21400.0,200.0,236700.0
1531,2021-09-30 09:52:38,21400.0,500.0,236500.0
1532,2021-09-30 09:51:56,21400.0,600.0,236000.0
1533,2021-09-30 09:51:56,21400.0,200.0,235400.0
1534,2021-09-30 09:51:56,21400.0,100.0,235200.0
1535,2021-09-30 09:51:55,21450.0,100.0,235100.0
1536,2021-09-30 09:51:48,21400.0,200.0,235000.0
1537,2021-09-30 09:51:48,21400.0,200.0,234800.0
1538,2021-09-30 09:51:25,21450.0,100.0,234600.0
1539,2021-09-30 09:51:07,21400.0,200.0,234500.0
1540,2021-09-30 09:50:41,21450.0,100.0,234300.0
1541,2021-09-30 09:50:41,21450.0,1000.0,234200.0
1542,2021-09-30 09:50:41,21450.0,100.0,233200.0
1543,2021-09-30 09:50:20,21450.0,100.0,233100.0
1544,2021-09-30 09:50:03,21450.0,100.0,233000.0
1545,2021-09-30 09:50:03,21450.0,200.0,232900.0
1546,2021-09-30 09:49:34,21400.0,600.0,232700.0
1547,2021-09-30 09:49:34,21400.0,100.0,232100.0
1548,2021-09-30 09:49:34,21400.0,300.0,232000.0
1549,2021-09-30 09:49:31,21400.0,200.0,231700.0
1550,2021-09-30 09:49:24,21450.0,200.0,231500.0
1551,2021-09-30 09:48:49,21450.0,100.0,231300.0
1552,2021-09-30 09:48:30,21450.0,300.0,231200.0
1553,2021-09-30 09:48:18,21450.0,700.0,230900.0
1554,2021-09-30 09:48:18,21450.0,1300.0,230200.0
1555,2021-09-30 09:48:18,21500.0,100.0,228900.0
1556,2021-09-30 09:48:16,21450.0,100.0,228800.0
1557,2021-09-30 09:48:07,21450.0,1000.0,228700.0
1558,2021-09-30 09:48:03,21500.0,100.0,227700.0
1559,2021-09-30 09:47:55,21450.0,300.0,227600.0
1560,2021-09-30 09:47:35,21450.0,400.0,227300.0
1561,2021-09-30 09:47:09,21450.0,600.0,226900.0
1562,2021-09-30 09:47:09,21450.0,400.0,226300.0
1563,2021-09-30 09:47:05,21450.0,500.0,225900.0
1564,2021-09-30 09:46:56,21450.0,1100.0,225400.0
1565,2021-09-30 09:46:56,21450.0,900.0,224300.0
1566,2021-09-30 09:46:19,21400.0,200.0,223400.0
1567,2021-09-30 09:45:37,21450.0,100.0,223200.0
1568,2021-09-30 09:45:32,21400.0,200.0,223100.0
1569,2021-09-30 09:45:17,21450.0,200.0,222900.0
1570,2021-09-30 09:45:07,21500.0,100.0,222700.0
1571,2021-09-30 09:45:07,21450.0,100.0,222600.0
1572,2021-09-30 09:44:59,21400.0,100.0,222500.0
1573,2021-09-30 09:44:59,21400.0,1300.0,222400.0
1574,2021-09-30 09:44:59,21450.0,1000.0,221100.0
1575,2021-09-30 09:44:59,21450.0,300.0,220100.0
1576,2021-09-30 09:44:59,21450.0,4000.0,219800.0
1577,2021-09-30 09:44:59,21450.0,1000.0,215800.0
1578,2021-09-30 09:44:59,21450.0,100.0,214800.0
1579,2021-09-30 09:44:59,21450.0,2200.0,214700.0
1580,2021-09-30 09:44:58,21450.0,200.0,212500.0
1581,2021-09-30 09:44:43,21450.0,200.0,212300.0
1582,2021-09-30 09:44:17,21450.0,400.0,212100.0
1583,2021-09-30 09:44:17,21450.0,100.0,211700.0
1584,2021-09-30 09:44:17,21450.0,500.0,211600.0
1585,2021-09-30 09:44:09,21450.0,1000.0,211100.0
1586,2021-09-30 09:43:19,21450.0,1200.0,210100.0
1587,2021-09-30 09:43:08,21450.0,200.0,208900.0
1588,2021-09-30 09:42:57,21450.0,1300.0,208700.0
1589,2021-09-30 09:42:56,21450.0,300.0,207400.0
1590,2021-09-30 09:42:52,21450.0,3000.0,207100.0
1591,2021-09-30 09:42:30,21450.0,1000.0,204100.0
1592,2021-09-30 09:42:24,21450.0,300.0,203100.0
1593,2021-09-30 09:42:19,21450.0,300.0,202800.0
1594,2021-09-30 09:42:15,21450.0,3500.0,202500.0
1595,2021-09-30 09:42:10,21450.0,200.0,199000.0
1596,2021-09-30 09:42:06,21450.0,3000.0,198800.0
1597,2021-09-30 09:41:32,21450.0,200.0,195800.0
1598,2021-09-30 09:40:48,21500.0,500.0,195600.0
1599,2021-09-30 09:40:29,21450.0,100.0,195100.0
1600,2021-09-30 09:39:58,21500.0,100.0,195000.0
1601,2021-09-30 09:39:56,21450.0,300.0,194900.0
1602,2021-09-30 09:39:37,21450.0,700.0,194600.0
1603,2021-09-30 09:39:37,21450.0,5600.0,193900.0
1604,2021-09-30 09:39:37,21450.0,1100.0,188300.0
1605,2021-09-30 09:39:37,21450.0,100.0,187200.0
1606,2021-09-30 09:39:37,21450.0,200.0,187100.0
1607,2021-09-30 09:39:37,21450.0,100.0,186900.0
1608,2021-09-30 09:39:37,21450.0,5400.0,186800.0
1609,2021-09-30 09:39:37,21450.0,10000.0,181400.0
1610,2021-09-30 09:39:37,21450.0,300.0,171400.0
1611,2021-09-30 09:39:37,21450.0,3000.0,171100.0
1612,2021-09-30 09:39:37,21450.0,2000.0,168100.0
1613,2021-09-30 09:39:37,21450.0,100.0,166100.0
1614,2021-09-30 09:39:37,21450.0,2800.0,166000.0
1615,2021-09-30 09:39:37,21450.0,500.0,163200.0
1616,2021-09-30 09:39:37,21450.0,100.0,162700.0
1617,2021-09-30 09:39:37,21450.0,1500.0,162600.0
1618,2021-09-30 09:39:37,21450.0,100.0,161100.0
1619,2021-09-30 09:39:37,21400.0,100.0,161000.0
1620,2021-09-30 09:39:32,21400.0,900.0,160900.0
1621,2021-09-30 09:39:26,21400.0,200.0,160000.0
1622,2021-09-30 09:39:25,21400.0,1000.0,159800.0
1623,2021-09-30 09:39:25,21400.0,800.0,158800.0
1624,2021-09-30 09:39:18,21400.0,200.0,158000.0
1625,2021-09-30 09:39:18,21400.0,900.0,157800.0
1626,2021-09-30 09:39:14,21400.0,2000.0,156900.0
1627,2021-09-30 09:39:08,21400.0,100.0,154900.0
1628,2021-09-30 09:39:06,21400.0,100.0,154800.0
1629,2021-09-30 09:39:06,21400.0,300.0,154700.0
1630,2021-09-30 09:39:02,21400.0,200.0,154400.0
1631,2021-09-30 09:38:54,21400.0,200.0,154200.0
1632,2021-09-30 09:38:54,21400.0,2000.0,154000.0
1633,2021-09-30 09:38:54,21400.0,1000.0,152000.0
1634,2021-09-30 09:38:54,21400.0,100.0,151000.0
1635,2021-09-30 09:38:42,21400.0,100.0,150900.0
1636,2021-09-30 09:38:34,21400.0,200.0,150800.0
1637,2021-09-30 09:38:34,21400.0,1000.0,150600.0
1638,2021-09-30 09:38:34,21400.0,100.0,149600.0
1639,2021-09-30 09:38:34,21400.0,100.0,149500.0
1640,2021-09-30 09:38:34,21400.0,500.0,149400.0
1641,2021-09-30 09:38:34,21400.0,400.0,148900.0
1642,2021-09-30 09:38:26,21400.0,3900.0,148500.0
1643,2021-09-30 09:38:20,21400.0,200.0,144600.0
1644,2021-09-30 09:38:18,21400.0,500.0,144400.0
1645,2021-09-30 09:38:18,21400.0,200.0,143900.0
1646,2021-09-30 09:38:18,21400.0,100.0,143700.0
1647,2021-09-30 09:38:18,21400.0,100.0,143600.0
1648,2021-09-30 09:38:18,21400.0,100.0,143500.0
1649,2021-09-30 09:38:16,21400.0,300.0,143400.0
1650,2021-09-30 09:37:59,21450.0,500.0,143100.0
1651,2021-09-30 09:37:55,21400.0,1000.0,142600.0
1652,2021-09-30 09:37:42,21400.0,600.0,141600.0
1653,2021-09-30 09:37:39,21400.0,200.0,141000.0
1654,2021-09-30 09:37:31,21400.0,600.0,140800.0
1655,2021-09-30 09:37:21,21450.0,100.0,140200.0
1656,2021-09-30 09:37:15,21400.0,100.0,140100.0
1657,2021-09-30 09:36:45,21400.0,200.0,140000.0
1658,2021-09-30 09:36:27,21450.0,100.0,139800.0
1659,2021-09-30 09:36:27,21450.0,200.0,139700.0
1660,2021-09-30 09:35:43,21450.0,1000.0,139500.0
1661,2021-09-30 09:35:33,21450.0,300.0,138500.0
1662,2021-09-30 09:35:30,21450.0,200.0,138200.0
1663,2021-09-30 09:35:12,21450.0,1000.0,138000.0
1664,2021-09-30 09:35:09,21400.0,200.0,137000.0
1665,2021-09-30 09:34:56,21450.0,500.0,136800.0
1666,2021-09-30 09:33:34,21400.0,500.0,136300.0
1667,2021-09-30 09:33:33,21400.0,300.0,135800.0
1668,2021-09-30 09:33:16,21400.0,500.0,135500.0
1669,2021-09-30 09:32:31,21400.0,300.0,135000.0
1670,2021-09-30 09:32:28,21450.0,100.0,134700.0
1671,2021-09-30 09:32:23,21400.0,300.0,134600.0
1672,2021-09-30 09:32:18,21400.0,100.0,134300.0
1673,2021-09-30 09:32:05,21400.0,100.0,134200.0
1674,2021-09-30 09:32:01,21400.0,200.0,134100.0
1675,2021-09-30 09:31:57,21400.0,200.0,133900.0
1676,2021-09-30 09:31:28,21400.0,1000.0,133700.0
1677,2021-09-30 09:31:24,21400.0,100.0,132700.0
1678,2021-09-30 09:31:18,21450.0,100.0,132600.0
1679,2021-09-30 09:30:38,21450.0,100.0,132500.0
1680,2021-09-30 09:30:21,21400.0,100.0,132400.0
1681,2021-09-30 09:30:21,21400.0,100.0,132300.0
1682,2021-09-30 09:30:19,21400.0,300.0,132200.0
1683,2021-09-30 09:30:08,21400.0,200.0,131900.0
1684,2021-09-30 09:29:54,21400.0,100.0,131700.0
1685,2021-09-30 09:29:47,21400.0,200.0,131600.0
1686,2021-09-30 09:29:42,21400.0,100.0,131400.0
1687,2021-09-30 09:29:34,21400.0,100.0,131300.0
1688,2021-09-30 09:29:34,21400.0,200.0,131200.0
1689,2021-09-30 09:29:34,21400.0,500.0,131000.0
1690,2021-09-30 09:29:34,21400.0,200.0,130500.0
1691,2021-09-30 09:29:22,21400.0,100.0,130300.0
1692,2021-09-30 09:29:22,21400.0,300.0,130200.0
1693,2021-09-30 09:29:12,21400.0,200.0,129900.0
1694,2021-09-30 09:29:12,21400.0,200.0,129700.0
1695,2021-09-30 09:28:52,21400.0,200.0,129500.0
1696,2021-09-30 09:28:45,21400.0,200.0,129300.0
1697,2021-09-30 09:28:29,21450.0,100.0,129100.0
1698,2021-09-30 09:28:20,21400.0,100.0,129000.0
1699,2021-09-30 09:28:19,21400.0,100.0,128900.0
1700,2021-09-30 09:28:19,21400.0,400.0,128800.0
1701,2021-09-30 09:28:12,21400.0,200.0,128400.0
1702,2021-09-30 09:28:12,21400.0,200.0,128200.0
1703,2021-09-30 09:28:12,21400.0,500.0,128000.0
1704,2021-09-30 09:28:12,21400.0,100.0,127500.0
1705,2021-09-30 09:28:12,21400.0,1000.0,127400.0
1706,2021-09-30 09:28:05,21400.0,100.0,126400.0
1707,2021-09-30 09:27:36,21450.0,100.0,126300.0
1708,2021-09-30 09:27:36,21450.0,100.0,126200.0
1709,2021-09-30 09:27:36,21450.0,300.0,126100.0
1710,2021-09-30 09:27:36,21450.0,100.0,125800.0
1711,2021-09-30 09:27:36,21450.0,100.0,125700.0
1712,2021-09-30 09:27:36,21450.0,1900.0,125600.0
1713,2021-09-30 09:27:36,21450.0,200.0,123700.0
1714,2021-09-30 09:27:25,21450.0,3900.0,123500.0
1715,2021-09-30 09:27:25,21450.0,100.0,119600.0
1716,2021-09-30 09:27:25,21450.0,1000.0,119500.0
1717,2021-09-30 09:27:25,21450.0,1000.0,118500.0
1718,2021-09-30 09:27:25,21450.0,1000.0,117500.0
1719,2021-09-30 09:27:11,21450.0,200.0,116500.0
1720,2021-09-30 09:26:39,21500.0,500.0,116300.0
1721,2021-09-30 09:26:36,21500.0,100.0,115800.0
1722,2021-09-30 09:26:30,21500.0,1000.0,115700.0
1723,2021-09-30 09:26:08,21500.0,300.0,114700.0
1724,2021-09-30 09:26:08,21500.0,1200.0,114400.0
1725,2021-09-30 09:25:54,21500.0,2000.0,113200.0
1726,2021-09-30 09:25:54,21500.0,400.0,111200.0
1727,2021-09-30 09:25:54,21500.0,1200.0,110800.0
1728,2021-09-30 09:25:54,21500.0,500.0,109600.0
1729,2021-09-30 09:25:54,21500.0,300.0,109100.0
1730,2021-09-30 09:25:54,21500.0,1000.0,108800.0
1731,2021-09-30 09:25:54,21500.0,1400.0,107800.0
1732,2021-09-30 09:25:40,21500.0,500.0,106400.0
1733,2021-09-30 09:25:39,21500.0,1000.0,105900.0
1734,2021-09-30 09:25:36,21500.0,100.0,104900.0
1735,2021-09-30 09:25:35,21500.0,400.0,104800.0
1736,2021-09-30 09:25:34,21500.0,500.0,104400.0
1737,2021-09-30 09:25:33,21500.0,300.0,103900.0
1738,2021-09-30 09:25:26,21500.0,800.0,103600.0
1739,2021-09-30 09:25:26,21500.0,400.0,102800.0
1740,2021-09-30 09:25:26,21500.0,1400.0,102400.0
1741,2021-09-30 09:25:26,21500.0,5000.0,101000.0
1742,2021-09-30 09:25:26,21500.0,100.0,96000.0
1743,2021-09-30 09:25:26,21500.0,500.0,95900.0
1744,2021-09-30 09:25:26,21500.0,100.0,95400.0
1745,2021-09-30 09:25:26,21500.0,100.0,95300.0
1746,2021-09-30 09:25:26,21500.0,500.0,95200.0
1747,2021-09-30 09:25:26,21500.0,100.0,94700.0
1748,2021-09-30 09:25:25,21500.0,1300.0,94600.0
1749,2021-09-30 09:25:21,21500.0,5000.0,93300.0
1750,2021-09-30 09:25:16,21500.0,1600.0,88300.0
1751,2021-09-30 09:25:16,21500.0,100.0,86700.0
1752,2021-09-30 09:24:50,21500.0,200.0,86600.0
1753,2021-09-30 09:24:50,21500.0,200.0,86400.0
1754,2021-09-30 09:24:50,21500.0,2600.0,86200.0
1755,2021-09-30 09:24:45,21600.0,1000.0,83600.0
1756,2021-09-30 09:24:18,21600.0,200.0,82600.0
1757,2021-09-30 09:24:13,21500.0,100.0,82400.0
1758,2021-09-30 09:24:08,21600.0,100.0,82300.0
1759,2021-09-30 09:24:08,21600.0,1900.0,82200.0
1760,2021-09-30 09:24:08,21600.0,500.0,80300.0
1761,2021-09-30 09:24:08,21600.0,4900.0,79800.0
1762,2021-09-30 09:23:59,21650.0,100.0,74900.0
1763,2021-09-30 09:23:58,21600.0,200.0,74800.0
1764,2021-09-30 09:23:51,21600.0,500.0,74600.0
1765,2021-09-30 09:23:45,21600.0,1000.0,74100.0
1766,2021-09-30 09:23:37,21600.0,1000.0,73100.0
1767,2021-09-30 09:23:37,21600.0,1000.0,72100.0
1768,2021-09-30 09:23:37,21600.0,100.0,71100.0
1769,2021-09-30 09:23:32,21600.0,100.0,71000.0
1770,2021-09-30 09:23:32,21600.0,100.0,70900.0
1771,2021-09-30 09:23:16,21600.0,100.0,70800.0
1772,2021-09-30 09:23:10,21600.0,300.0,70700.0
1773,2021-09-30 09:23:05,21600.0,1000.0,70400.0
1774,2021-09-30 09:22:57,21650.0,100.0,69400.0
1775,2021-09-30 09:22:53,21600.0,400.0,69300.0
1776,2021-09-30 09:22:53,21600.0,100.0,68900.0
1777,2021-09-30 09:22:52,21600.0,900.0,68800.0
1778,2021-09-30 09:22:52,21600.0,100.0,67900.0
1779,2021-09-30 09:22:49,21650.0,100.0,67800.0
1780,2021-09-30 09:22:45,21600.0,100.0,67700.0
1781,2021-09-30 09:22:45,21600.0,1000.0,67600.0
1782,2021-09-30 09:22:45,21600.0,600.0,66600.0
1783,2021-09-30 09:22:40,21600.0,100.0,66000.0
1784,2021-09-30 09:22:35,21500.0,1300.0,65900.0
1785,2021-09-30 09:22:35,21500.0,200.0,64600.0
1786,2021-09-30 09:22:35,21500.0,200.0,64400.0
1787,2021-09-30 09:22:29,21600.0,1000.0,64200.0
1788,2021-09-30 09:22:26,21600.0,100.0,63200.0
1789,2021-09-30 09:22:22,21500.0,200.0,63100.0
1790,2021-09-30 09:22:17,21500.0,1000.0,62900.0
1791,2021-09-30 09:22:08,21600.0,2200.0,61900.0
1792,2021-09-30 09:22:08,21600.0,100.0,59700.0
1793,2021-09-30 09:22:08,21600.0,100.0,59600.0
1794,2021-09-30 09:22:08,21600.0,1000.0,59500.0
1795,2021-09-30 09:22:08,21600.0,100.0,58500.0
1796,2021-09-30 09:22:08,21600.0,1500.0,58400.0
1797,2021-09-30 09:21:51,21600.0,1000.0,56900.0
1798,2021-09-30 09:21:12,21500.0,1800.0,55900.0
1799,2021-09-30 09:21:12,21500.0,600.0,54100.0
1800,2021-09-30 09:21:12,21500.0,600.0,53500.0
1801,2021-09-30 09:21:08,21500.0,2500.0,52900.0
1802,2021-09-30 09:21:08,21500.0,2500.0,50400.0
1803,2021-09-30 09:20:46,21450.0,200.0,47900.0
1804,2021-09-30 09:20:25,21500.0,100.0,47700.0
1805,2021-09-30 09:19:58,21500.0,200.0,47600.0
1806,2021-09-30 09:19:53,21450.0,600.0,47400.0
1807,2021-09-30 09:19:53,21450.0,100.0,46800.0
1808,2021-09-30 09:19:53,21450.0,200.0,46700.0
1809,2021-09-30 09:19:27,21500.0,600.0,46500.0
1810,2021-09-30 09:19:25,21500.0,600.0,45900.0
1811,2021-09-30 09:19:25,21500.0,900.0,45300.0
1812,2021-09-30 09:19:19,21500.0,1000.0,44400.0
1813,2021-09-30 09:19:16,21500.0,100.0,43400.0
1814,2021-09-30 09:19:16,21500.0,400.0,43300.0
1815,2021-09-30 09:19:10,21450.0,100.0,42900.0
1816,2021-09-30 09:19:10,21450.0,100.0,42800.0
1817,2021-09-30 09:19:10,21500.0,4600.0,42700.0
1818,2021-09-30 09:19:10,21500.0,100.0,38100.0
1819,2021-09-30 09:19:10,21500.0,6500.0,38000.0
1820,2021-09-30 09:19:10,21500.0,100.0,31500.0
1821,2021-09-30 09:19:10,21500.0,2000.0,31400.0
1822,2021-09-30 09:19:10,21500.0,100.0,29400.0
1823,2021-09-30 09:19:10,21500.0,100.0,29300.0
1824,2021-09-30 09:19:10,21500.0,1000.0,29200.0
1825,2021-09-30 09:19:10,21500.0,500.0,28200.0
1826,2021-09-30 09:19:10,21500.0,600.0,27700.0
1827,2021-09-30 09:19:10,21500.0,400.0,27100.0
1828,2021-09-30 09:18:52,21450.0,2000.0,26700.0
1829,2021-09-30 09:18:33,21500.0,500.0,24700.0
1830,2021-09-30 09:18:14,21500.0,200.0,24200.0
1831,2021-09-30 09:18:14,21500.0,500.0,24000.0
1832,2021-09-30 09:18:14,21500.0,300.0,23500.0
1833,2021-09-30 09:18:05,21500.0,200.0,23200.0
1834,2021-09-30 09:18:00,21450.0,1000.0,23000.0
1835,2021-09-30 09:17:58,21450.0,1900.0,22000.0
1836,2021-09-30 09:17:58,21450.0,100.0,20100.0
1837,2021-09-30 09:17:34,21450.0,300.0,20000.0
1838,2021-09-30 09:17:20,21450.0,300.0,19700.0
1839,2021-09-30 09:17:20,21450.0,100.0,19400.0
1840,2021-09-30 09:17:20,21450.0,200.0,19300.0
1841,2021-09-30 09:17:18,21400.0,200.0,19100.0
1842,2021-09-30 09:17:14,21400.0,100.0,18900.0
1843,2021-09-30 09:17:04,21400.0,200.0,18800.0
1844,2021-09-30 09:16:37,21400.0,100.0,18600.0
1845,2021-09-30 09:16:37,21400.0,200.0,18500.0
1846,2021-09-30 09:16:23,21400.0,300.0,18300.0
1847,2021-09-30 09:16:23,21400.0,1500.0,18000.0
1848,2021-09-30 09:15:58,21350.0,300.0,16500.0
1849,2021-09-30 09:15:56,21350.0,200.0,16200.0
1850,2021-09-30 09:15:41,21300.0,2000.0,16000.0
1851,2021-09-30 09:15:41,21300.0,1000.0,14000.0
1852,2021-09-30 09:15:41,21300.0,3000.0,13000.0
1853,2021-09-30 09:15:18,21400.0,1500.0,10000.0
1854,2021-09-30 09:15:02,21450.0,300.0,8500.0
1855,2021-09-30 09:15:00,21450.0,100.0,8200.0
1856,2021-09-30 09:15:00,21450.0,200.0,8100.0
1857,2021-09-30 09:15:00,21450.0,400.0,7900.0
1858,2021-09-30 09:15:00,21450.0,600.0,7500.0
1859,2021-09-30 09:15:00,21450.0,1700.0,6900.0
1860,2021-09-30 09:15:00,21450.0,300.0,5200.0
1861,2021-09-30 09:15:00,21450.0,200.0,4900.0
1862,2021-09-30 09:15:00,21450.0,100.0,4700.0
1863,2021-09-30 09:15:00,21450.0,100.0,4600.0
1864,2021-09-30 09:15:00,21450.0,1000.0,4500.0
1865,2021-09-30 09:15:00,21450.0,200.0,3500.0
1866,2021-09-30 09:15:00,21450.0,100.0,3300.0
1867,2021-09-30 09:15:00,21450.0,100.0,3200.0
1868,2021-09-30 09:15:00,21450.0,400.0,3100.0
1869,2021-09-30 09:15:00,21450.0,300.0,2700.0
1870,2021-09-30 09:15:00,21450.0,300.0,2400.0
1871,2021-09-30 09:15:00,21450.0,400.0,2100.0
1872,2021-09-30 09:15:00,21450.0,100.0,1700.0
1873,2021-09-30 09:15:00,21450.0,100.0,1600.0
1874,2021-09-30 09:15:00,21450.0,100.0,1500.0
1875,2021-09-30 09:15:00,21450.0,100.0,1400.0
1876,2021-09-30 09:15:00,21450.0,100.0,1300.0
1877,2021-09-30 09:15:00,21450.0,200.0,1200.0
1878,2021-09-30 09:15:00,21450.0,700.0,1000.0
1879,2021-09-30 09:15:00,21450.0,300.0,300.0
