,Time,Price,Volume_per_trade,Volume
0,2021-10-05 07:45:00,21800.0,100.0,2416600.0
1,2021-10-05 07:45:00,21800.0,100.0,2416500.0
2,2021-10-05 07:45:00,21800.0,500.0,2416400.0
3,2021-10-05 07:45:00,21800.0,1000.0,2415900.0
4,2021-10-05 07:45:00,21800.0,500.0,2414900.0
5,2021-10-05 07:45:00,21800.0,1000.0,2414400.0
6,2021-10-05 07:45:00,21800.0,100.0,2413400.0
7,2021-10-05 07:45:00,21800.0,500.0,2413300.0
8,2021-10-05 07:45:00,21800.0,500.0,2412800.0
9,2021-10-05 07:45:00,21800.0,400.0,2412300.0
10,2021-10-05 07:45:00,21800.0,200.0,2411900.0
11,2021-10-05 07:45:00,21800.0,100.0,2411700.0
12,2021-10-05 07:45:00,21800.0,2000.0,2411600.0
13,2021-10-05 07:45:00,21800.0,1000.0,2409600.0
14,2021-10-05 07:45:00,21800.0,1000.0,2408600.0
15,2021-10-05 07:45:00,21800.0,100.0,2407600.0
16,2021-10-05 07:45:00,21800.0,400.0,2407500.0
17,2021-10-05 07:45:00,21800.0,100.0,2407100.0
18,2021-10-05 07:45:00,21800.0,500.0,2407000.0
19,2021-10-05 07:45:00,21800.0,100.0,2406500.0
20,2021-10-05 07:45:00,21800.0,400.0,2406400.0
21,2021-10-05 07:45:00,21800.0,500.0,2406000.0
22,2021-10-05 07:45:00,21800.0,100.0,2405500.0
23,2021-10-05 07:45:00,21800.0,1000.0,2405400.0
24,2021-10-05 07:45:00,21800.0,1000.0,2404400.0
25,2021-10-05 07:45:00,21800.0,2300.0,2403400.0
26,2021-10-05 07:45:00,21800.0,500.0,2401100.0
27,2021-10-05 07:45:00,21800.0,500.0,2400600.0
28,2021-10-05 07:45:00,21800.0,200.0,2400100.0
29,2021-10-05 07:45:00,21800.0,500.0,2399900.0
30,2021-10-05 07:45:00,21800.0,600.0,2399400.0
31,2021-10-05 07:45:00,21800.0,500.0,2398800.0
32,2021-10-05 07:45:00,21800.0,1000.0,2398300.0
33,2021-10-05 07:45:00,21800.0,4000.0,2397300.0
34,2021-10-05 07:45:00,21800.0,7900.0,2393300.0
35,2021-10-05 07:45:00,21800.0,600.0,2385400.0
36,2021-10-05 07:45:00,21800.0,100.0,2384800.0
37,2021-10-05 07:45:00,21800.0,600.0,2384700.0
38,2021-10-05 07:45:00,21800.0,100.0,2384100.0
39,2021-10-05 07:45:00,21800.0,2600.0,2384000.0
40,2021-10-05 07:45:00,21800.0,200.0,2381400.0
41,2021-10-05 07:45:00,21800.0,1000.0,2381200.0
42,2021-10-05 07:45:00,21800.0,1000.0,2380200.0
43,2021-10-05 07:45:00,21800.0,200.0,2379200.0
44,2021-10-05 07:45:00,21800.0,100.0,2379000.0
45,2021-10-05 07:45:00,21800.0,100.0,2378900.0
46,2021-10-05 07:45:00,21800.0,1000.0,2378800.0
47,2021-10-05 07:45:00,21800.0,4500.0,2377800.0
48,2021-10-05 07:45:00,21800.0,2200.0,2373300.0
49,2021-10-05 07:45:00,21800.0,100.0,2371100.0
50,2021-10-05 07:45:00,21800.0,200.0,2371000.0
51,2021-10-05 07:45:00,21800.0,300.0,2370800.0
52,2021-10-05 07:45:00,21800.0,100.0,2370500.0
53,2021-10-05 07:45:00,21800.0,5100.0,2370400.0
54,2021-10-05 07:45:00,21800.0,100.0,2365300.0
55,2021-10-05 07:45:00,21800.0,800.0,2365200.0
56,2021-10-05 07:45:00,21800.0,200.0,2364400.0
57,2021-10-05 07:45:00,21800.0,500.0,2364200.0
58,2021-10-05 07:45:00,21800.0,100.0,2363700.0
59,2021-10-05 07:45:00,21800.0,100.0,2363600.0
60,2021-10-05 07:45:00,21800.0,100.0,2363500.0
61,2021-10-05 07:45:00,21800.0,100.0,2363400.0
62,2021-10-05 07:29:51,21800.0,500.0,2363300.0
63,2021-10-05 07:29:47,21800.0,200.0,2362800.0
64,2021-10-05 07:29:47,21800.0,300.0,2362600.0
65,2021-10-05 07:29:47,21800.0,100.0,2362300.0
66,2021-10-05 07:29:40,21800.0,200.0,2362200.0
67,2021-10-05 07:29:23,21800.0,300.0,2362000.0
68,2021-10-05 07:29:22,21800.0,200.0,2361700.0
69,2021-10-05 07:29:22,21800.0,2000.0,2361500.0
70,2021-10-05 07:29:18,21800.0,700.0,2359500.0
71,2021-10-05 07:29:18,21800.0,2300.0,2358800.0
72,2021-10-05 07:29:18,21750.0,100.0,2356500.0
73,2021-10-05 07:29:17,21800.0,100.0,2356400.0
74,2021-10-05 07:28:54,21800.0,3000.0,2356300.0
75,2021-10-05 07:28:05,21750.0,1700.0,2353300.0
76,2021-10-05 07:27:49,21750.0,100.0,2351600.0
77,2021-10-05 07:27:05,21800.0,600.0,2351500.0
78,2021-10-05 07:26:56,21750.0,500.0,2350900.0
79,2021-10-05 07:26:56,21750.0,500.0,2350400.0
80,2021-10-05 07:26:30,21800.0,300.0,2349900.0
81,2021-10-05 07:26:19,21750.0,300.0,2349600.0
82,2021-10-05 07:26:19,21750.0,200.0,2349300.0
83,2021-10-05 07:26:18,21750.0,800.0,2349100.0
84,2021-10-05 07:26:05,21750.0,400.0,2348300.0
85,2021-10-05 07:26:00,21750.0,300.0,2347900.0
86,2021-10-05 07:25:55,21700.0,500.0,2347600.0
87,2021-10-05 07:25:55,21700.0,100.0,2347100.0
88,2021-10-05 07:25:55,21700.0,400.0,2347000.0
89,2021-10-05 07:25:55,21700.0,5000.0,2346600.0
90,2021-10-05 07:25:55,21700.0,300.0,2341600.0
91,2021-10-05 07:25:55,21700.0,300.0,2341300.0
92,2021-10-05 07:25:55,21700.0,200.0,2341000.0
93,2021-10-05 07:25:55,21700.0,200.0,2340800.0
94,2021-10-05 07:25:55,21700.0,3000.0,2340600.0
95,2021-10-05 07:25:55,21700.0,300.0,2337600.0
96,2021-10-05 07:25:55,21700.0,1000.0,2337300.0
97,2021-10-05 07:25:55,21700.0,400.0,2336300.0
98,2021-10-05 07:25:55,21750.0,1000.0,2335900.0
99,2021-10-05 07:25:55,21750.0,3000.0,2334900.0
100,2021-10-05 07:25:55,21750.0,200.0,2331900.0
101,2021-10-05 07:25:55,21750.0,100.0,2331700.0
102,2021-10-05 07:25:55,21750.0,200.0,2331600.0
103,2021-10-05 07:25:55,21750.0,200.0,2331400.0
104,2021-10-05 07:25:55,21750.0,1000.0,2331200.0
105,2021-10-05 07:25:55,21750.0,1000.0,2330200.0
106,2021-10-05 07:25:55,21750.0,100.0,2329200.0
107,2021-10-05 07:25:55,21750.0,1500.0,2329100.0
108,2021-10-05 07:25:55,21750.0,500.0,2327600.0
109,2021-10-05 07:25:55,21750.0,600.0,2327100.0
110,2021-10-05 07:25:55,21750.0,600.0,2326500.0
111,2021-10-05 07:25:55,21750.0,100.0,2325900.0
112,2021-10-05 07:25:55,21750.0,100.0,2325800.0
113,2021-10-05 07:25:55,21750.0,100.0,2325700.0
114,2021-10-05 07:25:55,21750.0,600.0,2325600.0
115,2021-10-05 07:25:55,21750.0,200.0,2325000.0
116,2021-10-05 07:25:55,21750.0,6600.0,2324800.0
117,2021-10-05 07:25:54,21800.0,100.0,2318200.0
118,2021-10-05 07:25:54,21800.0,400.0,2318100.0
119,2021-10-05 07:25:52,21750.0,300.0,2317700.0
120,2021-10-05 07:25:00,21750.0,2100.0,2317400.0
121,2021-10-05 07:25:00,21750.0,200.0,2315300.0
122,2021-10-05 07:25:00,21750.0,600.0,2315100.0
123,2021-10-05 07:25:00,21750.0,100.0,2314500.0
124,2021-10-05 07:25:00,21750.0,600.0,2314400.0
125,2021-10-05 07:25:00,21750.0,1000.0,2313800.0
126,2021-10-05 07:25:00,21750.0,400.0,2312800.0
127,2021-10-05 07:24:59,21750.0,1900.0,2312400.0
128,2021-10-05 07:24:59,21750.0,500.0,2310500.0
129,2021-10-05 07:24:59,21750.0,1000.0,2310000.0
130,2021-10-05 07:24:59,21750.0,1000.0,2309000.0
131,2021-10-05 07:24:59,21750.0,100.0,2308000.0
132,2021-10-05 07:24:59,21750.0,1000.0,2307900.0
133,2021-10-05 07:24:59,21750.0,100.0,2306900.0
134,2021-10-05 07:24:59,21750.0,400.0,2306800.0
135,2021-10-05 07:24:56,21750.0,200.0,2306400.0
136,2021-10-05 07:24:50,21750.0,400.0,2306200.0
137,2021-10-05 07:24:50,21750.0,600.0,2305800.0
138,2021-10-05 07:24:40,21750.0,4600.0,2305200.0
139,2021-10-05 07:24:38,21800.0,100.0,2300600.0
140,2021-10-05 07:23:33,21800.0,200.0,2300500.0
141,2021-10-05 07:23:26,21800.0,500.0,2300300.0
142,2021-10-05 07:23:15,21800.0,2000.0,2299800.0
143,2021-10-05 07:23:15,21800.0,800.0,2297800.0
144,2021-10-05 07:23:15,21800.0,2800.0,2297000.0
145,2021-10-05 07:23:06,21800.0,900.0,2294200.0
146,2021-10-05 07:23:06,21800.0,1100.0,2293300.0
147,2021-10-05 07:23:06,21800.0,100.0,2292200.0
148,2021-10-05 07:23:06,21800.0,1000.0,2292100.0
149,2021-10-05 07:23:06,21800.0,1000.0,2291100.0
150,2021-10-05 07:23:06,21800.0,2600.0,2290100.0
151,2021-10-05 07:23:06,21800.0,500.0,2287500.0
152,2021-10-05 07:22:53,21800.0,100.0,2287000.0
153,2021-10-05 07:22:51,21800.0,2600.0,2286900.0
154,2021-10-05 07:22:23,21800.0,100.0,2284300.0
155,2021-10-05 07:21:51,21800.0,500.0,2284200.0
156,2021-10-05 07:21:46,21800.0,1000.0,2283700.0
157,2021-10-05 07:21:30,21800.0,200.0,2282700.0
158,2021-10-05 07:21:30,21800.0,200.0,2282500.0
159,2021-10-05 07:21:30,21800.0,500.0,2282300.0
160,2021-10-05 07:21:30,21800.0,3100.0,2281800.0
161,2021-10-05 07:21:27,21750.0,200.0,2278700.0
162,2021-10-05 07:21:27,21750.0,100.0,2278500.0
163,2021-10-05 07:21:27,21750.0,300.0,2278400.0
164,2021-10-05 07:21:27,21750.0,400.0,2278100.0
165,2021-10-05 07:21:07,21750.0,200.0,2277700.0
166,2021-10-05 07:21:07,21750.0,100.0,2277500.0
167,2021-10-05 07:21:04,21800.0,100.0,2277400.0
168,2021-10-05 07:20:44,21800.0,100.0,2277300.0
169,2021-10-05 07:20:43,21800.0,500.0,2277200.0
170,2021-10-05 07:20:23,21800.0,500.0,2276700.0
171,2021-10-05 07:20:18,21800.0,300.0,2276200.0
172,2021-10-05 07:20:14,21800.0,400.0,2275900.0
173,2021-10-05 07:20:14,21800.0,100.0,2275500.0
174,2021-10-05 07:20:01,21800.0,300.0,2275400.0
175,2021-10-05 07:19:47,21800.0,300.0,2275100.0
176,2021-10-05 07:19:27,21800.0,200.0,2274800.0
177,2021-10-05 07:19:25,21800.0,100.0,2274600.0
178,2021-10-05 07:19:25,21800.0,1000.0,2274500.0
179,2021-10-05 07:19:25,21800.0,300.0,2273500.0
180,2021-10-05 07:18:53,21800.0,100.0,2273200.0
181,2021-10-05 07:18:42,21800.0,200.0,2273100.0
182,2021-10-05 07:18:40,21800.0,400.0,2272900.0
183,2021-10-05 07:18:40,21800.0,100.0,2272500.0
184,2021-10-05 07:18:40,21800.0,300.0,2272400.0
185,2021-10-05 07:18:35,21800.0,1000.0,2272100.0
186,2021-10-05 07:18:10,21800.0,100.0,2271100.0
187,2021-10-05 07:18:09,21750.0,1900.0,2271000.0
188,2021-10-05 07:18:09,21750.0,500.0,2269100.0
189,2021-10-05 07:18:09,21750.0,1000.0,2268600.0
190,2021-10-05 07:18:09,21750.0,1000.0,2267600.0
191,2021-10-05 07:18:09,21750.0,2000.0,2266600.0
192,2021-10-05 07:18:09,21750.0,1000.0,2264600.0
193,2021-10-05 07:18:09,21750.0,1000.0,2263600.0
194,2021-10-05 07:18:09,21750.0,1000.0,2262600.0
195,2021-10-05 07:18:09,21750.0,600.0,2261600.0
196,2021-10-05 07:17:56,21800.0,1000.0,2261000.0
197,2021-10-05 07:17:50,21800.0,300.0,2260000.0
198,2021-10-05 07:17:50,21800.0,200.0,2259700.0
199,2021-10-05 07:17:36,21800.0,1100.0,2259500.0
200,2021-10-05 07:17:36,21800.0,300.0,2258400.0
201,2021-10-05 07:17:36,21800.0,600.0,2258100.0
202,2021-10-05 07:17:29,21800.0,400.0,2257500.0
203,2021-10-05 07:17:29,21800.0,100.0,2257100.0
204,2021-10-05 07:17:27,21800.0,1100.0,2257000.0
205,2021-10-05 07:17:27,21800.0,100.0,2255900.0
206,2021-10-05 07:17:27,21800.0,1000.0,2255800.0
207,2021-10-05 07:17:27,21800.0,500.0,2254800.0
208,2021-10-05 07:17:27,21800.0,600.0,2254300.0
209,2021-10-05 07:17:27,21800.0,100.0,2253700.0
210,2021-10-05 07:17:27,21800.0,500.0,2253600.0
211,2021-10-05 07:17:27,21800.0,300.0,2253100.0
212,2021-10-05 07:17:27,21800.0,400.0,2252800.0
213,2021-10-05 07:17:27,21800.0,700.0,2252400.0
214,2021-10-05 07:17:14,21800.0,100.0,2251700.0
215,2021-10-05 07:16:56,21750.0,100.0,2251600.0
216,2021-10-05 07:16:56,21750.0,800.0,2251500.0
217,2021-10-05 07:16:51,21750.0,100.0,2250700.0
218,2021-10-05 07:16:50,21750.0,900.0,2250600.0
219,2021-10-05 07:16:47,21750.0,1000.0,2249700.0
220,2021-10-05 07:16:43,21750.0,100.0,2248700.0
221,2021-10-05 07:16:43,21750.0,800.0,2248600.0
222,2021-10-05 07:16:40,21750.0,1300.0,2247800.0
223,2021-10-05 07:16:40,21750.0,100.0,2246500.0
224,2021-10-05 07:16:40,21750.0,3600.0,2246400.0
225,2021-10-05 07:16:23,21750.0,500.0,2242800.0
226,2021-10-05 07:16:18,21750.0,100.0,2242300.0
227,2021-10-05 07:15:33,21750.0,800.0,2242200.0
228,2021-10-05 07:15:31,21700.0,5000.0,2241400.0
229,2021-10-05 07:15:12,21750.0,200.0,2236400.0
230,2021-10-05 07:14:49,21750.0,100.0,2236200.0
231,2021-10-05 07:14:47,21750.0,2000.0,2236100.0
232,2021-10-05 07:14:42,21750.0,500.0,2234100.0
233,2021-10-05 07:14:38,21750.0,100.0,2233600.0
234,2021-10-05 07:14:38,21750.0,1000.0,2233500.0
235,2021-10-05 07:14:38,21750.0,100.0,2232500.0
236,2021-10-05 07:14:38,21750.0,300.0,2232400.0
237,2021-10-05 07:14:38,21750.0,400.0,2232100.0
238,2021-10-05 07:14:38,21750.0,100.0,2231700.0
239,2021-10-05 07:14:38,21750.0,200.0,2231600.0
240,2021-10-05 07:14:38,21750.0,500.0,2231400.0
241,2021-10-05 07:14:38,21750.0,2000.0,2230900.0
242,2021-10-05 07:14:38,21750.0,200.0,2228900.0
243,2021-10-05 07:14:38,21750.0,500.0,2228700.0
244,2021-10-05 07:14:38,21750.0,100.0,2228200.0
245,2021-10-05 07:14:38,21750.0,100.0,2228100.0
246,2021-10-05 07:14:38,21750.0,100.0,2228000.0
247,2021-10-05 07:14:38,21750.0,200.0,2227900.0
248,2021-10-05 07:14:38,21750.0,800.0,2227700.0
249,2021-10-05 07:14:38,21750.0,200.0,2226900.0
250,2021-10-05 07:14:38,21750.0,600.0,2226700.0
251,2021-10-05 07:14:38,21750.0,100.0,2226100.0
252,2021-10-05 07:14:38,21750.0,700.0,2226000.0
253,2021-10-05 07:14:38,21750.0,200.0,2225300.0
254,2021-10-05 07:14:38,21750.0,500.0,2225100.0
255,2021-10-05 07:14:38,21750.0,200.0,2224600.0
256,2021-10-05 07:14:38,21750.0,200.0,2224400.0
257,2021-10-05 07:14:38,21750.0,500.0,2224200.0
258,2021-10-05 07:14:38,21750.0,1000.0,2223700.0
259,2021-10-05 07:14:38,21750.0,1000.0,2222700.0
260,2021-10-05 07:14:38,21750.0,100.0,2221700.0
261,2021-10-05 07:14:38,21750.0,100.0,2221600.0
262,2021-10-05 07:14:38,21750.0,100.0,2221500.0
263,2021-10-05 07:14:11,21750.0,400.0,2221400.0
264,2021-10-05 07:14:11,21750.0,400.0,2221000.0
265,2021-10-05 07:12:59,21750.0,100.0,2220600.0
266,2021-10-05 07:12:59,21750.0,100.0,2220500.0
267,2021-10-05 07:12:59,21750.0,300.0,2220400.0
268,2021-10-05 07:12:59,21750.0,1400.0,2220100.0
269,2021-10-05 07:12:59,21750.0,100.0,2218700.0
270,2021-10-05 07:12:26,21750.0,200.0,2218600.0
271,2021-10-05 07:12:26,21750.0,3800.0,2218400.0
272,2021-10-05 07:12:15,21750.0,1000.0,2214600.0
273,2021-10-05 07:11:59,21750.0,200.0,2213600.0
274,2021-10-05 07:11:59,21750.0,800.0,2213400.0
275,2021-10-05 07:11:30,21750.0,200.0,2212600.0
276,2021-10-05 07:11:30,21750.0,200.0,2212400.0
277,2021-10-05 07:11:30,21750.0,300.0,2212200.0
278,2021-10-05 07:11:30,21750.0,100.0,2211900.0
279,2021-10-05 07:11:30,21750.0,500.0,2211800.0
280,2021-10-05 07:11:30,21750.0,300.0,2211300.0
281,2021-10-05 07:11:30,21750.0,200.0,2211000.0
282,2021-10-05 07:11:30,21750.0,500.0,2210800.0
283,2021-10-05 07:11:30,21750.0,100.0,2210300.0
284,2021-10-05 07:11:30,21750.0,300.0,2210200.0
285,2021-10-05 07:11:30,21750.0,4700.0,2209900.0
286,2021-10-05 07:11:30,21750.0,600.0,2205200.0
287,2021-10-05 07:11:23,21750.0,100.0,2204600.0
288,2021-10-05 07:10:42,21750.0,300.0,2204500.0
289,2021-10-05 07:10:42,21750.0,600.0,2204200.0
290,2021-10-05 07:10:42,21750.0,2400.0,2203600.0
291,2021-10-05 07:09:45,21750.0,200.0,2201200.0
292,2021-10-05 07:09:35,21800.0,300.0,2201000.0
293,2021-10-05 07:09:32,21750.0,500.0,2200700.0
294,2021-10-05 07:09:32,21750.0,500.0,2200200.0
295,2021-10-05 07:09:32,21750.0,500.0,2199700.0
296,2021-10-05 07:09:20,21800.0,900.0,2199200.0
297,2021-10-05 07:09:20,21800.0,200.0,2198300.0
298,2021-10-05 07:09:20,21800.0,100.0,2198100.0
299,2021-10-05 07:09:20,21800.0,200.0,2198000.0
300,2021-10-05 07:09:20,21800.0,400.0,2197800.0
301,2021-10-05 07:09:20,21800.0,2000.0,2197400.0
302,2021-10-05 07:09:20,21800.0,200.0,2195400.0
303,2021-10-05 07:07:28,21750.0,500.0,2195200.0
304,2021-10-05 07:07:28,21750.0,500.0,2194700.0
305,2021-10-05 07:07:28,21750.0,500.0,2194200.0
306,2021-10-05 07:07:28,21750.0,500.0,2193700.0
307,2021-10-05 07:07:28,21750.0,100.0,2193200.0
308,2021-10-05 07:07:28,21750.0,100.0,2193100.0
309,2021-10-05 07:07:28,21750.0,100.0,2193000.0
310,2021-10-05 07:07:28,21750.0,500.0,2192900.0
311,2021-10-05 07:07:28,21750.0,100.0,2192400.0
312,2021-10-05 07:07:28,21750.0,1800.0,2192300.0
313,2021-10-05 07:07:18,21800.0,300.0,2190500.0
314,2021-10-05 07:06:51,21750.0,200.0,2190200.0
315,2021-10-05 07:05:59,21750.0,1000.0,2190000.0
316,2021-10-05 07:05:57,21800.0,1000.0,2189000.0
317,2021-10-05 07:05:57,21800.0,5000.0,2188000.0
318,2021-10-05 07:05:48,21800.0,200.0,2183000.0
319,2021-10-05 07:05:32,21800.0,200.0,2182800.0
320,2021-10-05 07:05:07,21800.0,100.0,2182600.0
321,2021-10-05 07:05:03,21800.0,1000.0,2182500.0
322,2021-10-05 07:04:57,21800.0,100.0,2181500.0
323,2021-10-05 07:03:59,21800.0,100.0,2181400.0
324,2021-10-05 07:03:42,21800.0,1000.0,2181300.0
325,2021-10-05 07:03:36,21800.0,100.0,2180300.0
326,2021-10-05 07:02:27,21800.0,100.0,2180200.0
327,2021-10-05 07:02:03,21800.0,100.0,2180100.0
328,2021-10-05 07:01:34,21800.0,400.0,2180000.0
329,2021-10-05 07:01:23,21800.0,200.0,2179600.0
330,2021-10-05 07:01:20,21800.0,100.0,2179400.0
331,2021-10-05 07:00:48,21800.0,1000.0,2179300.0
332,2021-10-05 07:00:42,21800.0,100.0,2178300.0
333,2021-10-05 07:00:34,21800.0,3000.0,2178200.0
334,2021-10-05 07:00:12,21800.0,100.0,2175200.0
335,2021-10-05 07:00:03,21750.0,1200.0,2175100.0
336,2021-10-05 06:59:38,21750.0,800.0,2173900.0
337,2021-10-05 06:59:38,21750.0,200.0,2173100.0
338,2021-10-05 06:59:31,21750.0,800.0,2172900.0
339,2021-10-05 06:59:31,21750.0,1200.0,2172100.0
340,2021-10-05 06:59:31,21750.0,100.0,2170900.0
341,2021-10-05 06:59:05,21750.0,1700.0,2170800.0
342,2021-10-05 06:59:05,21750.0,300.0,2169100.0
343,2021-10-05 06:58:44,21750.0,1000.0,2168800.0
344,2021-10-05 06:58:43,21750.0,200.0,2167800.0
345,2021-10-05 06:58:19,21750.0,1500.0,2167600.0
346,2021-10-05 06:58:19,21750.0,700.0,2166100.0
347,2021-10-05 06:58:19,21750.0,100.0,2165400.0
348,2021-10-05 06:58:19,21750.0,300.0,2165300.0
349,2021-10-05 06:58:19,21750.0,100.0,2165000.0
350,2021-10-05 06:58:19,21750.0,1000.0,2164900.0
351,2021-10-05 06:58:19,21750.0,3300.0,2163900.0
352,2021-10-05 06:58:19,21750.0,800.0,2160600.0
353,2021-10-05 06:57:41,21750.0,200.0,2159800.0
354,2021-10-05 06:57:41,21750.0,300.0,2159600.0
355,2021-10-05 06:57:41,21750.0,200.0,2159300.0
356,2021-10-05 06:57:40,21750.0,500.0,2159100.0
357,2021-10-05 06:57:40,21750.0,500.0,2158600.0
358,2021-10-05 06:57:35,21750.0,100.0,2158100.0
359,2021-10-05 06:57:30,21750.0,100.0,2158000.0
360,2021-10-05 06:57:30,21750.0,200.0,2157900.0
361,2021-10-05 06:57:30,21750.0,700.0,2157700.0
362,2021-10-05 06:57:29,21750.0,200.0,2157000.0
363,2021-10-05 06:57:29,21750.0,1000.0,2156800.0
364,2021-10-05 06:57:27,21750.0,100.0,2155800.0
365,2021-10-05 06:57:23,21750.0,100.0,2155700.0
366,2021-10-05 06:57:21,21750.0,600.0,2155600.0
367,2021-10-05 06:57:21,21750.0,200.0,2155000.0
368,2021-10-05 06:57:18,21750.0,100.0,2154800.0
369,2021-10-05 06:57:17,21750.0,100.0,2154700.0
370,2021-10-05 06:57:17,21750.0,700.0,2154600.0
371,2021-10-05 06:57:17,21750.0,300.0,2153900.0
372,2021-10-05 06:57:13,21750.0,100.0,2153600.0
373,2021-10-05 06:57:09,21750.0,5200.0,2153500.0
374,2021-10-05 06:57:07,21750.0,400.0,2148300.0
375,2021-10-05 06:57:07,21750.0,600.0,2147900.0
376,2021-10-05 06:57:00,21750.0,400.0,2147300.0
377,2021-10-05 06:57:00,21750.0,600.0,2146900.0
378,2021-10-05 06:56:55,21750.0,400.0,2146300.0
379,2021-10-05 06:56:55,21750.0,100.0,2145900.0
380,2021-10-05 06:56:52,21750.0,400.0,2145800.0
381,2021-10-05 06:56:48,21750.0,300.0,2145400.0
382,2021-10-05 06:56:45,21750.0,300.0,2145100.0
383,2021-10-05 06:56:44,21750.0,5000.0,2144800.0
384,2021-10-05 06:56:44,21750.0,4400.0,2139800.0
385,2021-10-05 06:56:44,21750.0,600.0,2135400.0
386,2021-10-05 06:56:43,21750.0,3000.0,2134800.0
387,2021-10-05 06:56:26,21750.0,3000.0,2131800.0
388,2021-10-05 06:56:11,21750.0,1400.0,2128800.0
389,2021-10-05 06:55:58,21700.0,2300.0,2127400.0
390,2021-10-05 06:55:38,21700.0,300.0,2125100.0
391,2021-10-05 06:55:38,21700.0,300.0,2124800.0
392,2021-10-05 06:55:38,21700.0,100.0,2124500.0
393,2021-10-05 06:55:38,21700.0,300.0,2124400.0
394,2021-10-05 06:55:23,21750.0,200.0,2124100.0
395,2021-10-05 06:55:06,21700.0,200.0,2123900.0
396,2021-10-05 06:55:06,21700.0,4800.0,2123700.0
397,2021-10-05 06:54:52,21700.0,500.0,2118900.0
398,2021-10-05 06:54:50,21750.0,200.0,2118400.0
399,2021-10-05 06:54:48,21750.0,2000.0,2118200.0
400,2021-10-05 06:54:43,21750.0,300.0,2116200.0
401,2021-10-05 06:54:32,21750.0,5000.0,2115900.0
402,2021-10-05 06:54:29,21750.0,100.0,2110900.0
403,2021-10-05 06:54:28,21750.0,200.0,2110800.0
404,2021-10-05 06:54:19,21750.0,100.0,2110600.0
405,2021-10-05 06:54:19,21750.0,900.0,2110500.0
406,2021-10-05 06:54:18,21750.0,3000.0,2109600.0
407,2021-10-05 06:54:14,21750.0,200.0,2106600.0
408,2021-10-05 06:54:13,21700.0,2000.0,2106400.0
409,2021-10-05 06:54:01,21750.0,300.0,2104400.0
410,2021-10-05 06:54:00,21750.0,300.0,2104100.0
411,2021-10-05 06:53:55,21750.0,100.0,2103800.0
412,2021-10-05 06:53:43,21750.0,500.0,2103700.0
413,2021-10-05 06:53:36,21750.0,300.0,2103200.0
414,2021-10-05 06:53:21,21750.0,400.0,2102900.0
415,2021-10-05 06:53:21,21750.0,600.0,2102500.0
416,2021-10-05 06:53:13,21700.0,500.0,2101900.0
417,2021-10-05 06:52:50,21700.0,2200.0,2101400.0
418,2021-10-05 06:52:50,21700.0,500.0,2099200.0
419,2021-10-05 06:52:50,21700.0,300.0,2098700.0
420,2021-10-05 06:52:50,21700.0,100.0,2098400.0
421,2021-10-05 06:52:50,21700.0,2000.0,2098300.0
422,2021-10-05 06:52:50,21700.0,200.0,2096300.0
423,2021-10-05 06:52:50,21700.0,100.0,2096100.0
424,2021-10-05 06:52:50,21700.0,100.0,2096000.0
425,2021-10-05 06:52:50,21700.0,500.0,2095900.0
426,2021-10-05 06:52:50,21700.0,400.0,2095400.0
427,2021-10-05 06:52:50,21700.0,2500.0,2095000.0
428,2021-10-05 06:52:50,21700.0,100.0,2092500.0
429,2021-10-05 06:52:50,21700.0,100.0,2092400.0
430,2021-10-05 06:52:50,21700.0,2000.0,2092300.0
431,2021-10-05 06:52:50,21700.0,200.0,2090300.0
432,2021-10-05 06:52:50,21700.0,500.0,2090100.0
433,2021-10-05 06:52:50,21700.0,100.0,2089600.0
434,2021-10-05 06:52:50,21700.0,100.0,2089500.0
435,2021-10-05 06:52:50,21700.0,2000.0,2089400.0
436,2021-10-05 06:52:50,21700.0,400.0,2087400.0
437,2021-10-05 06:52:50,21700.0,300.0,2087000.0
438,2021-10-05 06:52:50,21700.0,1000.0,2086700.0
439,2021-10-05 06:52:50,21700.0,200.0,2085700.0
440,2021-10-05 06:52:50,21700.0,1000.0,2085500.0
441,2021-10-05 06:52:50,21700.0,100.0,2084500.0
442,2021-10-05 06:52:50,21700.0,500.0,2084400.0
443,2021-10-05 06:52:50,21700.0,300.0,2083900.0
444,2021-10-05 06:52:40,21700.0,100.0,2083600.0
445,2021-10-05 06:52:34,21700.0,100.0,2083500.0
446,2021-10-05 06:52:23,21750.0,1100.0,2083400.0
447,2021-10-05 06:52:13,21750.0,200.0,2082300.0
448,2021-10-05 06:52:08,21750.0,200.0,2082100.0
449,2021-10-05 06:51:55,21750.0,1000.0,2081900.0
450,2021-10-05 06:51:52,21750.0,100.0,2080900.0
451,2021-10-05 06:51:48,21750.0,100.0,2080800.0
452,2021-10-05 06:51:48,21750.0,1000.0,2080700.0
453,2021-10-05 06:51:48,21750.0,100.0,2079700.0
454,2021-10-05 06:51:48,21750.0,100.0,2079600.0
455,2021-10-05 06:51:48,21750.0,300.0,2079500.0
456,2021-10-05 06:51:48,21750.0,1000.0,2079200.0
457,2021-10-05 06:51:48,21750.0,200.0,2078200.0
458,2021-10-05 06:51:48,21750.0,500.0,2078000.0
459,2021-10-05 06:51:48,21750.0,1000.0,2077500.0
460,2021-10-05 06:51:48,21750.0,100.0,2076500.0
461,2021-10-05 06:51:48,21750.0,100.0,2076400.0
462,2021-10-05 06:51:48,21750.0,100.0,2076300.0
463,2021-10-05 06:51:48,21750.0,100.0,2076200.0
464,2021-10-05 06:51:48,21750.0,100.0,2076100.0
465,2021-10-05 06:51:48,21750.0,100.0,2076000.0
466,2021-10-05 06:51:48,21750.0,1000.0,2075900.0
467,2021-10-05 06:51:48,21750.0,200.0,2074900.0
468,2021-10-05 06:51:48,21750.0,100.0,2074700.0
469,2021-10-05 06:51:48,21750.0,300.0,2074600.0
470,2021-10-05 06:51:48,21750.0,3500.0,2074300.0
471,2021-10-05 06:51:48,21750.0,6000.0,2070800.0
472,2021-10-05 06:51:48,21750.0,800.0,2064800.0
473,2021-10-05 06:51:39,21750.0,300.0,2064000.0
474,2021-10-05 06:51:36,21750.0,1000.0,2063700.0
475,2021-10-05 06:51:24,21750.0,6900.0,2062700.0
476,2021-10-05 06:51:24,21750.0,1000.0,2055800.0
477,2021-10-05 06:51:24,21750.0,100.0,2054800.0
478,2021-10-05 06:51:24,21750.0,500.0,2054700.0
479,2021-10-05 06:51:24,21750.0,1000.0,2054200.0
480,2021-10-05 06:51:24,21750.0,500.0,2053200.0
481,2021-10-05 06:51:24,21750.0,100.0,2052700.0
482,2021-10-05 06:51:24,21750.0,600.0,2052600.0
483,2021-10-05 06:51:24,21750.0,100.0,2052000.0
484,2021-10-05 06:51:24,21750.0,1500.0,2051900.0
485,2021-10-05 06:51:24,21750.0,100.0,2050400.0
486,2021-10-05 06:51:24,21750.0,2000.0,2050300.0
487,2021-10-05 06:51:24,21750.0,100.0,2048300.0
488,2021-10-05 06:51:24,21750.0,100.0,2048200.0
489,2021-10-05 06:51:24,21750.0,500.0,2048100.0
490,2021-10-05 06:51:24,21750.0,300.0,2047600.0
491,2021-10-05 06:51:24,21750.0,500.0,2047300.0
492,2021-10-05 06:51:24,21750.0,500.0,2046800.0
493,2021-10-05 06:51:24,21750.0,500.0,2046300.0
494,2021-10-05 06:51:24,21750.0,100.0,2045800.0
495,2021-10-05 06:51:24,21750.0,100.0,2045700.0
496,2021-10-05 06:51:24,21750.0,7900.0,2045600.0
497,2021-10-05 06:51:19,21800.0,1000.0,2037700.0
498,2021-10-05 06:51:16,21750.0,2100.0,2036700.0
499,2021-10-05 06:51:16,21750.0,1500.0,2034600.0
500,2021-10-05 06:51:16,21750.0,1000.0,2033100.0
501,2021-10-05 06:51:16,21750.0,100.0,2032100.0
502,2021-10-05 06:51:16,21750.0,300.0,2032000.0
503,2021-10-05 06:50:30,21750.0,600.0,2031700.0
504,2021-10-05 06:50:30,21750.0,500.0,2031100.0
505,2021-10-05 06:50:30,21750.0,100.0,2030600.0
506,2021-10-05 06:50:30,21750.0,100.0,2030500.0
507,2021-10-05 06:50:30,21750.0,2000.0,2030400.0
508,2021-10-05 06:50:30,21750.0,5000.0,2028400.0
509,2021-10-05 06:50:30,21750.0,500.0,2023400.0
510,2021-10-05 06:50:30,21750.0,100.0,2022900.0
511,2021-10-05 06:50:30,21750.0,5000.0,2022800.0
512,2021-10-05 06:50:30,21750.0,200.0,2017800.0
513,2021-10-05 06:50:30,21750.0,100.0,2017600.0
514,2021-10-05 06:50:30,21750.0,500.0,2017500.0
515,2021-10-05 06:50:30,21750.0,5300.0,2017000.0
516,2021-10-05 06:50:28,21750.0,3500.0,2011700.0
517,2021-10-05 06:49:38,21800.0,400.0,2008200.0
518,2021-10-05 06:49:25,21800.0,500.0,2007800.0
519,2021-10-05 06:49:21,21750.0,500.0,2007300.0
520,2021-10-05 06:48:45,21750.0,600.0,2006800.0
521,2021-10-05 06:48:44,21750.0,10000.0,2006200.0
522,2021-10-05 06:48:31,21750.0,300.0,1996200.0
523,2021-10-05 06:48:29,21750.0,100.0,1995900.0
524,2021-10-05 06:47:58,21750.0,3000.0,1995800.0
525,2021-10-05 06:47:14,21750.0,200.0,1992800.0
526,2021-10-05 06:47:01,21750.0,1300.0,1992600.0
527,2021-10-05 06:46:54,21750.0,400.0,1991300.0
528,2021-10-05 06:46:35,21800.0,300.0,1990900.0
529,2021-10-05 06:46:22,21750.0,2200.0,1990600.0
530,2021-10-05 06:46:13,21750.0,1000.0,1988400.0
531,2021-10-05 06:45:25,21750.0,1600.0,1987400.0
532,2021-10-05 06:45:25,21750.0,100.0,1985800.0
533,2021-10-05 06:45:25,21750.0,500.0,1985700.0
534,2021-10-05 06:45:25,21750.0,100.0,1985200.0
535,2021-10-05 06:45:25,21750.0,400.0,1985100.0
536,2021-10-05 06:44:57,21800.0,1000.0,1984700.0
537,2021-10-05 06:44:51,21800.0,1800.0,1983700.0
538,2021-10-05 06:44:44,21800.0,200.0,1981900.0
539,2021-10-05 06:44:44,21800.0,100.0,1981700.0
540,2021-10-05 06:44:44,21800.0,500.0,1981600.0
541,2021-10-05 06:44:44,21800.0,1000.0,1981100.0
542,2021-10-05 06:44:44,21800.0,2500.0,1980100.0
543,2021-10-05 06:44:44,21800.0,100.0,1977600.0
544,2021-10-05 06:44:44,21800.0,1000.0,1977500.0
545,2021-10-05 06:44:44,21800.0,2000.0,1976500.0
546,2021-10-05 06:44:44,21800.0,1000.0,1974500.0
547,2021-10-05 06:44:44,21800.0,100.0,1973500.0
548,2021-10-05 06:44:44,21800.0,200.0,1973400.0
549,2021-10-05 06:44:44,21800.0,100.0,1973200.0
550,2021-10-05 06:44:44,21800.0,200.0,1973100.0
551,2021-10-05 06:44:44,21800.0,1000.0,1972900.0
552,2021-10-05 06:44:44,21800.0,500.0,1971900.0
553,2021-10-05 06:44:44,21800.0,200.0,1971400.0
554,2021-10-05 06:44:44,21800.0,500.0,1971200.0
555,2021-10-05 06:44:44,21800.0,200.0,1970700.0
556,2021-10-05 06:44:44,21800.0,300.0,1970500.0
557,2021-10-05 06:44:44,21800.0,1000.0,1970200.0
558,2021-10-05 06:44:38,21800.0,1200.0,1969200.0
559,2021-10-05 06:44:38,21800.0,100.0,1968000.0
560,2021-10-05 06:44:38,21800.0,3000.0,1967900.0
561,2021-10-05 06:44:38,21800.0,1800.0,1964900.0
562,2021-10-05 06:44:38,21800.0,200.0,1963100.0
563,2021-10-05 06:44:38,21800.0,100.0,1962900.0
564,2021-10-05 06:44:38,21800.0,200.0,1962800.0
565,2021-10-05 06:44:38,21800.0,200.0,1962600.0
566,2021-10-05 06:44:38,21800.0,100.0,1962400.0
567,2021-10-05 06:44:38,21800.0,2600.0,1962300.0
568,2021-10-05 06:44:38,21800.0,3000.0,1959700.0
569,2021-10-05 06:44:38,21800.0,2000.0,1956700.0
570,2021-10-05 06:44:38,21800.0,200.0,1954700.0
571,2021-10-05 06:44:38,21800.0,400.0,1954500.0
572,2021-10-05 06:44:38,21800.0,100.0,1954100.0
573,2021-10-05 06:44:38,21800.0,1000.0,1954000.0
574,2021-10-05 06:44:38,21800.0,100.0,1953000.0
575,2021-10-05 06:44:38,21800.0,5400.0,1952900.0
576,2021-10-05 06:44:38,21800.0,200.0,1947500.0
577,2021-10-05 06:44:38,21800.0,300.0,1947300.0
578,2021-10-05 06:44:38,21800.0,100.0,1947000.0
579,2021-10-05 06:44:38,21800.0,1000.0,1946900.0
580,2021-10-05 06:44:38,21800.0,100.0,1945900.0
581,2021-10-05 06:44:38,21800.0,300.0,1945800.0
582,2021-10-05 06:44:38,21800.0,100.0,1945500.0
583,2021-10-05 06:44:38,21800.0,1500.0,1945400.0
584,2021-10-05 06:44:38,21800.0,100.0,1943900.0
585,2021-10-05 06:44:38,21800.0,1000.0,1943800.0
586,2021-10-05 06:44:38,21800.0,100.0,1942800.0
587,2021-10-05 06:44:38,21800.0,100.0,1942700.0
588,2021-10-05 06:44:38,21800.0,1000.0,1942600.0
589,2021-10-05 06:44:38,21800.0,100.0,1941600.0
590,2021-10-05 06:44:38,21800.0,2000.0,1941500.0
591,2021-10-05 06:44:38,21800.0,200.0,1939500.0
592,2021-10-05 06:44:38,21800.0,300.0,1939300.0
593,2021-10-05 06:44:38,21800.0,500.0,1939000.0
594,2021-10-05 06:44:38,21800.0,1500.0,1938500.0
595,2021-10-05 06:44:38,21800.0,100.0,1937000.0
596,2021-10-05 06:44:38,21800.0,100.0,1936900.0
597,2021-10-05 06:44:38,21800.0,500.0,1936800.0
598,2021-10-05 06:44:38,21800.0,200.0,1936300.0
599,2021-10-05 06:44:38,21800.0,100.0,1936100.0
600,2021-10-05 06:44:38,21800.0,1000.0,1936000.0
601,2021-10-05 06:44:38,21800.0,300.0,1935000.0
602,2021-10-05 06:44:38,21800.0,100.0,1934700.0
603,2021-10-05 06:44:38,21800.0,100.0,1934600.0
604,2021-10-05 06:44:38,21800.0,3000.0,1934500.0
605,2021-10-05 06:44:38,21800.0,2000.0,1931500.0
606,2021-10-05 06:44:38,21800.0,100.0,1929500.0
607,2021-10-05 06:44:38,21800.0,300.0,1929400.0
608,2021-10-05 06:44:38,21800.0,5000.0,1929100.0
609,2021-10-05 06:44:38,21800.0,200.0,1924100.0
610,2021-10-05 06:44:38,21800.0,100.0,1923900.0
611,2021-10-05 06:44:38,21800.0,600.0,1923800.0
612,2021-10-05 06:44:38,21800.0,100.0,1923200.0
613,2021-10-05 06:44:38,21800.0,500.0,1923100.0
614,2021-10-05 06:44:38,21800.0,300.0,1922600.0
615,2021-10-05 06:44:38,21800.0,100.0,1922300.0
616,2021-10-05 06:44:38,21800.0,1000.0,1922200.0
617,2021-10-05 06:44:38,21800.0,1000.0,1921200.0
618,2021-10-05 06:44:38,21800.0,1000.0,1920200.0
619,2021-10-05 06:44:38,21800.0,500.0,1919200.0
620,2021-10-05 06:44:38,21800.0,300.0,1918700.0
621,2021-10-05 06:44:38,21800.0,30000.0,1918400.0
622,2021-10-05 06:44:38,21800.0,300.0,1888400.0
623,2021-10-05 06:44:38,21800.0,1000.0,1888100.0
624,2021-10-05 06:44:38,21800.0,400.0,1887100.0
625,2021-10-05 06:44:38,21800.0,200.0,1886700.0
626,2021-10-05 06:44:38,21800.0,3000.0,1886500.0
627,2021-10-05 06:44:38,21800.0,100.0,1883500.0
628,2021-10-05 06:44:38,21800.0,500.0,1883400.0
629,2021-10-05 06:44:38,21800.0,100.0,1882900.0
630,2021-10-05 06:44:38,21800.0,100.0,1882800.0
631,2021-10-05 06:44:38,21800.0,100.0,1882700.0
632,2021-10-05 06:44:38,21800.0,1000.0,1882600.0
633,2021-10-05 06:44:38,21800.0,200.0,1881600.0
634,2021-10-05 06:44:38,21800.0,1200.0,1881400.0
635,2021-10-05 06:44:38,21800.0,4100.0,1880200.0
636,2021-10-05 06:44:21,21800.0,900.0,1876100.0
637,2021-10-05 06:44:21,21800.0,300.0,1875200.0
638,2021-10-05 06:44:21,21800.0,2000.0,1874900.0
639,2021-10-05 06:44:21,21800.0,100.0,1872900.0
640,2021-10-05 06:44:20,21800.0,200.0,1872800.0
641,2021-10-05 06:44:20,21800.0,2000.0,1872600.0
642,2021-10-05 06:44:20,21800.0,100.0,1870600.0
643,2021-10-05 06:44:20,21800.0,100.0,1870500.0
644,2021-10-05 06:44:20,21800.0,100.0,1870400.0
645,2021-10-05 06:44:20,21800.0,200.0,1870300.0
646,2021-10-05 06:44:20,21800.0,500.0,1870100.0
647,2021-10-05 06:44:20,21800.0,100.0,1869600.0
648,2021-10-05 06:44:20,21800.0,500.0,1869500.0
649,2021-10-05 06:44:20,21800.0,1000.0,1869000.0
650,2021-10-05 06:44:20,21800.0,200.0,1868000.0
651,2021-10-05 06:44:16,21800.0,500.0,1867800.0
652,2021-10-05 06:44:16,21800.0,2000.0,1867300.0
653,2021-10-05 06:44:16,21800.0,500.0,1865300.0
654,2021-10-05 06:44:14,21800.0,300.0,1864800.0
655,2021-10-05 06:44:14,21800.0,200.0,1864500.0
656,2021-10-05 06:44:14,21800.0,300.0,1864300.0
657,2021-10-05 06:44:14,21800.0,200.0,1864000.0
658,2021-10-05 06:44:14,21800.0,1000.0,1863800.0
659,2021-10-05 06:44:14,21800.0,200.0,1862800.0
660,2021-10-05 06:44:14,21800.0,100.0,1862600.0
661,2021-10-05 06:44:14,21800.0,500.0,1862500.0
662,2021-10-05 06:44:14,21800.0,300.0,1862000.0
663,2021-10-05 06:44:14,21800.0,800.0,1861700.0
664,2021-10-05 06:44:14,21800.0,3000.0,1860900.0
665,2021-10-05 06:44:14,21800.0,100.0,1857900.0
666,2021-10-05 06:44:14,21800.0,500.0,1857800.0
667,2021-10-05 06:44:14,21800.0,200.0,1857300.0
668,2021-10-05 06:44:14,21800.0,100.0,1857100.0
669,2021-10-05 06:44:14,21800.0,100.0,1857000.0
670,2021-10-05 06:44:14,21800.0,100.0,1856900.0
671,2021-10-05 06:44:14,21800.0,3000.0,1856800.0
672,2021-10-05 06:44:05,21800.0,2000.0,1853800.0
673,2021-10-05 06:44:05,21800.0,400.0,1851800.0
674,2021-10-05 06:44:05,21800.0,500.0,1851400.0
675,2021-10-05 06:44:05,21800.0,10000.0,1850900.0
676,2021-10-05 06:44:05,21800.0,1000.0,1840900.0
677,2021-10-05 06:44:05,21800.0,100.0,1839900.0
678,2021-10-05 06:44:05,21800.0,500.0,1839800.0
679,2021-10-05 06:44:05,21800.0,300.0,1839300.0
680,2021-10-05 06:44:05,21800.0,1000.0,1839000.0
681,2021-10-05 06:44:05,21800.0,300.0,1838000.0
682,2021-10-05 06:44:05,21800.0,500.0,1837700.0
683,2021-10-05 06:44:05,21800.0,1000.0,1837200.0
684,2021-10-05 06:44:05,21800.0,200.0,1836200.0
685,2021-10-05 06:44:05,21800.0,2200.0,1836000.0
686,2021-10-05 06:44:00,21800.0,1000.0,1833800.0
687,2021-10-05 06:43:58,21800.0,1800.0,1832800.0
688,2021-10-05 06:43:58,21800.0,400.0,1831000.0
689,2021-10-05 06:43:58,21800.0,500.0,1830600.0
690,2021-10-05 06:43:58,21800.0,1000.0,1830100.0
691,2021-10-05 06:43:58,21800.0,100.0,1829100.0
692,2021-10-05 06:43:58,21800.0,500.0,1829000.0
693,2021-10-05 06:43:58,21800.0,200.0,1828500.0
694,2021-10-05 06:43:58,21800.0,300.0,1828300.0
695,2021-10-05 06:43:58,21800.0,1400.0,1828000.0
696,2021-10-05 06:43:30,21800.0,1000.0,1826600.0
697,2021-10-05 06:43:12,21800.0,500.0,1825600.0
698,2021-10-05 06:42:52,21800.0,200.0,1825100.0
699,2021-10-05 06:42:45,21850.0,100.0,1824900.0
700,2021-10-05 06:42:45,21800.0,100.0,1824800.0
701,2021-10-05 06:42:41,21850.0,200.0,1824700.0
702,2021-10-05 06:41:59,21850.0,2000.0,1824500.0
703,2021-10-05 06:41:50,21850.0,500.0,1822500.0
704,2021-10-05 06:41:47,21850.0,200.0,1822000.0
705,2021-10-05 06:41:36,21800.0,1800.0,1821800.0
706,2021-10-05 06:41:36,21800.0,200.0,1820000.0
707,2021-10-05 06:41:36,21800.0,100.0,1819800.0
708,2021-10-05 06:41:36,21800.0,500.0,1819700.0
709,2021-10-05 06:41:19,21850.0,1100.0,1819200.0
710,2021-10-05 06:40:51,21850.0,100.0,1818100.0
711,2021-10-05 06:40:16,21850.0,100.0,1818000.0
712,2021-10-05 06:39:51,21850.0,3000.0,1817900.0
713,2021-10-05 06:38:46,21850.0,3000.0,1814900.0
714,2021-10-05 06:37:58,21850.0,1000.0,1811900.0
715,2021-10-05 06:37:05,21850.0,2000.0,1810900.0
716,2021-10-05 06:37:04,21850.0,1200.0,1808900.0
717,2021-10-05 06:37:02,21800.0,200.0,1807700.0
718,2021-10-05 06:37:01,21850.0,600.0,1807500.0
719,2021-10-05 06:36:22,21850.0,200.0,1806900.0
720,2021-10-05 06:35:52,21800.0,100.0,1806700.0
721,2021-10-05 06:35:28,21850.0,100.0,1806600.0
722,2021-10-05 06:35:28,21850.0,500.0,1806500.0
723,2021-10-05 06:34:41,21850.0,2000.0,1806000.0
724,2021-10-05 06:33:55,21800.0,100.0,1804000.0
725,2021-10-05 06:33:06,21850.0,500.0,1803900.0
726,2021-10-05 06:33:00,21850.0,2200.0,1803400.0
727,2021-10-05 06:33:00,21850.0,200.0,1801200.0
728,2021-10-05 06:32:35,21850.0,200.0,1801000.0
729,2021-10-05 06:32:32,21850.0,500.0,1800800.0
730,2021-10-05 06:32:31,21800.0,700.0,1800300.0
731,2021-10-05 06:32:28,21850.0,1900.0,1799600.0
732,2021-10-05 06:32:28,21850.0,600.0,1797700.0
733,2021-10-05 06:32:26,21800.0,500.0,1797100.0
734,2021-10-05 06:32:24,21850.0,100.0,1796600.0
735,2021-10-05 06:32:20,21850.0,300.0,1796500.0
736,2021-10-05 06:32:20,21850.0,200.0,1796200.0
737,2021-10-05 06:32:15,21850.0,300.0,1796000.0
738,2021-10-05 06:32:05,21850.0,300.0,1795700.0
739,2021-10-05 06:32:05,21850.0,5400.0,1795400.0
740,2021-10-05 06:32:05,21850.0,100.0,1790000.0
741,2021-10-05 06:32:05,21850.0,5000.0,1789900.0
742,2021-10-05 06:32:05,21850.0,1000.0,1784900.0
743,2021-10-05 06:32:05,21850.0,8200.0,1783900.0
744,2021-10-05 06:31:10,21800.0,100.0,1775700.0
745,2021-10-05 06:30:44,21800.0,500.0,1775600.0
746,2021-10-05 06:30:39,21800.0,300.0,1775100.0
747,2021-10-05 06:30:39,21800.0,2000.0,1774800.0
748,2021-10-05 06:30:39,21800.0,500.0,1772800.0
749,2021-10-05 06:30:39,21800.0,100.0,1772300.0
750,2021-10-05 06:30:39,21800.0,1000.0,1772200.0
751,2021-10-05 06:30:39,21800.0,400.0,1771200.0
752,2021-10-05 06:30:39,21800.0,100.0,1770800.0
753,2021-10-05 06:30:39,21800.0,100.0,1770700.0
754,2021-10-05 06:30:37,21800.0,100.0,1770600.0
755,2021-10-05 06:30:37,21800.0,300.0,1770500.0
756,2021-10-05 06:30:28,21800.0,1700.0,1770200.0
757,2021-10-05 06:30:28,21800.0,2600.0,1768500.0
758,2021-10-05 06:30:28,21800.0,100.0,1765900.0
759,2021-10-05 06:30:28,21800.0,500.0,1765800.0
760,2021-10-05 06:30:28,21800.0,100.0,1765300.0
761,2021-10-05 06:30:28,21800.0,300.0,1765200.0
762,2021-10-05 06:30:28,21800.0,300.0,1764900.0
763,2021-10-05 06:30:28,21800.0,2000.0,1764600.0
764,2021-10-05 06:30:28,21800.0,1000.0,1762600.0
765,2021-10-05 06:30:28,21800.0,500.0,1761600.0
766,2021-10-05 06:30:28,21800.0,100.0,1761100.0
767,2021-10-05 06:30:28,21800.0,500.0,1761000.0
768,2021-10-05 06:30:28,21800.0,300.0,1760500.0
769,2021-10-05 06:30:28,21800.0,100.0,1760200.0
770,2021-10-05 06:30:28,21800.0,100.0,1760100.0
771,2021-10-05 06:30:28,21800.0,300.0,1760000.0
772,2021-10-05 06:29:20,21800.0,400.0,1759700.0
773,2021-10-05 06:29:20,21800.0,300.0,1759300.0
774,2021-10-05 06:29:20,21800.0,200.0,1759000.0
775,2021-10-05 06:29:20,21800.0,100.0,1758800.0
776,2021-10-05 06:29:18,21800.0,100.0,1758700.0
777,2021-10-05 06:29:18,21800.0,1500.0,1758600.0
778,2021-10-05 06:29:18,21800.0,100.0,1757100.0
779,2021-10-05 06:29:18,21800.0,500.0,1757000.0
780,2021-10-05 06:29:18,21800.0,2800.0,1756500.0
781,2021-10-05 06:28:44,21800.0,500.0,1753700.0
782,2021-10-05 06:28:29,21850.0,500.0,1753200.0
783,2021-10-05 06:28:10,21850.0,100.0,1752700.0
784,2021-10-05 06:28:01,21800.0,700.0,1752600.0
785,2021-10-05 06:27:26,21800.0,1000.0,1751900.0
786,2021-10-05 06:27:22,21850.0,300.0,1750900.0
787,2021-10-05 06:27:12,21850.0,400.0,1750600.0
788,2021-10-05 06:26:31,21850.0,1000.0,1750200.0
789,2021-10-05 06:26:05,21800.0,100.0,1749200.0
790,2021-10-05 06:26:05,21800.0,300.0,1749100.0
791,2021-10-05 06:26:05,21800.0,2000.0,1748800.0
792,2021-10-05 06:26:05,21800.0,300.0,1746800.0
793,2021-10-05 06:26:05,21800.0,2300.0,1746500.0
794,2021-10-05 06:25:37,21800.0,500.0,1744200.0
795,2021-10-05 06:24:58,21800.0,500.0,1743700.0
796,2021-10-05 06:24:38,21850.0,600.0,1743200.0
797,2021-10-05 06:24:38,21850.0,400.0,1742600.0
798,2021-10-05 06:24:37,21800.0,1000.0,1742200.0
799,2021-10-05 06:24:28,21850.0,100.0,1741200.0
800,2021-10-05 06:24:16,21800.0,500.0,1741100.0
801,2021-10-05 06:24:15,21850.0,100.0,1740600.0
802,2021-10-05 06:24:11,21800.0,1000.0,1740500.0
803,2021-10-05 06:23:52,21800.0,100.0,1739500.0
804,2021-10-05 06:23:45,21850.0,200.0,1739400.0
805,2021-10-05 06:23:32,21850.0,1000.0,1739200.0
806,2021-10-05 06:23:32,21850.0,200.0,1738200.0
807,2021-10-05 06:23:32,21850.0,400.0,1738000.0
808,2021-10-05 06:23:25,21850.0,500.0,1737600.0
809,2021-10-05 06:23:18,21850.0,100.0,1737100.0
810,2021-10-05 06:23:18,21850.0,100.0,1737000.0
811,2021-10-05 06:23:03,21850.0,400.0,1736900.0
812,2021-10-05 06:23:03,21850.0,900.0,1736500.0
813,2021-10-05 06:22:57,21850.0,100.0,1735600.0
814,2021-10-05 06:22:57,21850.0,400.0,1735500.0
815,2021-10-05 06:22:57,21850.0,500.0,1735100.0
816,2021-10-05 06:22:51,21850.0,200.0,1734600.0
817,2021-10-05 06:22:51,21850.0,100.0,1734400.0
818,2021-10-05 06:22:51,21850.0,1000.0,1734300.0
819,2021-10-05 06:22:51,21850.0,3800.0,1733300.0
820,2021-10-05 06:22:51,21850.0,600.0,1729500.0
821,2021-10-05 06:22:51,21850.0,100.0,1728900.0
822,2021-10-05 06:22:51,21850.0,1000.0,1728800.0
823,2021-10-05 06:22:51,21850.0,100.0,1727800.0
824,2021-10-05 06:22:51,21850.0,200.0,1727700.0
825,2021-10-05 06:22:51,21850.0,1000.0,1727500.0
826,2021-10-05 06:22:51,21850.0,200.0,1726500.0
827,2021-10-05 06:22:51,21850.0,200.0,1726300.0
828,2021-10-05 06:22:51,21850.0,1600.0,1726100.0
829,2021-10-05 06:22:43,21850.0,3400.0,1724500.0
830,2021-10-05 06:22:43,21850.0,500.0,1721100.0
831,2021-10-05 06:22:43,21850.0,300.0,1720600.0
832,2021-10-05 06:22:43,21850.0,100.0,1720300.0
833,2021-10-05 06:22:43,21850.0,400.0,1720200.0
834,2021-10-05 06:22:38,21850.0,100.0,1719800.0
835,2021-10-05 06:22:38,21850.0,4900.0,1719700.0
836,2021-10-05 06:22:35,21850.0,11100.0,1714800.0
837,2021-10-05 06:22:35,21850.0,200.0,1703700.0
838,2021-10-05 06:22:35,21850.0,100.0,1703500.0
839,2021-10-05 06:22:35,21850.0,100.0,1703400.0
840,2021-10-05 06:22:35,21850.0,2000.0,1703300.0
841,2021-10-05 06:22:35,21850.0,200.0,1701300.0
842,2021-10-05 06:22:35,21850.0,1900.0,1701100.0
843,2021-10-05 06:22:35,21850.0,100.0,1699200.0
844,2021-10-05 06:22:35,21850.0,100.0,1699100.0
845,2021-10-05 06:22:35,21850.0,500.0,1699000.0
846,2021-10-05 06:22:35,21850.0,100.0,1698500.0
847,2021-10-05 06:22:35,21850.0,300.0,1698400.0
848,2021-10-05 06:22:35,21850.0,200.0,1698100.0
849,2021-10-05 06:22:35,21850.0,200.0,1697900.0
850,2021-10-05 06:22:35,21850.0,200.0,1697700.0
851,2021-10-05 06:22:35,21850.0,200.0,1697500.0
852,2021-10-05 06:22:35,21850.0,200.0,1697300.0
853,2021-10-05 06:22:35,21850.0,100.0,1697100.0
854,2021-10-05 06:22:35,21850.0,300.0,1697000.0
855,2021-10-05 06:22:35,21850.0,800.0,1696700.0
856,2021-10-05 06:22:25,21850.0,500.0,1695900.0
857,2021-10-05 06:22:15,21850.0,700.0,1695400.0
858,2021-10-05 06:22:15,21850.0,100.0,1694700.0
859,2021-10-05 06:22:15,21850.0,200.0,1694600.0
860,2021-10-05 06:22:12,21850.0,300.0,1694400.0
861,2021-10-05 06:22:12,21850.0,100.0,1694100.0
862,2021-10-05 06:22:12,21850.0,1000.0,1694000.0
863,2021-10-05 06:22:12,21850.0,1000.0,1693000.0
864,2021-10-05 06:22:10,21900.0,100.0,1692000.0
865,2021-10-05 06:20:06,21850.0,200.0,1691900.0
866,2021-10-05 06:20:03,21850.0,2400.0,1691700.0
867,2021-10-05 06:20:03,21850.0,600.0,1689300.0
868,2021-10-05 06:20:03,21850.0,100.0,1688700.0
869,2021-10-05 06:20:03,21850.0,1000.0,1688600.0
870,2021-10-05 06:20:03,21850.0,900.0,1687600.0
871,2021-10-05 06:19:19,21900.0,2000.0,1686700.0
872,2021-10-05 06:19:07,21900.0,1500.0,1684700.0
873,2021-10-05 06:18:53,21900.0,300.0,1683200.0
874,2021-10-05 06:17:38,21900.0,300.0,1682900.0
875,2021-10-05 06:17:13,21900.0,100.0,1682600.0
876,2021-10-05 06:17:00,21850.0,2000.0,1682500.0
877,2021-10-05 06:16:42,21900.0,2000.0,1680500.0
878,2021-10-05 06:16:19,21900.0,100.0,1678500.0
879,2021-10-05 06:16:06,21900.0,5000.0,1678400.0
880,2021-10-05 06:15:43,21900.0,2800.0,1673400.0
881,2021-10-05 06:15:43,21900.0,1200.0,1670600.0
882,2021-10-05 06:15:43,21900.0,1000.0,1669400.0
883,2021-10-05 06:15:14,21900.0,5000.0,1668400.0
884,2021-10-05 06:15:01,21900.0,200.0,1663400.0
885,2021-10-05 06:14:45,21900.0,5000.0,1663200.0
886,2021-10-05 06:14:39,21900.0,200.0,1658200.0
887,2021-10-05 06:14:39,21900.0,200.0,1658000.0
888,2021-10-05 06:14:24,21900.0,200.0,1657800.0
889,2021-10-05 06:14:24,21900.0,100.0,1657600.0
890,2021-10-05 06:14:24,21900.0,100.0,1657500.0
891,2021-10-05 06:14:01,21900.0,200.0,1657400.0
892,2021-10-05 06:14:01,21900.0,400.0,1657200.0
893,2021-10-05 06:14:01,21900.0,2000.0,1656800.0
894,2021-10-05 06:14:01,21900.0,100.0,1654800.0
895,2021-10-05 06:14:01,21900.0,1000.0,1654700.0
896,2021-10-05 06:14:01,21900.0,1000.0,1653700.0
897,2021-10-05 06:14:01,21900.0,5200.0,1652700.0
898,2021-10-05 06:13:50,21900.0,200.0,1647500.0
899,2021-10-05 06:13:25,21900.0,1000.0,1647300.0
900,2021-10-05 06:12:59,21900.0,1800.0,1646300.0
901,2021-10-05 06:11:43,21850.0,2100.0,1644500.0
902,2021-10-05 06:11:43,21850.0,500.0,1642400.0
903,2021-10-05 06:11:43,21850.0,100.0,1641900.0
904,2021-10-05 06:11:43,21850.0,2000.0,1641800.0
905,2021-10-05 06:11:43,21850.0,200.0,1639800.0
906,2021-10-05 06:11:43,21850.0,100.0,1639600.0
907,2021-10-05 06:10:56,21850.0,100.0,1639500.0
908,2021-10-05 06:10:56,21850.0,500.0,1639400.0
909,2021-10-05 06:10:33,21850.0,200.0,1638900.0
910,2021-10-05 06:10:23,21850.0,1400.0,1638700.0
911,2021-10-05 06:10:23,21850.0,600.0,1637300.0
912,2021-10-05 06:10:23,21850.0,3000.0,1636700.0
913,2021-10-05 06:10:23,21850.0,5000.0,1633700.0
914,2021-10-05 06:10:07,21850.0,1500.0,1628700.0
915,2021-10-05 06:10:01,21900.0,500.0,1627200.0
916,2021-10-05 06:08:58,21850.0,2000.0,1626700.0
917,2021-10-05 06:08:50,21850.0,700.0,1624700.0
918,2021-10-05 06:08:36,21850.0,800.0,1624000.0
919,2021-10-05 06:08:36,21850.0,200.0,1623200.0
920,2021-10-05 06:08:36,21850.0,1000.0,1623000.0
921,2021-10-05 06:08:36,21850.0,100.0,1622000.0
922,2021-10-05 06:08:36,21850.0,200.0,1621900.0
923,2021-10-05 06:08:36,21850.0,7700.0,1621700.0
924,2021-10-05 06:08:18,21850.0,300.0,1614000.0
925,2021-10-05 06:08:11,21900.0,200.0,1613700.0
926,2021-10-05 06:08:11,21900.0,1000.0,1613500.0
927,2021-10-05 06:08:11,21900.0,500.0,1612500.0
928,2021-10-05 06:08:11,21900.0,300.0,1612000.0
929,2021-10-05 06:08:05,21900.0,1000.0,1611700.0
930,2021-10-05 06:08:01,21900.0,700.0,1610700.0
931,2021-10-05 06:07:54,21900.0,300.0,1610000.0
932,2021-10-05 06:07:52,21900.0,700.0,1609700.0
933,2021-10-05 06:07:52,21900.0,500.0,1609000.0
934,2021-10-05 06:07:52,21900.0,2400.0,1608500.0
935,2021-10-05 06:07:52,21900.0,1400.0,1606100.0
936,2021-10-05 06:07:31,21900.0,2000.0,1604700.0
937,2021-10-05 06:07:02,21900.0,1600.0,1602700.0
938,2021-10-05 06:07:02,21900.0,400.0,1601100.0
939,2021-10-05 06:06:03,21900.0,100.0,1600700.0
940,2021-10-05 06:06:03,21950.0,100.0,1600600.0
941,2021-10-05 06:06:03,21950.0,400.0,1600500.0
942,2021-10-05 06:05:00,21950.0,100.0,1600100.0
943,2021-10-05 06:04:56,21900.0,100.0,1600000.0
944,2021-10-05 06:04:33,21900.0,100.0,1599900.0
945,2021-10-05 06:03:52,21850.0,2000.0,1599800.0
946,2021-10-05 06:03:52,21850.0,2000.0,1597800.0
947,2021-10-05 06:03:52,21850.0,500.0,1595800.0
948,2021-10-05 06:03:52,21900.0,500.0,1595300.0
949,2021-10-05 06:03:52,21900.0,1300.0,1594800.0
950,2021-10-05 06:03:52,21900.0,100.0,1593500.0
951,2021-10-05 06:03:52,21900.0,200.0,1593400.0
952,2021-10-05 06:03:52,21900.0,1000.0,1593200.0
953,2021-10-05 06:03:52,21900.0,100.0,1592200.0
954,2021-10-05 06:03:52,21900.0,500.0,1592100.0
955,2021-10-05 06:03:52,21900.0,1800.0,1591600.0
956,2021-10-05 06:03:34,21950.0,500.0,1589800.0
957,2021-10-05 06:03:12,21950.0,500.0,1589300.0
958,2021-10-05 06:02:06,21950.0,3500.0,1588800.0
959,2021-10-05 06:02:06,21950.0,2500.0,1585300.0
960,2021-10-05 06:01:55,21900.0,200.0,1582800.0
961,2021-10-05 06:01:20,21900.0,300.0,1582600.0
962,2021-10-05 06:01:20,21900.0,300.0,1582300.0
963,2021-10-05 06:01:20,21900.0,300.0,1582000.0
964,2021-10-05 06:01:20,21900.0,300.0,1581700.0
965,2021-10-05 06:01:20,21900.0,1500.0,1581400.0
966,2021-10-05 06:01:20,21900.0,300.0,1579900.0
967,2021-10-05 06:01:13,21900.0,600.0,1579600.0
968,2021-10-05 06:01:13,21900.0,2400.0,1579000.0
969,2021-10-05 06:01:10,21900.0,400.0,1576600.0
970,2021-10-05 06:00:32,21900.0,100.0,1576200.0
971,2021-10-05 06:00:27,21900.0,100.0,1576100.0
972,2021-10-05 06:00:16,21900.0,700.0,1576000.0
973,2021-10-05 06:00:16,21900.0,100.0,1575300.0
974,2021-10-05 06:00:16,21900.0,200.0,1575200.0
975,2021-10-05 06:00:11,21900.0,100.0,1575000.0
976,2021-10-05 06:00:09,21900.0,200.0,1574900.0
977,2021-10-05 06:00:01,21900.0,14500.0,1574700.0
978,2021-10-05 06:00:01,21900.0,300.0,1560200.0
979,2021-10-05 06:00:01,21850.0,7600.0,1559900.0
980,2021-10-05 06:00:01,21850.0,200.0,1552300.0
981,2021-10-05 06:00:01,21850.0,2000.0,1552100.0
982,2021-10-05 06:00:01,21850.0,1000.0,1550100.0
983,2021-10-05 06:00:01,21850.0,100.0,1549100.0
984,2021-10-05 06:00:01,21850.0,300.0,1549000.0
985,2021-10-05 06:00:01,21850.0,200.0,1548700.0
986,2021-10-05 06:00:01,21850.0,3500.0,1548500.0
987,2021-10-05 06:00:01,21850.0,100.0,1545000.0
988,2021-10-05 06:00:01,21900.0,500.0,1544900.0
989,2021-10-05 04:29:57,21900.0,5000.0,1544400.0
990,2021-10-05 04:29:38,21900.0,200.0,1539400.0
991,2021-10-05 04:28:53,21900.0,500.0,1539200.0
992,2021-10-05 04:28:34,21900.0,100.0,1538700.0
993,2021-10-05 04:28:30,21900.0,400.0,1538600.0
994,2021-10-05 04:27:39,21850.0,300.0,1538200.0
995,2021-10-05 04:27:24,21850.0,300.0,1537900.0
996,2021-10-05 04:26:08,21850.0,400.0,1537600.0
997,2021-10-05 04:26:03,21850.0,500.0,1537200.0
998,2021-10-05 04:25:58,21850.0,400.0,1536700.0
999,2021-10-05 04:25:58,21850.0,2600.0,1536300.0
1000,2021-10-05 04:25:56,21850.0,400.0,1533700.0
1001,2021-10-05 04:25:56,21850.0,500.0,1533300.0
1002,2021-10-05 04:25:56,21850.0,3000.0,1532800.0
1003,2021-10-05 04:25:56,21850.0,1500.0,1529800.0
1004,2021-10-05 04:25:56,21850.0,500.0,1528300.0
1005,2021-10-05 04:25:56,21850.0,100.0,1527800.0
1006,2021-10-05 04:25:56,21850.0,800.0,1527700.0
1007,2021-10-05 04:25:54,21900.0,10000.0,1526900.0
1008,2021-10-05 04:25:50,21850.0,200.0,1516900.0
1009,2021-10-05 04:25:28,21850.0,500.0,1516700.0
1010,2021-10-05 04:25:14,21850.0,500.0,1516200.0
1011,2021-10-05 04:25:14,21850.0,500.0,1515700.0
1012,2021-10-05 04:24:56,21850.0,6300.0,1515200.0
1013,2021-10-05 04:24:35,21850.0,100.0,1508900.0
1014,2021-10-05 04:24:22,21850.0,400.0,1508800.0
1015,2021-10-05 04:24:22,21850.0,100.0,1508400.0
1016,2021-10-05 04:24:04,21850.0,100.0,1508300.0
1017,2021-10-05 04:23:38,21800.0,2300.0,1508200.0
1018,2021-10-05 04:23:38,21850.0,200.0,1505900.0
1019,2021-10-05 04:23:07,21800.0,6400.0,1505700.0
1020,2021-10-05 04:23:07,21850.0,200.0,1499300.0
1021,2021-10-05 04:23:07,21850.0,2700.0,1499100.0
1022,2021-10-05 04:23:07,21850.0,5000.0,1496400.0
1023,2021-10-05 04:23:07,21850.0,100.0,1491400.0
1024,2021-10-05 04:23:07,21850.0,2000.0,1491300.0
1025,2021-10-05 04:23:07,21850.0,1000.0,1489300.0
1026,2021-10-05 04:23:07,21850.0,2600.0,1488300.0
1027,2021-10-05 04:23:01,21850.0,800.0,1485700.0
1028,2021-10-05 04:22:48,21850.0,100.0,1484900.0
1029,2021-10-05 04:22:48,21850.0,100.0,1484800.0
1030,2021-10-05 04:22:48,21850.0,100.0,1484700.0
1031,2021-10-05 04:22:48,21850.0,600.0,1484600.0
1032,2021-10-05 04:22:48,21850.0,100.0,1484000.0
1033,2021-10-05 04:22:42,21850.0,100.0,1483900.0
1034,2021-10-05 04:22:18,21850.0,300.0,1483800.0
1035,2021-10-05 04:22:18,21850.0,600.0,1483500.0
1036,2021-10-05 04:22:18,21850.0,100.0,1482900.0
1037,2021-10-05 04:22:18,21850.0,400.0,1482800.0
1038,2021-10-05 04:21:21,21850.0,100.0,1482400.0
1039,2021-10-05 04:21:21,21850.0,700.0,1482300.0
1040,2021-10-05 04:21:21,21850.0,3300.0,1481600.0
1041,2021-10-05 04:21:21,21850.0,500.0,1478300.0
1042,2021-10-05 04:21:21,21850.0,200.0,1477800.0
1043,2021-10-05 04:21:21,21850.0,900.0,1477600.0
1044,2021-10-05 04:21:13,21850.0,200.0,1476700.0
1045,2021-10-05 04:20:37,21850.0,600.0,1476500.0
1046,2021-10-05 04:20:31,21850.0,6900.0,1475900.0
1047,2021-10-05 04:20:11,21850.0,400.0,1469000.0
1048,2021-10-05 04:20:11,21850.0,600.0,1468600.0
1049,2021-10-05 04:20:11,21850.0,1000.0,1468000.0
1050,2021-10-05 04:20:11,21850.0,100.0,1467000.0
1051,2021-10-05 04:20:11,21850.0,500.0,1466900.0
1052,2021-10-05 04:20:11,21850.0,400.0,1466400.0
1053,2021-10-05 04:19:53,21850.0,500.0,1466000.0
1054,2021-10-05 04:18:26,21850.0,800.0,1465500.0
1055,2021-10-05 04:17:30,21850.0,300.0,1464700.0
1056,2021-10-05 04:17:30,21850.0,100.0,1464400.0
1057,2021-10-05 04:17:30,21850.0,100.0,1464300.0
1058,2021-10-05 04:17:10,21850.0,100.0,1464200.0
1059,2021-10-05 04:17:06,21850.0,400.0,1464100.0
1060,2021-10-05 04:17:06,21850.0,200.0,1463700.0
1061,2021-10-05 04:17:06,21850.0,400.0,1463500.0
1062,2021-10-05 04:16:44,21900.0,1000.0,1463100.0
1063,2021-10-05 04:16:34,21850.0,100.0,1462100.0
1064,2021-10-05 04:16:34,21850.0,400.0,1462000.0
1065,2021-10-05 04:16:34,21850.0,200.0,1461600.0
1066,2021-10-05 04:16:34,21850.0,500.0,1461400.0
1067,2021-10-05 04:16:34,21850.0,800.0,1460900.0
1068,2021-10-05 04:16:28,21850.0,200.0,1460100.0
1069,2021-10-05 04:16:28,21850.0,400.0,1459900.0
1070,2021-10-05 04:16:11,21850.0,1800.0,1459500.0
1071,2021-10-05 04:16:11,21850.0,600.0,1457700.0
1072,2021-10-05 04:16:09,21850.0,400.0,1457100.0
1073,2021-10-05 04:16:09,21850.0,700.0,1456700.0
1074,2021-10-05 04:16:09,21850.0,1000.0,1456000.0
1075,2021-10-05 04:16:09,21850.0,1000.0,1455000.0
1076,2021-10-05 04:16:09,21850.0,100.0,1454000.0
1077,2021-10-05 04:16:09,21850.0,100.0,1453900.0
1078,2021-10-05 04:16:09,21850.0,300.0,1453800.0
1079,2021-10-05 04:16:09,21850.0,200.0,1453500.0
1080,2021-10-05 04:16:09,21850.0,100.0,1453300.0
1081,2021-10-05 04:16:09,21850.0,100.0,1453200.0
1082,2021-10-05 04:16:09,21850.0,3500.0,1453100.0
1083,2021-10-05 04:16:09,21850.0,300.0,1449600.0
1084,2021-10-05 04:16:09,21850.0,2000.0,1449300.0
1085,2021-10-05 04:16:09,21850.0,1000.0,1447300.0
1086,2021-10-05 04:15:56,21850.0,1000.0,1446300.0
1087,2021-10-05 04:15:49,21850.0,200.0,1445300.0
1088,2021-10-05 04:15:49,21850.0,200.0,1445100.0
1089,2021-10-05 04:15:49,21850.0,100.0,1444900.0
1090,2021-10-05 04:15:49,21850.0,300.0,1444800.0
1091,2021-10-05 04:15:49,21850.0,200.0,1444500.0
1092,2021-10-05 04:12:53,21850.0,300.0,1444300.0
1093,2021-10-05 04:12:53,21850.0,300.0,1444000.0
1094,2021-10-05 04:12:16,21850.0,700.0,1443700.0
1095,2021-10-05 04:12:16,21850.0,100.0,1443000.0
1096,2021-10-05 04:11:49,21900.0,100.0,1442900.0
1097,2021-10-05 04:11:38,21900.0,500.0,1442800.0
1098,2021-10-05 04:11:12,21900.0,200.0,1442300.0
1099,2021-10-05 04:10:42,21900.0,100.0,1442100.0
1100,2021-10-05 04:10:21,21850.0,900.0,1442000.0
1101,2021-10-05 04:10:21,21850.0,100.0,1441100.0
1102,2021-10-05 04:10:21,21850.0,100.0,1441000.0
1103,2021-10-05 04:10:21,21850.0,500.0,1440900.0
1104,2021-10-05 04:10:21,21850.0,400.0,1440400.0
1105,2021-10-05 04:10:21,21900.0,100.0,1440000.0
1106,2021-10-05 04:10:21,21900.0,100.0,1439900.0
1107,2021-10-05 04:09:37,21900.0,500.0,1439800.0
1108,2021-10-05 04:08:05,21850.0,700.0,1439300.0
1109,2021-10-05 04:08:05,21850.0,1000.0,1438600.0
1110,2021-10-05 04:08:05,21850.0,300.0,1437600.0
1111,2021-10-05 04:07:16,21900.0,400.0,1437300.0
1112,2021-10-05 04:07:00,21900.0,1000.0,1436900.0
1113,2021-10-05 04:05:55,21900.0,100.0,1435900.0
1114,2021-10-05 04:05:23,21900.0,2100.0,1435800.0
1115,2021-10-05 04:05:09,21900.0,100.0,1433700.0
1116,2021-10-05 04:04:23,21900.0,1000.0,1433600.0
1117,2021-10-05 04:04:05,21900.0,300.0,1432600.0
1118,2021-10-05 04:03:29,21900.0,200.0,1432300.0
1119,2021-10-05 04:02:45,21900.0,200.0,1432100.0
1120,2021-10-05 04:02:34,21850.0,1700.0,1431900.0
1121,2021-10-05 04:02:34,21850.0,200.0,1430200.0
1122,2021-10-05 04:02:34,21850.0,200.0,1430000.0
1123,2021-10-05 04:02:34,21850.0,200.0,1429800.0
1124,2021-10-05 04:02:34,21850.0,500.0,1429600.0
1125,2021-10-05 04:02:34,21850.0,100.0,1429100.0
1126,2021-10-05 04:02:34,21850.0,100.0,1429000.0
1127,2021-10-05 04:02:34,21850.0,100.0,1428900.0
1128,2021-10-05 04:02:34,21850.0,900.0,1428800.0
1129,2021-10-05 04:01:18,21850.0,4100.0,1427900.0
1130,2021-10-05 04:01:18,21850.0,100.0,1423800.0
1131,2021-10-05 04:01:18,21850.0,3000.0,1423700.0
1132,2021-10-05 04:01:18,21850.0,200.0,1420700.0
1133,2021-10-05 04:01:18,21850.0,5000.0,1420500.0
1134,2021-10-05 04:01:18,21850.0,300.0,1415500.0
1135,2021-10-05 04:01:18,21850.0,100.0,1415200.0
1136,2021-10-05 04:01:18,21850.0,300.0,1415100.0
1137,2021-10-05 04:01:18,21850.0,1000.0,1414800.0
1138,2021-10-05 04:01:18,21850.0,1000.0,1413800.0
1139,2021-10-05 04:01:18,21850.0,100.0,1412800.0
1140,2021-10-05 04:01:18,21850.0,100.0,1412700.0
1141,2021-10-05 04:01:18,21850.0,1000.0,1412600.0
1142,2021-10-05 04:01:18,21850.0,2000.0,1411600.0
1143,2021-10-05 04:01:18,21850.0,3300.0,1409600.0
1144,2021-10-05 04:01:18,21850.0,1000.0,1406300.0
1145,2021-10-05 04:01:18,21850.0,100.0,1405300.0
1146,2021-10-05 04:01:18,21850.0,2000.0,1405200.0
1147,2021-10-05 04:01:18,21850.0,300.0,1403200.0
1148,2021-10-05 04:01:18,21850.0,600.0,1402900.0
1149,2021-10-05 04:01:18,21850.0,100.0,1402300.0
1150,2021-10-05 04:01:18,21850.0,13300.0,1402200.0
1151,2021-10-05 03:59:59,21850.0,2000.0,1388900.0
1152,2021-10-05 03:59:38,21900.0,200.0,1386900.0
1153,2021-10-05 03:59:38,21900.0,100.0,1386700.0
1154,2021-10-05 03:59:38,21900.0,200.0,1386600.0
1155,2021-10-05 03:59:38,21900.0,200.0,1386400.0
1156,2021-10-05 03:59:09,21900.0,200.0,1386200.0
1157,2021-10-05 03:58:37,21900.0,100.0,1386000.0
1158,2021-10-05 03:58:06,21900.0,300.0,1385900.0
1159,2021-10-05 03:58:06,21900.0,1100.0,1385600.0
1160,2021-10-05 03:58:06,21900.0,100.0,1384500.0
1161,2021-10-05 03:58:06,21900.0,2000.0,1384400.0
1162,2021-10-05 03:58:06,21900.0,500.0,1382400.0
1163,2021-10-05 03:58:06,21900.0,1000.0,1381900.0
1164,2021-10-05 03:58:06,21900.0,100.0,1380900.0
1165,2021-10-05 03:58:06,21900.0,3000.0,1380800.0
1166,2021-10-05 03:57:03,21950.0,200.0,1377800.0
1167,2021-10-05 03:56:34,21950.0,100.0,1377600.0
1168,2021-10-05 03:55:30,21900.0,1100.0,1377500.0
1169,2021-10-05 03:55:15,21900.0,100.0,1376400.0
1170,2021-10-05 03:55:15,21900.0,300.0,1376300.0
1171,2021-10-05 03:55:13,21900.0,200.0,1376000.0
1172,2021-10-05 03:55:13,21900.0,800.0,1375800.0
1173,2021-10-05 03:54:51,21900.0,100.0,1375000.0
1174,2021-10-05 03:54:26,21850.0,300.0,1374900.0
1175,2021-10-05 03:54:26,21900.0,600.0,1374600.0
1176,2021-10-05 03:54:26,21900.0,1000.0,1374000.0
1177,2021-10-05 03:54:26,21900.0,400.0,1373000.0
1178,2021-10-05 03:54:18,21850.0,4400.0,1372600.0
1179,2021-10-05 03:54:18,21850.0,1400.0,1368200.0
1180,2021-10-05 03:53:42,21850.0,1100.0,1366800.0
1181,2021-10-05 03:53:38,21900.0,200.0,1365700.0
1182,2021-10-05 03:53:38,21900.0,800.0,1365500.0
1183,2021-10-05 03:53:14,21850.0,1600.0,1364700.0
1184,2021-10-05 03:52:34,21900.0,300.0,1363100.0
1185,2021-10-05 03:52:32,21900.0,2000.0,1362800.0
1186,2021-10-05 03:52:06,21900.0,200.0,1360800.0
1187,2021-10-05 03:51:54,21900.0,500.0,1360600.0
1188,2021-10-05 03:51:54,21900.0,700.0,1360100.0
1189,2021-10-05 03:51:30,21900.0,100.0,1359400.0
1190,2021-10-05 03:50:31,21900.0,500.0,1359300.0
1191,2021-10-05 03:50:28,21900.0,200.0,1358800.0
1192,2021-10-05 03:50:23,21900.0,200.0,1358600.0
1193,2021-10-05 03:50:22,21900.0,5300.0,1358400.0
1194,2021-10-05 03:50:22,21900.0,1700.0,1353100.0
1195,2021-10-05 03:49:54,21900.0,100.0,1351400.0
1196,2021-10-05 03:49:51,21900.0,100.0,1351300.0
1197,2021-10-05 03:49:51,21900.0,100.0,1351200.0
1198,2021-10-05 03:49:26,21900.0,400.0,1351100.0
1199,2021-10-05 03:49:26,21900.0,500.0,1350700.0
1200,2021-10-05 03:49:26,21900.0,100.0,1350200.0
1201,2021-10-05 03:49:26,21900.0,2000.0,1350100.0
1202,2021-10-05 03:49:26,21900.0,300.0,1348100.0
1203,2021-10-05 03:49:26,21900.0,400.0,1347800.0
1204,2021-10-05 03:49:26,21900.0,200.0,1347400.0
1205,2021-10-05 03:49:26,21900.0,500.0,1347200.0
1206,2021-10-05 03:49:26,21900.0,100.0,1346700.0
1207,2021-10-05 03:49:26,21900.0,5500.0,1346600.0
1208,2021-10-05 03:49:26,21900.0,200.0,1341100.0
1209,2021-10-05 03:49:26,21900.0,200.0,1340900.0
1210,2021-10-05 03:49:26,21900.0,600.0,1340700.0
1211,2021-10-05 03:49:26,21900.0,100.0,1340100.0
1212,2021-10-05 03:49:26,21900.0,500.0,1340000.0
1213,2021-10-05 03:49:26,21900.0,500.0,1339500.0
1214,2021-10-05 03:49:26,21900.0,300.0,1339000.0
1215,2021-10-05 03:49:26,21900.0,10000.0,1338700.0
1216,2021-10-05 03:49:26,21900.0,1000.0,1328700.0
1217,2021-10-05 03:49:26,21900.0,800.0,1327700.0
1218,2021-10-05 03:49:26,21900.0,3400.0,1326900.0
1219,2021-10-05 03:49:26,21900.0,200.0,1323500.0
1220,2021-10-05 03:49:26,21900.0,1000.0,1323300.0
1221,2021-10-05 03:49:26,21900.0,200.0,1322300.0
1222,2021-10-05 03:49:26,21900.0,5000.0,1322100.0
1223,2021-10-05 03:49:26,21900.0,200.0,1317100.0
1224,2021-10-05 03:49:26,21900.0,100.0,1316900.0
1225,2021-10-05 03:49:26,21900.0,5000.0,1316800.0
1226,2021-10-05 03:49:26,21900.0,200.0,1311800.0
1227,2021-10-05 03:49:26,21900.0,100.0,1311600.0
1228,2021-10-05 03:49:26,21900.0,2000.0,1311500.0
1229,2021-10-05 03:49:26,21900.0,1000.0,1309500.0
1230,2021-10-05 03:49:26,21900.0,200.0,1308500.0
1231,2021-10-05 03:49:26,21900.0,2000.0,1308300.0
1232,2021-10-05 03:49:26,21900.0,1000.0,1306300.0
1233,2021-10-05 03:49:26,21900.0,1500.0,1305300.0
1234,2021-10-05 03:49:26,21900.0,400.0,1303800.0
1235,2021-10-05 03:49:26,21900.0,900.0,1303400.0
1236,2021-10-05 03:49:26,21900.0,1000.0,1302500.0
1237,2021-10-05 03:49:26,21900.0,400.0,1301500.0
1238,2021-10-05 03:49:15,21950.0,200.0,1301100.0
1239,2021-10-05 03:49:12,21950.0,1000.0,1300900.0
1240,2021-10-05 03:48:55,21950.0,1000.0,1299900.0
1241,2021-10-05 03:48:34,21950.0,3000.0,1298900.0
1242,2021-10-05 03:48:34,21950.0,1600.0,1295900.0
1243,2021-10-05 03:48:34,21950.0,100.0,1294300.0
1244,2021-10-05 03:48:34,21950.0,100.0,1294200.0
1245,2021-10-05 03:48:34,21950.0,1000.0,1294100.0
1246,2021-10-05 03:48:34,21950.0,100.0,1293100.0
1247,2021-10-05 03:48:26,21950.0,400.0,1293000.0
1248,2021-10-05 03:46:50,21950.0,100.0,1292600.0
1249,2021-10-05 03:46:50,21950.0,100.0,1292500.0
1250,2021-10-05 03:46:50,21950.0,800.0,1292400.0
1251,2021-10-05 03:46:24,21950.0,100.0,1291600.0
1252,2021-10-05 03:46:02,21950.0,100.0,1291500.0
1253,2021-10-05 03:46:02,21950.0,300.0,1291400.0
1254,2021-10-05 03:45:55,21950.0,3700.0,1291100.0
1255,2021-10-05 03:45:55,21950.0,300.0,1287400.0
1256,2021-10-05 03:44:55,21950.0,600.0,1287100.0
1257,2021-10-05 03:44:40,21950.0,100.0,1286500.0
1258,2021-10-05 03:44:22,21950.0,100.0,1286400.0
1259,2021-10-05 03:44:21,21950.0,100.0,1286300.0
1260,2021-10-05 03:44:21,21950.0,200.0,1286200.0
1261,2021-10-05 03:44:19,21950.0,100.0,1286000.0
1262,2021-10-05 03:44:00,21950.0,7100.0,1285900.0
1263,2021-10-05 03:43:59,21950.0,2600.0,1278800.0
1264,2021-10-05 03:43:59,21950.0,100.0,1276200.0
1265,2021-10-05 03:43:59,21950.0,100.0,1276100.0
1266,2021-10-05 03:43:59,21950.0,100.0,1276000.0
1267,2021-10-05 03:43:59,21950.0,2000.0,1275900.0
1268,2021-10-05 03:43:59,21950.0,200.0,1273900.0
1269,2021-10-05 03:43:56,21950.0,200.0,1273700.0
1270,2021-10-05 03:43:24,21950.0,300.0,1273500.0
1271,2021-10-05 03:43:24,21950.0,100.0,1273200.0
1272,2021-10-05 03:43:24,21950.0,1000.0,1273100.0
1273,2021-10-05 03:43:24,21950.0,100.0,1272100.0
1274,2021-10-05 03:43:24,21950.0,300.0,1272000.0
1275,2021-10-05 03:43:24,21950.0,200.0,1271700.0
1276,2021-10-05 03:41:54,22000.0,400.0,1271500.0
1277,2021-10-05 03:40:57,22000.0,300.0,1271100.0
1278,2021-10-05 03:40:47,22000.0,300.0,1270800.0
1279,2021-10-05 03:40:33,21950.0,300.0,1270500.0
1280,2021-10-05 03:40:33,21950.0,500.0,1270200.0
1281,2021-10-05 03:40:33,21950.0,1000.0,1269700.0
1282,2021-10-05 03:40:33,21950.0,200.0,1268700.0
1283,2021-10-05 03:40:33,21950.0,2000.0,1268500.0
1284,2021-10-05 03:39:58,22000.0,400.0,1266500.0
1285,2021-10-05 03:39:58,22000.0,200.0,1266100.0
1286,2021-10-05 03:39:58,22000.0,200.0,1265900.0
1287,2021-10-05 03:39:13,22000.0,200.0,1265700.0
1288,2021-10-05 03:38:46,22000.0,200.0,1265500.0
1289,2021-10-05 03:38:41,22000.0,500.0,1265300.0
1290,2021-10-05 03:38:41,22000.0,200.0,1264800.0
1291,2021-10-05 03:38:41,22000.0,200.0,1264600.0
1292,2021-10-05 03:38:41,22000.0,300.0,1264400.0
1293,2021-10-05 03:38:41,22000.0,200.0,1264100.0
1294,2021-10-05 03:37:57,22000.0,100.0,1263900.0
1295,2021-10-05 03:37:57,22000.0,200.0,1263800.0
1296,2021-10-05 03:37:57,22000.0,100.0,1263600.0
1297,2021-10-05 03:37:57,22000.0,200.0,1263500.0
1298,2021-10-05 03:37:57,22000.0,100.0,1263300.0
1299,2021-10-05 03:37:57,22000.0,10900.0,1263200.0
1300,2021-10-05 03:37:57,22000.0,500.0,1252300.0
1301,2021-10-05 03:37:57,22000.0,500.0,1251800.0
1302,2021-10-05 03:37:57,22000.0,200.0,1251300.0
1303,2021-10-05 03:37:57,22000.0,100.0,1251100.0
1304,2021-10-05 03:37:57,22000.0,400.0,1251000.0
1305,2021-10-05 03:37:57,22000.0,200.0,1250600.0
1306,2021-10-05 03:37:57,22000.0,1000.0,1250400.0
1307,2021-10-05 03:37:57,22000.0,3000.0,1249400.0
1308,2021-10-05 03:37:57,22000.0,100.0,1246400.0
1309,2021-10-05 03:37:57,22000.0,5000.0,1246300.0
1310,2021-10-05 03:37:57,22000.0,400.0,1241300.0
1311,2021-10-05 03:37:57,22000.0,10000.0,1240900.0
1312,2021-10-05 03:37:41,22050.0,200.0,1230900.0
1313,2021-10-05 03:37:41,22050.0,1700.0,1230700.0
1314,2021-10-05 03:37:41,22050.0,2000.0,1229000.0
1315,2021-10-05 03:37:41,22050.0,300.0,1227000.0
1316,2021-10-05 03:37:41,22050.0,100.0,1226700.0
1317,2021-10-05 03:37:41,22050.0,600.0,1226600.0
1318,2021-10-05 03:37:30,22050.0,200.0,1226000.0
1319,2021-10-05 03:37:21,22050.0,400.0,1225800.0
1320,2021-10-05 03:37:05,22050.0,300.0,1225400.0
1321,2021-10-05 03:36:40,22050.0,4900.0,1225100.0
1322,2021-10-05 03:36:40,22050.0,100.0,1220200.0
1323,2021-10-05 03:36:40,22050.0,500.0,1220100.0
1324,2021-10-05 03:36:40,22050.0,1000.0,1219600.0
1325,2021-10-05 03:36:40,22050.0,13500.0,1218600.0
1326,2021-10-05 03:36:24,22050.0,200.0,1205100.0
1327,2021-10-05 03:36:19,22050.0,1300.0,1204900.0
1328,2021-10-05 03:36:19,22050.0,6700.0,1203600.0
1329,2021-10-05 03:36:04,22050.0,300.0,1196900.0
1330,2021-10-05 03:36:01,22050.0,800.0,1196600.0
1331,2021-10-05 03:35:54,22050.0,500.0,1195800.0
1332,2021-10-05 03:35:37,22050.0,1000.0,1195300.0
1333,2021-10-05 03:35:29,22050.0,700.0,1194300.0
1334,2021-10-05 03:35:29,22050.0,500.0,1193600.0
1335,2021-10-05 03:35:29,22050.0,1800.0,1193100.0
1336,2021-10-05 03:35:15,22100.0,500.0,1191300.0
1337,2021-10-05 03:35:11,22050.0,200.0,1190800.0
1338,2021-10-05 03:34:19,22100.0,2000.0,1190600.0
1339,2021-10-05 03:33:51,22050.0,100.0,1188600.0
1340,2021-10-05 03:33:41,22050.0,200.0,1188500.0
1341,2021-10-05 03:33:41,22050.0,100.0,1188300.0
1342,2021-10-05 03:33:41,22050.0,1700.0,1188200.0
1343,2021-10-05 03:33:38,22100.0,100.0,1186500.0
1344,2021-10-05 03:33:23,22100.0,1300.0,1186400.0
1345,2021-10-05 03:33:12,22100.0,300.0,1185100.0
1346,2021-10-05 03:33:08,22100.0,200.0,1184800.0
1347,2021-10-05 03:32:30,22100.0,1000.0,1184600.0
1348,2021-10-05 03:32:30,22100.0,200.0,1183600.0
1349,2021-10-05 03:32:17,22050.0,1000.0,1183400.0
1350,2021-10-05 03:32:11,22050.0,200.0,1182400.0
1351,2021-10-05 03:32:01,22050.0,100.0,1182200.0
1352,2021-10-05 03:31:51,22100.0,200.0,1182100.0
1353,2021-10-05 03:31:51,22100.0,1000.0,1181900.0
1354,2021-10-05 03:31:51,22100.0,100.0,1180900.0
1355,2021-10-05 03:31:51,22100.0,200.0,1180800.0
1356,2021-10-05 03:31:44,22050.0,2000.0,1180600.0
1357,2021-10-05 03:31:18,22050.0,200.0,1178600.0
1358,2021-10-05 03:31:03,22050.0,100.0,1178400.0
1359,2021-10-05 03:30:44,22050.0,300.0,1178300.0
1360,2021-10-05 03:30:34,22050.0,300.0,1178000.0
1361,2021-10-05 03:30:14,22050.0,30000.0,1177700.0
1362,2021-10-05 03:29:46,22050.0,4100.0,1147700.0
1363,2021-10-05 03:29:46,22050.0,900.0,1143600.0
1364,2021-10-05 03:29:41,22050.0,300.0,1142700.0
1365,2021-10-05 03:28:48,22050.0,500.0,1142400.0
1366,2021-10-05 03:28:26,22050.0,200.0,1141900.0
1367,2021-10-05 03:28:17,22050.0,1600.0,1141700.0
1368,2021-10-05 03:28:16,22100.0,800.0,1140100.0
1369,2021-10-05 03:28:16,22100.0,200.0,1139300.0
1370,2021-10-05 03:28:15,22100.0,100.0,1139100.0
1371,2021-10-05 03:27:53,22100.0,700.0,1139000.0
1372,2021-10-05 03:27:53,22100.0,100.0,1138300.0
1373,2021-10-05 03:27:53,22100.0,1500.0,1138200.0
1374,2021-10-05 03:27:52,22050.0,1500.0,1136700.0
1375,2021-10-05 03:27:52,22050.0,100.0,1135200.0
1376,2021-10-05 03:27:52,22050.0,300.0,1135100.0
1377,2021-10-05 03:27:52,22050.0,100.0,1134800.0
1378,2021-10-05 03:27:45,22100.0,500.0,1134700.0
1379,2021-10-05 03:27:45,22100.0,200.0,1134200.0
1380,2021-10-05 03:27:31,22100.0,100.0,1134000.0
1381,2021-10-05 03:27:31,22100.0,100.0,1133900.0
1382,2021-10-05 03:27:25,22100.0,100.0,1133800.0
1383,2021-10-05 03:27:25,22100.0,700.0,1133700.0
1384,2021-10-05 03:27:25,22100.0,500.0,1133000.0
1385,2021-10-05 03:27:25,22100.0,200.0,1132500.0
1386,2021-10-05 03:27:25,22100.0,500.0,1132300.0
1387,2021-10-05 03:27:22,22100.0,1500.0,1131800.0
1388,2021-10-05 03:27:10,22100.0,100.0,1130300.0
1389,2021-10-05 03:26:48,22100.0,300.0,1130200.0
1390,2021-10-05 03:26:44,22100.0,1800.0,1129900.0
1391,2021-10-05 03:26:38,22100.0,2800.0,1128100.0
1392,2021-10-05 03:26:33,22100.0,1300.0,1125300.0
1393,2021-10-05 03:26:33,22100.0,6600.0,1124000.0
1394,2021-10-05 03:26:33,22100.0,100.0,1117400.0
1395,2021-10-05 03:26:33,22100.0,500.0,1117300.0
1396,2021-10-05 03:26:33,22100.0,4200.0,1116800.0
1397,2021-10-05 03:26:22,22100.0,2000.0,1112600.0
1398,2021-10-05 03:26:09,22150.0,2200.0,1110600.0
1399,2021-10-05 03:26:09,22150.0,300.0,1108400.0
1400,2021-10-05 03:26:09,22150.0,1000.0,1108100.0
1401,2021-10-05 03:26:09,22150.0,200.0,1107100.0
1402,2021-10-05 03:26:09,22150.0,500.0,1106900.0
1403,2021-10-05 03:26:09,22150.0,100.0,1106400.0
1404,2021-10-05 03:26:09,22150.0,400.0,1106300.0
1405,2021-10-05 03:26:09,22150.0,300.0,1105900.0
1406,2021-10-05 03:26:06,22100.0,100.0,1105600.0
1407,2021-10-05 03:25:48,22100.0,200.0,1105500.0
1408,2021-10-05 03:25:43,22100.0,1900.0,1105300.0
1409,2021-10-05 03:25:32,22100.0,5800.0,1103400.0
1410,2021-10-05 03:25:31,22100.0,800.0,1097600.0
1411,2021-10-05 03:25:31,22100.0,200.0,1096800.0
1412,2021-10-05 03:25:31,22100.0,100.0,1096600.0
1413,2021-10-05 03:25:31,22100.0,100.0,1096500.0
1414,2021-10-05 03:25:18,22100.0,100.0,1096400.0
1415,2021-10-05 03:25:17,22150.0,100.0,1096300.0
1416,2021-10-05 03:25:08,22100.0,100.0,1096200.0
1417,2021-10-05 03:25:08,22150.0,200.0,1096100.0
1418,2021-10-05 03:25:04,22150.0,500.0,1095900.0
1419,2021-10-05 03:24:42,22200.0,300.0,1095400.0
1420,2021-10-05 03:24:42,22150.0,100.0,1095100.0
1421,2021-10-05 03:24:42,22150.0,100.0,1095000.0
1422,2021-10-05 03:24:27,22100.0,1500.0,1094900.0
1423,2021-10-05 03:24:21,22100.0,100.0,1093400.0
1424,2021-10-05 03:24:21,22100.0,400.0,1093300.0
1425,2021-10-05 03:24:03,22100.0,2600.0,1092900.0
1426,2021-10-05 03:24:01,22100.0,5000.0,1090300.0
1427,2021-10-05 03:23:42,22100.0,2000.0,1085300.0
1428,2021-10-05 03:23:42,22100.0,5000.0,1083300.0
1429,2021-10-05 03:23:42,22100.0,700.0,1078300.0
1430,2021-10-05 03:23:42,22100.0,900.0,1077600.0
1431,2021-10-05 03:23:42,22100.0,300.0,1076700.0
1432,2021-10-05 03:23:42,22100.0,5000.0,1076400.0
1433,2021-10-05 03:23:42,22100.0,100.0,1071400.0
1434,2021-10-05 03:23:42,22100.0,200.0,1071300.0
1435,2021-10-05 03:23:42,22100.0,2000.0,1071100.0
1436,2021-10-05 03:23:42,22100.0,200.0,1069100.0
1437,2021-10-05 03:23:42,22100.0,300.0,1068900.0
1438,2021-10-05 03:23:42,22150.0,500.0,1068600.0
1439,2021-10-05 03:23:42,22150.0,200.0,1068100.0
1440,2021-10-05 03:23:40,22200.0,100.0,1067900.0
1441,2021-10-05 03:23:37,22200.0,1000.0,1067800.0
1442,2021-10-05 03:23:36,22200.0,5000.0,1066800.0
1443,2021-10-05 03:23:32,22200.0,1000.0,1061800.0
1444,2021-10-05 03:23:31,22200.0,900.0,1060800.0
1445,2021-10-05 03:23:31,22200.0,100.0,1059900.0
1446,2021-10-05 03:23:31,22200.0,200.0,1059800.0
1447,2021-10-05 03:23:31,22200.0,1000.0,1059600.0
1448,2021-10-05 03:23:31,22200.0,100.0,1058600.0
1449,2021-10-05 03:23:31,22200.0,100.0,1058500.0
1450,2021-10-05 03:23:31,22200.0,2600.0,1058400.0
1451,2021-10-05 03:23:23,22200.0,2400.0,1055800.0
1452,2021-10-05 03:23:23,22200.0,200.0,1053400.0
1453,2021-10-05 03:23:23,22200.0,100.0,1053200.0
1454,2021-10-05 03:23:23,22200.0,100.0,1053100.0
1455,2021-10-05 03:23:23,22200.0,1000.0,1053000.0
1456,2021-10-05 03:23:23,22200.0,500.0,1052000.0
1457,2021-10-05 03:23:23,22200.0,600.0,1051500.0
1458,2021-10-05 03:23:23,22200.0,100.0,1050900.0
1459,2021-10-05 03:23:23,22200.0,100.0,1050800.0
1460,2021-10-05 03:23:22,22200.0,300.0,1050700.0
1461,2021-10-05 03:23:22,22200.0,700.0,1050400.0
1462,2021-10-05 03:23:20,22150.0,500.0,1049700.0
1463,2021-10-05 03:23:20,22150.0,2500.0,1049200.0
1464,2021-10-05 03:23:20,22150.0,1000.0,1046700.0
1465,2021-10-05 03:23:18,22200.0,3000.0,1045700.0
1466,2021-10-05 03:23:03,22200.0,500.0,1042700.0
1467,2021-10-05 03:22:56,22200.0,200.0,1042200.0
1468,2021-10-05 03:22:50,22200.0,600.0,1042000.0
1469,2021-10-05 03:22:50,22200.0,400.0,1041400.0
1470,2021-10-05 03:22:50,22200.0,300.0,1041000.0
1471,2021-10-05 03:22:50,22200.0,600.0,1040700.0
1472,2021-10-05 03:22:50,22200.0,800.0,1040100.0
1473,2021-10-05 03:22:50,22200.0,200.0,1039300.0
1474,2021-10-05 03:22:47,22200.0,200.0,1039100.0
1475,2021-10-05 03:22:43,22200.0,600.0,1038900.0
1476,2021-10-05 03:22:43,22200.0,1000.0,1038300.0
1477,2021-10-05 03:22:43,22200.0,400.0,1037300.0
1478,2021-10-05 03:22:38,22200.0,600.0,1036900.0
1479,2021-10-05 03:22:38,22200.0,500.0,1036300.0
1480,2021-10-05 03:22:38,22200.0,500.0,1035800.0
1481,2021-10-05 03:22:38,22200.0,300.0,1035300.0
1482,2021-10-05 03:22:38,22200.0,100.0,1035000.0
1483,2021-10-05 03:22:38,22200.0,300.0,1034900.0
1484,2021-10-05 03:22:38,22200.0,300.0,1034600.0
1485,2021-10-05 03:22:38,22200.0,4500.0,1034300.0
1486,2021-10-05 03:22:38,22200.0,200.0,1029800.0
1487,2021-10-05 03:22:38,22200.0,500.0,1029600.0
1488,2021-10-05 03:22:38,22200.0,1500.0,1029100.0
1489,2021-10-05 03:22:26,22200.0,5000.0,1027600.0
1490,2021-10-05 03:22:18,22200.0,200.0,1022600.0
1491,2021-10-05 03:22:18,22200.0,300.0,1022400.0
1492,2021-10-05 03:22:17,22200.0,500.0,1022100.0
1493,2021-10-05 03:22:14,22200.0,200.0,1021600.0
1494,2021-10-05 03:22:14,22200.0,300.0,1021400.0
1495,2021-10-05 03:22:11,22200.0,100.0,1021100.0
1496,2021-10-05 03:22:04,22200.0,3000.0,1021000.0
1497,2021-10-05 03:21:57,22200.0,1000.0,1018000.0
1498,2021-10-05 03:21:54,22200.0,1000.0,1017000.0
1499,2021-10-05 03:21:54,22200.0,900.0,1016000.0
1500,2021-10-05 03:21:54,22200.0,1100.0,1015100.0
1501,2021-10-05 03:21:45,22200.0,100.0,1014000.0
1502,2021-10-05 03:21:37,22200.0,400.0,1013900.0
1503,2021-10-05 03:21:34,22200.0,8100.0,1013500.0
1504,2021-10-05 03:21:34,22150.0,400.0,1005400.0
1505,2021-10-05 03:21:34,22150.0,300.0,1005000.0
1506,2021-10-05 03:21:34,22150.0,4000.0,1004700.0
1507,2021-10-05 03:21:34,22150.0,100.0,1000700.0
1508,2021-10-05 03:21:34,22150.0,500.0,1000600.0
1509,2021-10-05 03:21:34,22150.0,200.0,1000100.0
1510,2021-10-05 03:21:34,22150.0,5400.0,999900.0
1511,2021-10-05 03:21:12,22100.0,800.0,994500.0
1512,2021-10-05 03:21:12,22100.0,200.0,993700.0
1513,2021-10-05 03:21:12,22100.0,400.0,993500.0
1514,2021-10-05 03:21:09,22100.0,300.0,993100.0
1515,2021-10-05 03:21:09,22100.0,100.0,992800.0
1516,2021-10-05 03:21:08,22100.0,100.0,992700.0
1517,2021-10-05 03:21:07,22100.0,300.0,992600.0
1518,2021-10-05 03:21:03,22100.0,100.0,992300.0
1519,2021-10-05 03:21:01,22100.0,500.0,992200.0
1520,2021-10-05 03:20:57,22100.0,200.0,991700.0
1521,2021-10-05 03:20:56,22100.0,200.0,991500.0
1522,2021-10-05 03:20:56,22100.0,2000.0,991300.0
1523,2021-10-05 03:20:56,22100.0,700.0,989300.0
1524,2021-10-05 03:20:55,22100.0,200.0,988600.0
1525,2021-10-05 03:20:55,22100.0,500.0,988400.0
1526,2021-10-05 03:20:55,22100.0,600.0,987900.0
1527,2021-10-05 03:20:53,22100.0,100.0,987300.0
1528,2021-10-05 03:20:53,22100.0,200.0,987200.0
1529,2021-10-05 03:20:53,22100.0,700.0,987000.0
1530,2021-10-05 03:20:53,22100.0,500.0,986300.0
1531,2021-10-05 03:20:53,22100.0,2500.0,985800.0
1532,2021-10-05 03:20:42,22100.0,300.0,983300.0
1533,2021-10-05 03:20:38,22050.0,100.0,983000.0
1534,2021-10-05 03:20:38,22050.0,1000.0,982900.0
1535,2021-10-05 03:20:38,22050.0,100.0,981900.0
1536,2021-10-05 03:20:34,22050.0,300.0,981800.0
1537,2021-10-05 03:20:31,22050.0,100.0,981500.0
1538,2021-10-05 03:20:19,22000.0,1000.0,981400.0
1539,2021-10-05 03:20:19,22000.0,900.0,980400.0
1540,2021-10-05 03:20:19,22000.0,100.0,979500.0
1541,2021-10-05 03:20:19,22000.0,100.0,979400.0
1542,2021-10-05 03:20:19,22000.0,1600.0,979300.0
1543,2021-10-05 03:20:19,22000.0,300.0,977700.0
1544,2021-10-05 03:20:19,22000.0,100.0,977400.0
1545,2021-10-05 03:20:19,22000.0,800.0,977300.0
1546,2021-10-05 03:20:18,22000.0,200.0,976500.0
1547,2021-10-05 03:20:17,22000.0,4000.0,976300.0
1548,2021-10-05 03:20:17,22000.0,600.0,972300.0
1549,2021-10-05 03:20:17,22000.0,400.0,971700.0
1550,2021-10-05 03:20:16,22000.0,500.0,971300.0
1551,2021-10-05 03:20:16,22000.0,1100.0,970800.0
1552,2021-10-05 03:20:16,22000.0,900.0,969700.0
1553,2021-10-05 03:20:16,22000.0,100.0,968800.0
1554,2021-10-05 03:20:16,22000.0,1000.0,968700.0
1555,2021-10-05 03:20:16,22000.0,900.0,967700.0
1556,2021-10-05 03:20:13,22000.0,2000.0,966800.0
1557,2021-10-05 03:20:13,22000.0,2000.0,964800.0
1558,2021-10-05 03:20:12,22000.0,2100.0,962800.0
1559,2021-10-05 03:20:12,22000.0,100.0,960700.0
1560,2021-10-05 03:20:11,22000.0,500.0,960600.0
1561,2021-10-05 03:20:11,22000.0,500.0,960100.0
1562,2021-10-05 03:20:06,22000.0,100.0,959600.0
1563,2021-10-05 03:20:06,22000.0,500.0,959500.0
1564,2021-10-05 03:20:06,22000.0,1200.0,959000.0
1565,2021-10-05 03:20:04,22000.0,200.0,957800.0
1566,2021-10-05 03:20:01,22000.0,8600.0,957600.0
1567,2021-10-05 03:20:01,22000.0,1400.0,949000.0
1568,2021-10-05 03:20:00,22000.0,1600.0,947600.0
1569,2021-10-05 03:20:00,22000.0,100.0,946000.0
1570,2021-10-05 03:20:00,22000.0,1000.0,945900.0
1571,2021-10-05 03:20:00,22000.0,400.0,944900.0
1572,2021-10-05 03:20:00,22000.0,100.0,944500.0
1573,2021-10-05 03:20:00,22000.0,200.0,944400.0
1574,2021-10-05 03:20:00,22000.0,700.0,944200.0
1575,2021-10-05 03:20:00,22000.0,200.0,943500.0
1576,2021-10-05 03:19:58,22000.0,100.0,943300.0
1577,2021-10-05 03:19:58,22000.0,200.0,943200.0
1578,2021-10-05 03:19:56,22000.0,500.0,943000.0
1579,2021-10-05 03:19:56,22000.0,2000.0,942500.0
1580,2021-10-05 03:19:55,22000.0,500.0,940500.0
1581,2021-10-05 03:19:55,22000.0,400.0,940000.0
1582,2021-10-05 03:19:55,22000.0,100.0,939600.0
1583,2021-10-05 03:19:55,22000.0,900.0,939500.0
1584,2021-10-05 03:19:52,22000.0,100.0,938600.0
1585,2021-10-05 03:19:52,22000.0,100.0,938500.0
1586,2021-10-05 03:19:46,22000.0,100.0,938400.0
1587,2021-10-05 03:19:46,22000.0,500.0,938300.0
1588,2021-10-05 03:19:45,22000.0,700.0,937800.0
1589,2021-10-05 03:19:43,22000.0,300.0,937100.0
1590,2021-10-05 03:19:34,22000.0,1000.0,936800.0
1591,2021-10-05 03:19:16,22000.0,500.0,935800.0
1592,2021-10-05 03:19:03,21950.0,300.0,935300.0
1593,2021-10-05 03:18:57,21950.0,100.0,935000.0
1594,2021-10-05 03:18:54,21950.0,300.0,934900.0
1595,2021-10-05 03:18:52,21950.0,300.0,934600.0
1596,2021-10-05 03:18:51,21950.0,500.0,934300.0
1597,2021-10-05 03:18:51,21950.0,200.0,933800.0
1598,2021-10-05 03:18:51,21950.0,300.0,933600.0
1599,2021-10-05 03:18:47,21950.0,200.0,933300.0
1600,2021-10-05 03:18:47,21950.0,400.0,933100.0
1601,2021-10-05 03:18:46,21950.0,600.0,932700.0
1602,2021-10-05 03:18:46,21950.0,400.0,932100.0
1603,2021-10-05 03:18:45,21950.0,100.0,931700.0
1604,2021-10-05 03:18:36,21950.0,200.0,931600.0
1605,2021-10-05 03:18:33,21950.0,500.0,931400.0
1606,2021-10-05 03:18:31,21950.0,1000.0,930900.0
1607,2021-10-05 03:18:31,21950.0,3900.0,929900.0
1608,2021-10-05 03:18:31,21950.0,500.0,926000.0
1609,2021-10-05 03:18:31,21950.0,800.0,925500.0
1610,2021-10-05 03:18:26,21950.0,3000.0,924700.0
1611,2021-10-05 03:18:25,21950.0,700.0,921700.0
1612,2021-10-05 03:18:25,21950.0,1300.0,921000.0
1613,2021-10-05 03:18:24,21950.0,1000.0,919700.0
1614,2021-10-05 03:18:20,21950.0,1000.0,918700.0
1615,2021-10-05 03:18:15,21950.0,2000.0,917700.0
1616,2021-10-05 03:17:27,21900.0,1100.0,915700.0
1617,2021-10-05 03:17:27,21900.0,500.0,914600.0
1618,2021-10-05 03:17:27,21900.0,400.0,914100.0
1619,2021-10-05 03:17:27,21950.0,2000.0,913700.0
1620,2021-10-05 03:16:57,21900.0,2000.0,911700.0
1621,2021-10-05 03:16:47,21950.0,2000.0,909700.0
1622,2021-10-05 03:15:29,21900.0,600.0,907700.0
1623,2021-10-05 03:15:29,21900.0,400.0,907100.0
1624,2021-10-05 03:14:14,21900.0,200.0,906700.0
1625,2021-10-05 03:14:14,21900.0,1000.0,906500.0
1626,2021-10-05 03:14:01,21900.0,1700.0,905500.0
1627,2021-10-05 03:14:01,21900.0,1100.0,903800.0
1628,2021-10-05 03:14:01,21900.0,100.0,902700.0
1629,2021-10-05 03:14:01,21900.0,100.0,902600.0
1630,2021-10-05 03:13:44,21850.0,900.0,902500.0
1631,2021-10-05 03:13:44,21850.0,1000.0,901600.0
1632,2021-10-05 03:13:44,21850.0,300.0,900600.0
1633,2021-10-05 03:12:46,21850.0,200.0,900300.0
1634,2021-10-05 03:12:22,21850.0,400.0,900100.0
1635,2021-10-05 03:12:03,21850.0,2600.0,899700.0
1636,2021-10-05 03:12:01,21900.0,1000.0,897100.0
1637,2021-10-05 03:11:46,21800.0,9300.0,896100.0
1638,2021-10-05 03:11:46,21850.0,700.0,886800.0
1639,2021-10-05 03:11:46,21850.0,5000.0,886100.0
1640,2021-10-05 03:11:46,21850.0,300.0,881100.0
1641,2021-10-05 03:11:46,21850.0,100.0,880800.0
1642,2021-10-05 03:11:46,21850.0,1000.0,880700.0
1643,2021-10-05 03:11:46,21850.0,100.0,879700.0
1644,2021-10-05 03:11:46,21850.0,100.0,879600.0
1645,2021-10-05 03:11:46,21850.0,1000.0,879500.0
1646,2021-10-05 03:11:46,21850.0,100.0,878500.0
1647,2021-10-05 03:11:46,21850.0,1000.0,878400.0
1648,2021-10-05 03:11:46,21850.0,200.0,877400.0
1649,2021-10-05 03:11:46,21850.0,200.0,877200.0
1650,2021-10-05 03:11:46,21850.0,500.0,877000.0
1651,2021-10-05 03:11:46,21850.0,400.0,876500.0
1652,2021-10-05 03:11:45,21900.0,3000.0,876100.0
1653,2021-10-05 03:10:57,21900.0,100.0,873100.0
1654,2021-10-05 03:10:49,21900.0,200.0,873000.0
1655,2021-10-05 03:10:43,21900.0,100.0,872800.0
1656,2021-10-05 03:10:43,21900.0,1000.0,872700.0
1657,2021-10-05 03:10:43,21900.0,12400.0,871700.0
1658,2021-10-05 03:10:34,21950.0,500.0,859300.0
1659,2021-10-05 03:09:30,21900.0,100.0,858800.0
1660,2021-10-05 03:09:20,21900.0,500.0,858700.0
1661,2021-10-05 03:09:20,21900.0,300.0,858200.0
1662,2021-10-05 03:09:20,21900.0,100.0,857900.0
1663,2021-10-05 03:09:20,21900.0,600.0,857800.0
1664,2021-10-05 03:09:20,21900.0,2500.0,857200.0
1665,2021-10-05 03:09:13,21900.0,500.0,854700.0
1666,2021-10-05 03:09:13,21900.0,200.0,854200.0
1667,2021-10-05 03:09:13,21900.0,300.0,854000.0
1668,2021-10-05 03:09:08,21900.0,200.0,853700.0
1669,2021-10-05 03:09:01,21900.0,500.0,853500.0
1670,2021-10-05 03:08:51,21900.0,100.0,853000.0
1671,2021-10-05 03:08:49,21900.0,100.0,852900.0
1672,2021-10-05 03:08:49,21900.0,300.0,852800.0
1673,2021-10-05 03:08:45,21900.0,100.0,852500.0
1674,2021-10-05 03:07:39,21900.0,700.0,852400.0
1675,2021-10-05 03:07:35,21900.0,100.0,851700.0
1676,2021-10-05 03:07:23,21900.0,700.0,851600.0
1677,2021-10-05 03:07:04,21900.0,100.0,850900.0
1678,2021-10-05 03:06:50,21900.0,2200.0,850800.0
1679,2021-10-05 03:06:50,21900.0,200.0,848600.0
1680,2021-10-05 03:06:31,21900.0,500.0,848400.0
1681,2021-10-05 03:06:08,21900.0,1300.0,847900.0
1682,2021-10-05 03:06:08,21900.0,700.0,846600.0
1683,2021-10-05 03:05:48,21900.0,100.0,845900.0
1684,2021-10-05 03:05:48,21900.0,100.0,845800.0
1685,2021-10-05 03:05:24,21850.0,100.0,845700.0
1686,2021-10-05 03:05:24,21850.0,100.0,845600.0
1687,2021-10-05 03:05:24,21850.0,100.0,845500.0
1688,2021-10-05 03:05:24,21850.0,12100.0,845400.0
1689,2021-10-05 03:05:19,21800.0,6100.0,833300.0
1690,2021-10-05 03:05:19,21800.0,500.0,827200.0
1691,2021-10-05 03:05:19,21800.0,100.0,826700.0
1692,2021-10-05 03:05:19,21800.0,100.0,826600.0
1693,2021-10-05 03:05:19,21800.0,400.0,826500.0
1694,2021-10-05 03:05:19,21800.0,100.0,826100.0
1695,2021-10-05 03:05:19,21800.0,100.0,826000.0
1696,2021-10-05 03:05:19,21800.0,100.0,825900.0
1697,2021-10-05 03:05:19,21800.0,100.0,825800.0
1698,2021-10-05 03:05:19,21800.0,1400.0,825700.0
1699,2021-10-05 03:05:19,21800.0,1000.0,824300.0
1700,2021-10-05 03:05:14,21850.0,400.0,823300.0
1701,2021-10-05 03:04:49,21800.0,1400.0,822900.0
1702,2021-10-05 03:04:27,21850.0,100.0,821500.0
1703,2021-10-05 03:04:20,21850.0,1000.0,821400.0
1704,2021-10-05 03:04:19,21850.0,100.0,820400.0
1705,2021-10-05 03:03:54,21850.0,500.0,820300.0
1706,2021-10-05 03:03:51,21850.0,600.0,819800.0
1707,2021-10-05 03:03:39,21850.0,1000.0,819200.0
1708,2021-10-05 03:03:38,21850.0,1000.0,818200.0
1709,2021-10-05 03:03:38,21850.0,3000.0,817200.0
1710,2021-10-05 03:03:38,21850.0,100.0,814200.0
1711,2021-10-05 03:03:38,21850.0,2000.0,814100.0
1712,2021-10-05 03:03:38,21850.0,500.0,812100.0
1713,2021-10-05 03:03:38,21850.0,100.0,811600.0
1714,2021-10-05 03:03:38,21850.0,100.0,811500.0
1715,2021-10-05 03:03:38,21850.0,1000.0,811400.0
1716,2021-10-05 03:03:38,21850.0,1000.0,810400.0
1717,2021-10-05 03:03:38,21850.0,500.0,809400.0
1718,2021-10-05 03:03:38,21850.0,1000.0,808900.0
1719,2021-10-05 03:03:38,21850.0,2000.0,807900.0
1720,2021-10-05 03:03:38,21850.0,100.0,805900.0
1721,2021-10-05 03:03:38,21850.0,500.0,805800.0
1722,2021-10-05 03:03:38,21850.0,2900.0,805300.0
1723,2021-10-05 03:03:38,21850.0,500.0,802400.0
1724,2021-10-05 03:03:38,21850.0,100.0,801900.0
1725,2021-10-05 03:03:38,21850.0,300.0,801800.0
1726,2021-10-05 03:03:38,21850.0,1000.0,801500.0
1727,2021-10-05 03:03:38,21850.0,5000.0,800500.0
1728,2021-10-05 03:03:38,21850.0,1000.0,795500.0
1729,2021-10-05 03:03:38,21850.0,1000.0,794500.0
1730,2021-10-05 03:03:38,21850.0,400.0,793500.0
1731,2021-10-05 03:03:19,21850.0,500.0,793100.0
1732,2021-10-05 03:03:14,21850.0,100.0,792600.0
1733,2021-10-05 03:02:48,21850.0,100.0,792500.0
1734,2021-10-05 03:02:48,21850.0,100.0,792400.0
1735,2021-10-05 03:02:46,21900.0,100.0,792300.0
1736,2021-10-05 03:02:35,21900.0,100.0,792200.0
1737,2021-10-05 03:02:33,21900.0,400.0,792100.0
1738,2021-10-05 03:02:33,21900.0,600.0,791700.0
1739,2021-10-05 03:02:10,21900.0,100.0,791100.0
1740,2021-10-05 03:02:00,21900.0,100.0,791000.0
1741,2021-10-05 03:01:56,21900.0,100.0,790900.0
1742,2021-10-05 03:01:31,21900.0,100.0,790800.0
1743,2021-10-05 03:01:12,21900.0,300.0,790700.0
1744,2021-10-05 03:01:11,21900.0,300.0,790400.0
1745,2021-10-05 03:01:05,21900.0,100.0,790100.0
1746,2021-10-05 03:00:44,21900.0,100.0,790000.0
1747,2021-10-05 03:00:36,21900.0,200.0,789900.0
1748,2021-10-05 03:00:25,21900.0,100.0,789700.0
1749,2021-10-05 02:59:52,21900.0,900.0,789600.0
1750,2021-10-05 02:59:52,21900.0,2600.0,788700.0
1751,2021-10-05 02:59:48,21900.0,500.0,786100.0
1752,2021-10-05 02:59:42,21900.0,1000.0,785600.0
1753,2021-10-05 02:59:33,21900.0,1000.0,784600.0
1754,2021-10-05 02:59:32,21900.0,300.0,783600.0
1755,2021-10-05 02:59:32,21900.0,200.0,783300.0
1756,2021-10-05 02:59:23,21900.0,200.0,783100.0
1757,2021-10-05 02:59:10,21900.0,1500.0,782900.0
1758,2021-10-05 02:58:55,21900.0,300.0,781400.0
1759,2021-10-05 02:58:48,21900.0,1000.0,781100.0
1760,2021-10-05 02:58:28,21900.0,100.0,780100.0
1761,2021-10-05 02:58:28,21900.0,1000.0,780000.0
1762,2021-10-05 02:58:28,21900.0,100.0,779000.0
1763,2021-10-05 02:58:13,21900.0,200.0,778900.0
1764,2021-10-05 02:57:23,21900.0,100.0,778700.0
1765,2021-10-05 02:57:23,21900.0,1000.0,778600.0
1766,2021-10-05 02:57:23,21900.0,100.0,777600.0
1767,2021-10-05 02:57:23,21900.0,200.0,777500.0
1768,2021-10-05 02:57:23,21900.0,1000.0,777300.0
1769,2021-10-05 02:57:23,21900.0,1000.0,776300.0
1770,2021-10-05 02:57:23,21900.0,200.0,775300.0
1771,2021-10-05 02:57:23,21900.0,100.0,775100.0
1772,2021-10-05 02:57:23,21900.0,1100.0,775000.0
1773,2021-10-05 02:57:22,21900.0,900.0,773900.0
1774,2021-10-05 02:57:11,21900.0,100.0,773000.0
1775,2021-10-05 02:56:26,21900.0,300.0,772900.0
1776,2021-10-05 02:56:20,21900.0,100.0,772600.0
1777,2021-10-05 02:56:17,21900.0,100.0,772500.0
1778,2021-10-05 02:56:04,21900.0,500.0,772400.0
1779,2021-10-05 02:56:04,21900.0,100.0,771900.0
1780,2021-10-05 02:56:04,21900.0,2000.0,771800.0
1781,2021-10-05 02:56:04,21900.0,600.0,769800.0
1782,2021-10-05 02:56:04,21900.0,500.0,769200.0
1783,2021-10-05 02:56:04,21900.0,1500.0,768700.0
1784,2021-10-05 02:56:04,21900.0,200.0,767200.0
1785,2021-10-05 02:55:57,21950.0,200.0,767000.0
1786,2021-10-05 02:55:57,21950.0,100.0,766800.0
1787,2021-10-05 02:55:34,21900.0,1000.0,766700.0
1788,2021-10-05 02:55:31,21900.0,200.0,765700.0
1789,2021-10-05 02:55:05,21900.0,2800.0,765500.0
1790,2021-10-05 02:55:05,21900.0,200.0,762700.0
1791,2021-10-05 02:55:05,21900.0,500.0,762500.0
1792,2021-10-05 02:55:05,21900.0,100.0,762000.0
1793,2021-10-05 02:55:05,21900.0,1000.0,761900.0
1794,2021-10-05 02:55:05,21900.0,500.0,760900.0
1795,2021-10-05 02:55:05,21900.0,500.0,760400.0
1796,2021-10-05 02:55:05,21900.0,5000.0,759900.0
1797,2021-10-05 02:55:05,21900.0,200.0,754900.0
1798,2021-10-05 02:55:05,21900.0,2000.0,754700.0
1799,2021-10-05 02:55:05,21900.0,4000.0,752700.0
1800,2021-10-05 02:55:05,21900.0,2000.0,748700.0
1801,2021-10-05 02:55:05,21900.0,300.0,746700.0
1802,2021-10-05 02:55:05,21900.0,900.0,746400.0
1803,2021-10-05 02:54:50,21900.0,1400.0,745500.0
1804,2021-10-05 02:54:23,21950.0,100.0,744100.0
1805,2021-10-05 02:54:09,21900.0,700.0,744000.0
1806,2021-10-05 02:54:09,21900.0,500.0,743300.0
1807,2021-10-05 02:54:09,21900.0,100.0,742800.0
1808,2021-10-05 02:54:09,21900.0,100.0,742700.0
1809,2021-10-05 02:54:09,21900.0,1000.0,742600.0
1810,2021-10-05 02:54:09,21900.0,200.0,741600.0
1811,2021-10-05 02:54:09,21900.0,200.0,741400.0
1812,2021-10-05 02:54:09,21900.0,100.0,741200.0
1813,2021-10-05 02:54:09,21900.0,100.0,741100.0
1814,2021-10-05 02:54:09,21900.0,2000.0,741000.0
1815,2021-10-05 02:54:09,21900.0,500.0,739000.0
1816,2021-10-05 02:54:09,21900.0,100.0,738500.0
1817,2021-10-05 02:54:09,21900.0,3000.0,738400.0
1818,2021-10-05 02:54:09,21900.0,1000.0,735400.0
1819,2021-10-05 02:54:09,21900.0,400.0,734400.0
1820,2021-10-05 02:54:03,21900.0,100.0,734000.0
1821,2021-10-05 02:53:55,21900.0,200.0,733900.0
1822,2021-10-05 02:53:50,21900.0,2500.0,733700.0
1823,2021-10-05 02:53:48,21900.0,1500.0,731200.0
1824,2021-10-05 02:53:35,21900.0,300.0,729700.0
1825,2021-10-05 02:53:35,21900.0,100.0,729400.0
1826,2021-10-05 02:53:35,21900.0,100.0,729300.0
1827,2021-10-05 02:53:35,21900.0,500.0,729200.0
1828,2021-10-05 02:53:26,21900.0,1000.0,728700.0
1829,2021-10-05 02:52:59,21900.0,2000.0,727700.0
1830,2021-10-05 02:52:23,21900.0,500.0,725700.0
1831,2021-10-05 02:52:23,21900.0,100.0,725200.0
1832,2021-10-05 02:52:23,21900.0,200.0,725100.0
1833,2021-10-05 02:51:45,21950.0,200.0,724900.0
1834,2021-10-05 02:51:45,21950.0,300.0,724700.0
1835,2021-10-05 02:51:37,21900.0,100.0,724400.0
1836,2021-10-05 02:51:37,21900.0,1600.0,724300.0
1837,2021-10-05 02:51:34,21950.0,300.0,722700.0
1838,2021-10-05 02:51:30,21900.0,600.0,722400.0
1839,2021-10-05 02:51:22,21950.0,500.0,721800.0
1840,2021-10-05 02:51:20,21950.0,1000.0,721300.0
1841,2021-10-05 02:51:13,21950.0,2000.0,720300.0
1842,2021-10-05 02:50:52,21950.0,300.0,718300.0
1843,2021-10-05 02:50:52,21950.0,100.0,718000.0
1844,2021-10-05 02:50:52,21950.0,500.0,717900.0
1845,2021-10-05 02:50:49,22000.0,500.0,717400.0
1846,2021-10-05 02:50:34,22000.0,500.0,716900.0
1847,2021-10-05 02:50:26,21950.0,100.0,716400.0
1848,2021-10-05 02:50:26,21950.0,900.0,716300.0
1849,2021-10-05 02:50:23,21950.0,800.0,715400.0
1850,2021-10-05 02:50:13,21950.0,300.0,714600.0
1851,2021-10-05 02:50:13,21950.0,100.0,714300.0
1852,2021-10-05 02:50:13,21950.0,1000.0,714200.0
1853,2021-10-05 02:50:13,21950.0,100.0,713200.0
1854,2021-10-05 02:50:13,21950.0,8500.0,713100.0
1855,2021-10-05 02:50:09,21950.0,500.0,704600.0
1856,2021-10-05 02:50:08,22000.0,100.0,704100.0
1857,2021-10-05 02:49:59,21950.0,200.0,704000.0
1858,2021-10-05 02:49:52,21950.0,100.0,703800.0
1859,2021-10-05 02:49:51,21950.0,100.0,703700.0
1860,2021-10-05 02:49:50,21950.0,1000.0,703600.0
1861,2021-10-05 02:49:34,21950.0,4700.0,702600.0
1862,2021-10-05 02:49:31,21950.0,5000.0,697900.0
1863,2021-10-05 02:49:24,21950.0,1000.0,692900.0
1864,2021-10-05 02:49:07,21950.0,200.0,691900.0
1865,2021-10-05 02:48:59,21950.0,3000.0,691700.0
1866,2021-10-05 02:48:50,21950.0,5400.0,688700.0
1867,2021-10-05 02:48:47,21950.0,300.0,683300.0
1868,2021-10-05 02:48:39,21950.0,100.0,683000.0
1869,2021-10-05 02:48:39,21950.0,100.0,682900.0
1870,2021-10-05 02:48:34,21950.0,1900.0,682800.0
1871,2021-10-05 02:48:34,21950.0,100.0,680900.0
1872,2021-10-05 02:48:34,21950.0,100.0,680800.0
1873,2021-10-05 02:48:34,21950.0,100.0,680700.0
1874,2021-10-05 02:48:34,21950.0,800.0,680600.0
1875,2021-10-05 02:48:34,21950.0,17000.0,679800.0
1876,2021-10-05 02:48:33,21950.0,1000.0,662800.0
1877,2021-10-05 02:47:49,21950.0,800.0,661800.0
1878,2021-10-05 02:47:31,21950.0,2000.0,661000.0
1879,2021-10-05 02:47:31,21950.0,100.0,659000.0
1880,2021-10-05 02:47:31,21950.0,100.0,658900.0
1881,2021-10-05 02:47:11,21950.0,300.0,658800.0
1882,2021-10-05 02:47:11,21950.0,100.0,658500.0
1883,2021-10-05 02:47:11,21950.0,100.0,658400.0
1884,2021-10-05 02:47:11,21950.0,100.0,658300.0
1885,2021-10-05 02:47:04,22000.0,200.0,658200.0
1886,2021-10-05 02:47:00,21950.0,500.0,658000.0
1887,2021-10-05 02:46:51,21950.0,200.0,657500.0
1888,2021-10-05 02:46:22,21950.0,200.0,657300.0
1889,2021-10-05 02:46:22,21950.0,200.0,657100.0
1890,2021-10-05 02:46:22,21950.0,200.0,656900.0
1891,2021-10-05 02:46:21,21950.0,100.0,656700.0
1892,2021-10-05 02:46:21,21950.0,3900.0,656600.0
1893,2021-10-05 02:45:54,21950.0,300.0,652700.0
1894,2021-10-05 02:45:47,21950.0,300.0,652400.0
1895,2021-10-05 02:45:39,21950.0,500.0,652100.0
1896,2021-10-05 02:45:38,22000.0,100.0,651600.0
1897,2021-10-05 02:45:33,22000.0,100.0,651500.0
1898,2021-10-05 02:45:22,22000.0,500.0,651400.0
1899,2021-10-05 02:45:16,22000.0,800.0,650900.0
1900,2021-10-05 02:45:14,22050.0,100.0,650100.0
1901,2021-10-05 02:45:12,22000.0,100.0,650000.0
1902,2021-10-05 02:45:01,22050.0,100.0,649900.0
1903,2021-10-05 02:45:00,22000.0,100.0,649800.0
1904,2021-10-05 02:45:00,22000.0,100.0,649700.0
1905,2021-10-05 02:45:00,22000.0,100.0,649600.0
1906,2021-10-05 02:44:56,22050.0,2400.0,649500.0
1907,2021-10-05 02:44:56,22050.0,600.0,647100.0
1908,2021-10-05 02:44:45,22000.0,100.0,646500.0
1909,2021-10-05 02:44:45,22000.0,100.0,646400.0
1910,2021-10-05 02:44:10,22050.0,1300.0,646300.0
1911,2021-10-05 02:44:08,22050.0,200.0,645000.0
1912,2021-10-05 02:44:08,22050.0,400.0,644800.0
1913,2021-10-05 02:43:39,22050.0,100.0,644400.0
1914,2021-10-05 02:42:57,22050.0,400.0,644300.0
1915,2021-10-05 02:42:57,22050.0,300.0,643900.0
1916,2021-10-05 02:42:57,22000.0,300.0,643600.0
1917,2021-10-05 02:42:53,22000.0,700.0,643300.0
1918,2021-10-05 02:42:53,22000.0,300.0,642600.0
1919,2021-10-05 02:42:53,22000.0,1000.0,642300.0
1920,2021-10-05 02:42:53,22000.0,500.0,641300.0
1921,2021-10-05 02:42:53,22000.0,500.0,640800.0
1922,2021-10-05 02:42:51,22000.0,100.0,640300.0
1923,2021-10-05 02:42:31,22000.0,200.0,640200.0
1924,2021-10-05 02:42:31,22000.0,400.0,640000.0
1925,2021-10-05 02:42:31,22000.0,100.0,639600.0
1926,2021-10-05 02:42:31,22000.0,100.0,639500.0
1927,2021-10-05 02:42:31,22000.0,100.0,639400.0
1928,2021-10-05 02:42:18,22000.0,1000.0,639300.0
1929,2021-10-05 02:42:05,22000.0,100.0,638300.0
1930,2021-10-05 02:41:51,22000.0,2000.0,638200.0
1931,2021-10-05 02:41:42,22000.0,800.0,636200.0
1932,2021-10-05 02:41:42,22000.0,1000.0,635400.0
1933,2021-10-05 02:41:42,22000.0,100.0,634400.0
1934,2021-10-05 02:41:42,22000.0,300.0,634300.0
1935,2021-10-05 02:41:42,22000.0,300.0,634000.0
1936,2021-10-05 02:41:42,22000.0,300.0,633700.0
1937,2021-10-05 02:41:42,22000.0,5000.0,633400.0
1938,2021-10-05 02:41:42,22000.0,300.0,628400.0
1939,2021-10-05 02:41:42,22000.0,800.0,628100.0
1940,2021-10-05 02:41:42,22000.0,1000.0,627300.0
1941,2021-10-05 02:41:42,22050.0,100.0,626300.0
1942,2021-10-05 02:41:26,22050.0,4900.0,626200.0
1943,2021-10-05 02:41:26,22050.0,200.0,621300.0
1944,2021-10-05 02:41:19,22100.0,100.0,621100.0
1945,2021-10-05 02:41:13,22100.0,100.0,621000.0
1946,2021-10-05 02:41:13,22100.0,2000.0,620900.0
1947,2021-10-05 02:41:13,22100.0,1000.0,618900.0
1948,2021-10-05 02:41:13,22100.0,1000.0,617900.0
1949,2021-10-05 02:41:13,22100.0,3000.0,616900.0
1950,2021-10-05 02:41:09,22100.0,100.0,613900.0
1951,2021-10-05 02:41:05,22100.0,100.0,613800.0
1952,2021-10-05 02:41:02,22100.0,1000.0,613700.0
1953,2021-10-05 02:40:53,22100.0,400.0,612700.0
1954,2021-10-05 02:40:39,22150.0,200.0,612300.0
1955,2021-10-05 02:40:24,22100.0,500.0,612100.0
1956,2021-10-05 02:40:07,22150.0,400.0,611600.0
1957,2021-10-05 02:40:07,22150.0,7000.0,611200.0
1958,2021-10-05 02:40:07,22150.0,1100.0,604200.0
1959,2021-10-05 02:40:07,22150.0,1500.0,603100.0
1960,2021-10-05 02:40:04,22100.0,9900.0,601600.0
1961,2021-10-05 02:40:04,22100.0,100.0,591700.0
1962,2021-10-05 02:39:58,22150.0,400.0,591600.0
1963,2021-10-05 02:39:57,22100.0,100.0,591200.0
1964,2021-10-05 02:39:57,22100.0,10000.0,591100.0
1965,2021-10-05 02:39:57,22100.0,1000.0,581100.0
1966,2021-10-05 02:39:57,22100.0,3900.0,580100.0
1967,2021-10-05 02:39:38,22150.0,300.0,576200.0
1968,2021-10-05 02:39:31,22150.0,200.0,575900.0
1969,2021-10-05 02:38:55,22150.0,600.0,575700.0
1970,2021-10-05 02:38:55,22150.0,100.0,575100.0
1971,2021-10-05 02:38:55,22150.0,500.0,575000.0
1972,2021-10-05 02:38:55,22150.0,3100.0,574500.0
1973,2021-10-05 02:38:46,22150.0,500.0,571400.0
1974,2021-10-05 02:38:43,22150.0,1600.0,570900.0
1975,2021-10-05 02:38:37,22150.0,100.0,569300.0
1976,2021-10-05 02:38:35,22150.0,200.0,569200.0
1977,2021-10-05 02:38:24,22150.0,4500.0,569000.0
1978,2021-10-05 02:38:24,22150.0,1000.0,564500.0
1979,2021-10-05 02:38:24,22150.0,200.0,563500.0
1980,2021-10-05 02:38:24,22150.0,300.0,563300.0
1981,2021-10-05 02:38:13,22150.0,100.0,563000.0
1982,2021-10-05 02:38:09,22150.0,1000.0,562900.0
1983,2021-10-05 02:38:08,22150.0,100.0,561900.0
1984,2021-10-05 02:38:04,22150.0,100.0,561800.0
1985,2021-10-05 02:37:57,22150.0,100.0,561700.0
1986,2021-10-05 02:37:48,22150.0,300.0,561600.0
1987,2021-10-05 02:37:48,22150.0,200.0,561300.0
1988,2021-10-05 02:37:47,22150.0,200.0,561100.0
1989,2021-10-05 02:37:45,22150.0,600.0,560900.0
1990,2021-10-05 02:37:45,22150.0,100.0,560300.0
1991,2021-10-05 02:37:42,22150.0,200.0,560200.0
1992,2021-10-05 02:37:30,22100.0,100.0,560000.0
1993,2021-10-05 02:37:30,22100.0,1500.0,559900.0
1994,2021-10-05 02:37:17,22100.0,4800.0,558400.0
1995,2021-10-05 02:37:12,22100.0,400.0,553600.0
1996,2021-10-05 02:37:10,22100.0,500.0,553200.0
1997,2021-10-05 02:37:06,22100.0,200.0,552700.0
1998,2021-10-05 02:37:03,22100.0,200.0,552500.0
1999,2021-10-05 02:37:02,22100.0,900.0,552300.0
2000,2021-10-05 02:36:57,22100.0,1000.0,551400.0
2001,2021-10-05 02:36:56,22100.0,500.0,550400.0
2002,2021-10-05 02:36:56,22100.0,600.0,549900.0
2003,2021-10-05 02:36:47,22100.0,400.0,549300.0
2004,2021-10-05 02:36:47,22100.0,100.0,548900.0
2005,2021-10-05 02:36:45,22100.0,100.0,548800.0
2006,2021-10-05 02:36:35,22100.0,300.0,548700.0
2007,2021-10-05 02:36:35,22100.0,500.0,548400.0
2008,2021-10-05 02:36:35,22100.0,200.0,547900.0
2009,2021-10-05 02:36:35,22100.0,1000.0,547700.0
2010,2021-10-05 02:36:26,22050.0,100.0,546700.0
2011,2021-10-05 02:36:26,22050.0,500.0,546600.0
2012,2021-10-05 02:36:11,22050.0,100.0,546100.0
2013,2021-10-05 02:36:11,22050.0,100.0,546000.0
2014,2021-10-05 02:36:02,22000.0,500.0,545900.0
2015,2021-10-05 02:35:58,22000.0,100.0,545400.0
2016,2021-10-05 02:35:58,22000.0,100.0,545300.0
2017,2021-10-05 02:35:58,22000.0,100.0,545200.0
2018,2021-10-05 02:35:58,22000.0,300.0,545100.0
2019,2021-10-05 02:35:58,22000.0,100.0,544800.0
2020,2021-10-05 02:35:58,22000.0,1000.0,544700.0
2021,2021-10-05 02:35:58,22000.0,100.0,543700.0
2022,2021-10-05 02:35:58,22000.0,700.0,543600.0
2023,2021-10-05 02:35:53,22000.0,300.0,542900.0
2024,2021-10-05 02:35:53,22000.0,300.0,542600.0
2025,2021-10-05 02:35:53,22000.0,400.0,542300.0
2026,2021-10-05 02:35:52,22000.0,100.0,541900.0
2027,2021-10-05 02:35:50,22000.0,1000.0,541800.0
2028,2021-10-05 02:35:48,22000.0,300.0,540800.0
2029,2021-10-05 02:35:45,22000.0,1300.0,540500.0
2030,2021-10-05 02:35:29,22000.0,1700.0,539200.0
2031,2021-10-05 02:35:21,22000.0,100.0,537500.0
2032,2021-10-05 02:35:11,21900.0,100.0,537400.0
2033,2021-10-05 02:35:07,22000.0,100.0,537300.0
2034,2021-10-05 02:35:07,22000.0,100.0,537200.0
2035,2021-10-05 02:35:07,22000.0,1900.0,537100.0
2036,2021-10-05 02:35:07,22000.0,500.0,535200.0
2037,2021-10-05 02:34:51,22000.0,100.0,534700.0
2038,2021-10-05 02:34:51,22000.0,200.0,534600.0
2039,2021-10-05 02:34:46,22000.0,800.0,534400.0
2040,2021-10-05 02:34:46,22000.0,1700.0,533600.0
2041,2021-10-05 02:34:46,22000.0,300.0,531900.0
2042,2021-10-05 02:34:46,22000.0,500.0,531600.0
2043,2021-10-05 02:34:46,22000.0,400.0,531100.0
2044,2021-10-05 02:34:46,22000.0,1000.0,530700.0
2045,2021-10-05 02:34:46,22000.0,500.0,529700.0
2046,2021-10-05 02:34:46,22000.0,100.0,529200.0
2047,2021-10-05 02:34:46,22000.0,1500.0,529100.0
2048,2021-10-05 02:34:46,22000.0,1200.0,527600.0
2049,2021-10-05 02:34:38,22000.0,800.0,526400.0
2050,2021-10-05 02:34:38,22000.0,3300.0,525600.0
2051,2021-10-05 02:34:21,22000.0,5000.0,522300.0
2052,2021-10-05 02:34:20,22000.0,100.0,517300.0
2053,2021-10-05 02:34:01,22000.0,1000.0,517200.0
2054,2021-10-05 02:33:57,21900.0,400.0,516200.0
2055,2021-10-05 02:33:48,21900.0,300.0,515800.0
2056,2021-10-05 02:33:48,21900.0,100.0,515500.0
2057,2021-10-05 02:33:48,21900.0,400.0,515400.0
2058,2021-10-05 02:33:48,21900.0,10000.0,515000.0
2059,2021-10-05 02:33:48,21900.0,500.0,505000.0
2060,2021-10-05 02:33:48,21900.0,5000.0,504500.0
