,Time,Price,Volume_per_trade,Volume
0,2021-10-06 07:45:00,84000.0,1000.0,854800.0
1,2021-10-06 07:45:00,84000.0,900.0,853800.0
2,2021-10-06 07:45:00,84000.0,5000.0,852900.0
3,2021-10-06 07:45:00,84000.0,100.0,847900.0
4,2021-10-06 07:45:00,84000.0,100.0,847800.0
5,2021-10-06 07:45:00,84000.0,100.0,847700.0
6,2021-10-06 07:45:00,84000.0,300.0,847600.0
7,2021-10-06 07:45:00,84000.0,100.0,847300.0
8,2021-10-06 07:45:00,84000.0,500.0,847200.0
9,2021-10-06 07:45:00,84000.0,500.0,846700.0
10,2021-10-06 07:45:00,84000.0,1700.0,846200.0
11,2021-10-06 07:45:00,84000.0,500.0,844500.0
12,2021-10-06 07:45:00,84000.0,2200.0,844000.0
13,2021-10-06 07:45:00,84000.0,500.0,841800.0
14,2021-10-06 07:45:00,84000.0,1700.0,841300.0
15,2021-10-06 07:45:00,84000.0,2000.0,839600.0
16,2021-10-06 07:45:00,84000.0,100.0,837600.0
17,2021-10-06 07:45:00,84000.0,400.0,837500.0
18,2021-10-06 07:45:00,84000.0,100.0,837100.0
19,2021-10-06 07:45:00,84000.0,1000.0,837000.0
20,2021-10-06 07:45:00,84000.0,1900.0,836000.0
21,2021-10-06 07:45:00,84000.0,100.0,834100.0
22,2021-10-06 07:45:00,84000.0,100.0,834000.0
23,2021-10-06 07:45:00,84000.0,400.0,833900.0
24,2021-10-06 07:45:00,84000.0,600.0,833500.0
25,2021-10-06 07:45:00,84000.0,600.0,832900.0
26,2021-10-06 07:45:00,84000.0,400.0,832300.0
27,2021-10-06 07:29:53,84000.0,100.0,831900.0
28,2021-10-06 07:29:35,84000.0,600.0,831800.0
29,2021-10-06 07:29:34,84000.0,100.0,831200.0
30,2021-10-06 07:29:26,84000.0,800.0,831100.0
31,2021-10-06 07:29:15,84000.0,16700.0,830300.0
32,2021-10-06 07:29:15,84000.0,300.0,813600.0
33,2021-10-06 07:28:32,84000.0,200.0,813300.0
34,2021-10-06 07:28:32,84000.0,100.0,813100.0
35,2021-10-06 07:28:32,84000.0,200.0,813000.0
36,2021-10-06 07:28:32,84000.0,500.0,812800.0
37,2021-10-06 07:28:32,84000.0,800.0,812300.0
38,2021-10-06 07:28:30,83700.0,3800.0,811500.0
39,2021-10-06 07:28:30,83800.0,100.0,807700.0
40,2021-10-06 07:28:30,83900.0,200.0,807600.0
41,2021-10-06 07:28:30,83900.0,100.0,807400.0
42,2021-10-06 07:28:30,83900.0,2300.0,807300.0
43,2021-10-06 07:28:30,83900.0,3500.0,805000.0
44,2021-10-06 07:27:54,84000.0,100.0,801500.0
45,2021-10-06 07:27:41,83900.0,2500.0,801400.0
46,2021-10-06 07:27:38,83900.0,1900.0,798900.0
47,2021-10-06 07:27:24,83900.0,700.0,797000.0
48,2021-10-06 07:27:13,83900.0,300.0,796300.0
49,2021-10-06 07:27:13,83900.0,100.0,796000.0
50,2021-10-06 07:27:09,84000.0,100.0,795900.0
51,2021-10-06 07:27:09,84000.0,300.0,795800.0
52,2021-10-06 07:27:09,84000.0,400.0,795500.0
53,2021-10-06 07:27:09,84000.0,100.0,795100.0
54,2021-10-06 07:27:09,84000.0,1500.0,795000.0
55,2021-10-06 07:27:09,84000.0,10000.0,793500.0
56,2021-10-06 07:27:09,84000.0,100.0,783500.0
57,2021-10-06 07:27:09,84000.0,5000.0,783400.0
58,2021-10-06 07:27:09,84000.0,1000.0,778400.0
59,2021-10-06 07:27:09,84000.0,200.0,777400.0
60,2021-10-06 07:27:09,84000.0,1000.0,777200.0
61,2021-10-06 07:27:09,84000.0,300.0,776200.0
62,2021-10-06 07:27:08,84000.0,100.0,775900.0
63,2021-10-06 07:27:03,84000.0,100.0,775800.0
64,2021-10-06 07:27:03,84000.0,3000.0,775700.0
65,2021-10-06 07:27:03,84000.0,1900.0,772700.0
66,2021-10-06 07:26:35,84000.0,8100.0,770800.0
67,2021-10-06 07:26:35,84000.0,100.0,762700.0
68,2021-10-06 07:26:35,84000.0,400.0,762600.0
69,2021-10-06 07:26:19,84000.0,100.0,762200.0
70,2021-10-06 07:26:19,84000.0,200.0,762100.0
71,2021-10-06 07:25:59,84000.0,2000.0,761900.0
72,2021-10-06 07:25:51,84000.0,100.0,759900.0
73,2021-10-06 07:25:50,84000.0,100.0,759800.0
74,2021-10-06 07:25:16,84000.0,200.0,759700.0
75,2021-10-06 07:25:00,84000.0,500.0,759500.0
76,2021-10-06 07:24:51,83600.0,100.0,759000.0
77,2021-10-06 07:24:36,84000.0,1900.0,758900.0
78,2021-10-06 07:24:36,84000.0,500.0,757000.0
79,2021-10-06 07:24:36,84000.0,100.0,756500.0
80,2021-10-06 07:24:36,84000.0,5000.0,756400.0
81,2021-10-06 07:24:36,84000.0,500.0,751400.0
82,2021-10-06 07:24:36,84000.0,5000.0,750900.0
83,2021-10-06 07:24:36,84000.0,400.0,745900.0
84,2021-10-06 07:24:19,84000.0,100.0,745500.0
85,2021-10-06 07:24:19,84000.0,200.0,745400.0
86,2021-10-06 07:24:19,84000.0,100.0,745200.0
87,2021-10-06 07:24:08,84000.0,900.0,745100.0
88,2021-10-06 07:24:08,84000.0,100.0,744200.0
89,2021-10-06 07:23:53,83900.0,500.0,744100.0
90,2021-10-06 07:23:53,83900.0,100.0,743600.0
91,2021-10-06 07:23:53,83900.0,5000.0,743500.0
92,2021-10-06 07:23:53,83900.0,100.0,738500.0
93,2021-10-06 07:23:53,83900.0,2000.0,738400.0
94,2021-10-06 07:23:53,83900.0,1900.0,736400.0
95,2021-10-06 07:23:27,83900.0,100.0,734500.0
96,2021-10-06 07:23:13,83900.0,100.0,734400.0
97,2021-10-06 07:22:49,83600.0,200.0,734300.0
98,2021-10-06 07:22:47,83900.0,2900.0,734100.0
99,2021-10-06 07:22:47,83900.0,100.0,731200.0
100,2021-10-06 07:22:47,83900.0,200.0,731100.0
101,2021-10-06 07:22:47,83900.0,10000.0,730900.0
102,2021-10-06 07:22:47,83900.0,400.0,720900.0
103,2021-10-06 07:22:30,83900.0,500.0,720500.0
104,2021-10-06 07:20:50,83900.0,1100.0,720000.0
105,2021-10-06 07:20:46,83600.0,100.0,718900.0
106,2021-10-06 07:19:46,83900.0,100.0,718800.0
107,2021-10-06 07:18:37,83600.0,200.0,718700.0
108,2021-10-06 07:17:45,83900.0,100.0,718500.0
109,2021-10-06 07:17:30,83600.0,1000.0,718400.0
110,2021-10-06 07:16:57,83900.0,100.0,717400.0
111,2021-10-06 07:16:51,83900.0,100.0,717300.0
112,2021-10-06 07:16:43,83900.0,100.0,717200.0
113,2021-10-06 07:16:43,83800.0,100.0,717100.0
114,2021-10-06 07:16:43,83800.0,200.0,717000.0
115,2021-10-06 07:16:43,83800.0,100.0,716800.0
116,2021-10-06 07:16:40,83800.0,100.0,716700.0
117,2021-10-06 07:16:36,83600.0,800.0,716600.0
118,2021-10-06 07:16:35,83500.0,100.0,715800.0
119,2021-10-06 07:16:34,83600.0,100.0,715700.0
120,2021-10-06 07:16:31,83600.0,100.0,715600.0
121,2021-10-06 07:16:31,83600.0,200.0,715500.0
122,2021-10-06 07:16:28,83600.0,100.0,715300.0
123,2021-10-06 07:16:24,83600.0,200.0,715200.0
124,2021-10-06 07:16:08,83600.0,100.0,715000.0
125,2021-10-06 07:15:59,83500.0,200.0,714900.0
126,2021-10-06 07:15:59,83500.0,500.0,714700.0
127,2021-10-06 07:15:58,83500.0,500.0,714200.0
128,2021-10-06 07:15:58,83500.0,100.0,713700.0
129,2021-10-06 07:15:58,83500.0,400.0,713600.0
130,2021-10-06 07:15:54,83500.0,100.0,713200.0
131,2021-10-06 07:15:47,83500.0,2000.0,713100.0
132,2021-10-06 07:15:34,83500.0,1000.0,711100.0
133,2021-10-06 07:15:31,83500.0,400.0,710100.0
134,2021-10-06 07:15:12,83500.0,1100.0,709700.0
135,2021-10-06 07:15:12,83500.0,2000.0,708600.0
136,2021-10-06 07:15:12,83500.0,100.0,706600.0
137,2021-10-06 07:15:12,83500.0,100.0,706500.0
138,2021-10-06 07:15:12,83500.0,100.0,706400.0
139,2021-10-06 07:15:12,83500.0,100.0,706300.0
140,2021-10-06 07:15:12,83500.0,100.0,706200.0
141,2021-10-06 07:15:12,83500.0,1000.0,706100.0
142,2021-10-06 07:15:12,83500.0,400.0,705100.0
143,2021-10-06 07:15:07,83500.0,1600.0,704700.0
144,2021-10-06 07:15:07,83500.0,300.0,703100.0
145,2021-10-06 07:15:07,83500.0,2000.0,702800.0
146,2021-10-06 07:15:07,83500.0,1100.0,700800.0
147,2021-10-06 07:14:26,83500.0,1900.0,699700.0
148,2021-10-06 07:14:24,83400.0,200.0,697800.0
149,2021-10-06 07:14:21,83500.0,1000.0,697600.0
150,2021-10-06 07:13:37,83500.0,100.0,696600.0
151,2021-10-06 07:13:12,83500.0,300.0,696500.0
152,2021-10-06 07:12:56,83400.0,2400.0,696200.0
153,2021-10-06 07:12:47,83400.0,2000.0,693800.0
154,2021-10-06 07:12:28,83400.0,100.0,691800.0
155,2021-10-06 07:12:23,83400.0,1000.0,691700.0
156,2021-10-06 07:12:23,83400.0,100.0,690700.0
157,2021-10-06 07:12:20,83300.0,100.0,690600.0
158,2021-10-06 07:11:39,83400.0,100.0,690500.0
159,2021-10-06 07:10:41,83400.0,1000.0,690400.0
160,2021-10-06 07:10:16,83200.0,100.0,689400.0
161,2021-10-06 07:09:50,83400.0,100.0,689300.0
162,2021-10-06 07:09:18,83400.0,900.0,689200.0
163,2021-10-06 07:08:55,83400.0,500.0,688300.0
164,2021-10-06 07:08:51,83400.0,400.0,687800.0
165,2021-10-06 07:08:40,83400.0,100.0,687400.0
166,2021-10-06 07:08:40,83400.0,100.0,687300.0
167,2021-10-06 07:08:09,83400.0,100.0,687200.0
168,2021-10-06 07:08:09,83400.0,2000.0,687100.0
169,2021-10-06 07:08:09,83400.0,200.0,685100.0
170,2021-10-06 07:08:09,83400.0,1000.0,684900.0
171,2021-10-06 07:08:09,83400.0,200.0,683900.0
172,2021-10-06 07:08:04,83200.0,200.0,683700.0
173,2021-10-06 07:06:46,83400.0,100.0,683500.0
174,2021-10-06 07:06:46,83400.0,700.0,683400.0
175,2021-10-06 07:06:34,83200.0,800.0,682700.0
176,2021-10-06 07:06:34,83200.0,200.0,681900.0
177,2021-10-06 07:05:53,83300.0,100.0,681700.0
178,2021-10-06 07:05:53,83300.0,100.0,681600.0
179,2021-10-06 07:05:30,83300.0,400.0,681500.0
180,2021-10-06 07:04:55,83300.0,100.0,681100.0
181,2021-10-06 07:03:45,83300.0,100.0,681000.0
182,2021-10-06 07:01:41,83200.0,100.0,680900.0
183,2021-10-06 07:00:48,83300.0,100.0,680800.0
184,2021-10-06 06:59:41,83200.0,100.0,680700.0
185,2021-10-06 06:59:39,83100.0,100.0,680600.0
186,2021-10-06 06:59:08,83200.0,200.0,680500.0
187,2021-10-06 06:58:56,83200.0,100.0,680300.0
188,2021-10-06 06:58:40,83200.0,100.0,680200.0
189,2021-10-06 06:58:40,83200.0,100.0,680100.0
190,2021-10-06 06:57:28,83200.0,200.0,680000.0
191,2021-10-06 06:56:58,83400.0,900.0,679800.0
192,2021-10-06 06:55:35,83400.0,1000.0,678900.0
193,2021-10-06 06:55:23,83200.0,100.0,677900.0
194,2021-10-06 06:55:23,83200.0,100.0,677800.0
195,2021-10-06 06:54:29,83200.0,400.0,677700.0
196,2021-10-06 06:54:29,83200.0,100.0,677300.0
197,2021-10-06 06:53:20,83200.0,100.0,677200.0
198,2021-10-06 06:52:54,83400.0,100.0,677100.0
199,2021-10-06 06:52:40,83200.0,100.0,677000.0
200,2021-10-06 06:51:16,83000.0,200.0,676900.0
201,2021-10-06 06:50:25,83300.0,100.0,676700.0
202,2021-10-06 06:49:12,83000.0,100.0,676600.0
203,2021-10-06 06:47:52,83400.0,100.0,676500.0
204,2021-10-06 06:47:51,83000.0,4300.0,676400.0
205,2021-10-06 06:47:51,83000.0,200.0,672100.0
206,2021-10-06 06:47:51,83000.0,200.0,671900.0
207,2021-10-06 06:47:51,83000.0,1000.0,671700.0
208,2021-10-06 06:47:51,83000.0,100.0,670700.0
209,2021-10-06 06:47:51,83000.0,100.0,670600.0
210,2021-10-06 06:47:51,83000.0,100.0,670500.0
211,2021-10-06 06:47:51,83100.0,200.0,670400.0
212,2021-10-06 06:47:39,83400.0,100.0,670200.0
213,2021-10-06 06:47:21,83400.0,100.0,670100.0
214,2021-10-06 06:47:21,83100.0,100.0,670000.0
215,2021-10-06 06:47:21,83100.0,100.0,669900.0
216,2021-10-06 06:47:12,83000.0,100.0,669800.0
217,2021-10-06 06:47:04,83100.0,200.0,669700.0
218,2021-10-06 06:45:35,83100.0,100.0,669500.0
219,2021-10-06 06:45:04,83000.0,100.0,669400.0
220,2021-10-06 06:45:03,83000.0,700.0,669300.0
221,2021-10-06 06:45:03,83000.0,300.0,668600.0
222,2021-10-06 06:44:58,83000.0,1000.0,668300.0
223,2021-10-06 06:43:55,83100.0,100.0,667300.0
224,2021-10-06 06:43:51,83000.0,100.0,667200.0
225,2021-10-06 06:43:50,83000.0,100.0,667100.0
226,2021-10-06 06:43:27,83000.0,300.0,667000.0
227,2021-10-06 06:43:08,83000.0,100.0,666700.0
228,2021-10-06 06:43:05,83000.0,200.0,666600.0
229,2021-10-06 06:43:04,83000.0,100.0,666400.0
230,2021-10-06 06:43:04,83000.0,100.0,666300.0
231,2021-10-06 06:43:04,83000.0,100.0,666200.0
232,2021-10-06 06:42:57,83000.0,200.0,666100.0
233,2021-10-06 06:42:56,83000.0,200.0,665900.0
234,2021-10-06 06:42:39,83000.0,200.0,665700.0
235,2021-10-06 06:42:39,83000.0,1800.0,665500.0
236,2021-10-06 06:42:36,83000.0,200.0,663700.0
237,2021-10-06 06:42:36,83000.0,200.0,663500.0
238,2021-10-06 06:42:36,83000.0,600.0,663300.0
239,2021-10-06 06:42:25,83100.0,100.0,662700.0
240,2021-10-06 06:42:13,83000.0,100.0,662600.0
241,2021-10-06 06:42:13,83000.0,300.0,662500.0
242,2021-10-06 06:41:58,83100.0,100.0,662200.0
243,2021-10-06 06:41:45,83100.0,300.0,662100.0
244,2021-10-06 06:41:45,83100.0,300.0,661800.0
245,2021-10-06 06:41:16,83100.0,500.0,661500.0
246,2021-10-06 06:41:01,83100.0,1700.0,661000.0
247,2021-10-06 06:41:00,83100.0,100.0,659300.0
248,2021-10-06 06:40:50,83000.0,200.0,659200.0
249,2021-10-06 06:40:48,83000.0,100.0,659000.0
250,2021-10-06 06:40:38,83100.0,100.0,658900.0
251,2021-10-06 06:40:21,83100.0,100.0,658800.0
252,2021-10-06 06:40:21,83100.0,100.0,658700.0
253,2021-10-06 06:40:21,83100.0,1000.0,658600.0
254,2021-10-06 06:40:21,83100.0,5000.0,657600.0
255,2021-10-06 06:40:21,83100.0,1100.0,652600.0
256,2021-10-06 06:40:00,83200.0,100.0,651500.0
257,2021-10-06 06:38:44,83100.0,100.0,651400.0
258,2021-10-06 06:38:37,83200.0,100.0,651300.0
259,2021-10-06 06:37:46,83100.0,100.0,651200.0
260,2021-10-06 06:37:27,83200.0,100.0,651100.0
261,2021-10-06 06:37:14,83200.0,1000.0,651000.0
262,2021-10-06 06:36:55,83200.0,3000.0,650000.0
263,2021-10-06 06:36:55,83200.0,1000.0,647000.0
264,2021-10-06 06:36:55,83200.0,100.0,646000.0
265,2021-10-06 06:36:55,83200.0,100.0,645900.0
266,2021-10-06 06:36:55,83200.0,300.0,645800.0
267,2021-10-06 06:36:36,83200.0,100.0,645500.0
268,2021-10-06 06:36:17,83200.0,100.0,645400.0
269,2021-10-06 06:36:17,83200.0,100.0,645300.0
270,2021-10-06 06:36:17,83200.0,1000.0,645200.0
271,2021-10-06 06:36:17,83200.0,100.0,644200.0
272,2021-10-06 06:36:17,83200.0,200.0,644100.0
273,2021-10-06 06:36:17,83200.0,2000.0,643900.0
274,2021-10-06 06:36:17,83300.0,6500.0,641900.0
275,2021-10-06 06:35:42,83300.0,100.0,635400.0
276,2021-10-06 06:35:05,83300.0,300.0,635300.0
277,2021-10-06 06:34:33,83300.0,100.0,635000.0
278,2021-10-06 06:34:26,83300.0,100.0,634900.0
279,2021-10-06 06:33:49,83300.0,6200.0,634800.0
280,2021-10-06 06:33:41,83300.0,400.0,628600.0
281,2021-10-06 06:33:35,83300.0,100.0,628200.0
282,2021-10-06 06:33:35,83300.0,500.0,628100.0
283,2021-10-06 06:33:35,83300.0,500.0,627600.0
284,2021-10-06 06:33:35,83300.0,300.0,627100.0
285,2021-10-06 06:32:24,83300.0,100.0,626800.0
286,2021-10-06 06:31:52,83500.0,100.0,626700.0
287,2021-10-06 06:31:28,83500.0,100.0,626600.0
288,2021-10-06 06:30:35,83200.0,200.0,626500.0
289,2021-10-06 06:30:35,83200.0,400.0,626300.0
290,2021-10-06 06:30:13,83200.0,100.0,625900.0
291,2021-10-06 06:29:59,83500.0,100.0,625800.0
292,2021-10-06 06:28:58,83200.0,500.0,625700.0
293,2021-10-06 06:28:55,83500.0,300.0,625200.0
294,2021-10-06 06:28:55,83500.0,100.0,624900.0
295,2021-10-06 06:28:55,83500.0,200.0,624800.0
296,2021-10-06 06:28:55,83500.0,200.0,624600.0
297,2021-10-06 06:28:55,83500.0,200.0,624400.0
298,2021-10-06 06:28:55,83500.0,500.0,624200.0
299,2021-10-06 06:28:55,83500.0,1000.0,623700.0
300,2021-10-06 06:28:55,83500.0,5000.0,622700.0
301,2021-10-06 06:28:55,83500.0,2500.0,617700.0
302,2021-10-06 06:28:13,83200.0,100.0,615200.0
303,2021-10-06 06:27:45,83500.0,400.0,615100.0
304,2021-10-06 06:27:45,83400.0,1600.0,614700.0
305,2021-10-06 06:27:25,83500.0,100.0,613100.0
306,2021-10-06 06:27:00,83400.0,300.0,613000.0
307,2021-10-06 06:26:54,83400.0,500.0,612700.0
308,2021-10-06 06:26:54,83400.0,200.0,612200.0
309,2021-10-06 06:26:09,83200.0,100.0,612000.0
310,2021-10-06 06:26:00,83400.0,300.0,611900.0
311,2021-10-06 06:26:00,83400.0,200.0,611600.0
312,2021-10-06 06:26:00,83400.0,500.0,611400.0
313,2021-10-06 06:24:54,83200.0,200.0,610900.0
314,2021-10-06 06:24:52,83200.0,200.0,610700.0
315,2021-10-06 06:24:49,83200.0,100.0,610500.0
316,2021-10-06 06:24:48,83200.0,200.0,610400.0
317,2021-10-06 06:24:40,83200.0,100.0,610200.0
318,2021-10-06 06:24:36,83200.0,200.0,610100.0
319,2021-10-06 06:24:24,83200.0,2000.0,609900.0
320,2021-10-06 06:24:24,83200.0,400.0,607900.0
321,2021-10-06 06:24:08,83100.0,100.0,607500.0
322,2021-10-06 06:24:04,83200.0,100.0,607400.0
323,2021-10-06 06:23:40,83100.0,200.0,607300.0
324,2021-10-06 06:23:33,83100.0,300.0,607100.0
325,2021-10-06 06:23:33,83100.0,200.0,606800.0
326,2021-10-06 06:23:33,83100.0,1500.0,606600.0
327,2021-10-06 06:23:30,83100.0,200.0,605100.0
328,2021-10-06 06:23:25,83100.0,300.0,604900.0
329,2021-10-06 06:23:25,83100.0,200.0,604600.0
330,2021-10-06 06:23:05,83100.0,100.0,604400.0
331,2021-10-06 06:22:58,83000.0,100.0,604300.0
332,2021-10-06 06:22:56,83000.0,300.0,604200.0
333,2021-10-06 06:22:53,83000.0,200.0,603900.0
334,2021-10-06 06:22:53,83000.0,100.0,603700.0
335,2021-10-06 06:22:53,83000.0,600.0,603600.0
336,2021-10-06 06:22:53,83000.0,1100.0,603000.0
337,2021-10-06 06:22:37,83000.0,200.0,601900.0
338,2021-10-06 06:22:37,83000.0,500.0,601700.0
339,2021-10-06 06:22:37,83000.0,500.0,601200.0
340,2021-10-06 06:22:37,83000.0,100.0,600700.0
341,2021-10-06 06:22:37,83000.0,100.0,600600.0
342,2021-10-06 06:22:37,83000.0,3000.0,600500.0
343,2021-10-06 06:22:37,83000.0,600.0,597500.0
344,2021-10-06 06:22:35,83000.0,400.0,596900.0
345,2021-10-06 06:22:35,83000.0,500.0,596500.0
346,2021-10-06 06:22:35,83000.0,100.0,596000.0
347,2021-10-06 06:22:33,83000.0,100.0,595900.0
348,2021-10-06 06:22:33,83000.0,500.0,595800.0
349,2021-10-06 06:22:33,83000.0,100.0,595300.0
350,2021-10-06 06:22:33,83000.0,1000.0,595200.0
351,2021-10-06 06:22:33,83000.0,1000.0,594200.0
352,2021-10-06 06:22:33,83000.0,200.0,593200.0
353,2021-10-06 06:22:33,83000.0,2000.0,593000.0
354,2021-10-06 06:22:33,83000.0,100.0,591000.0
355,2021-10-06 06:22:31,83000.0,200.0,590900.0
356,2021-10-06 06:22:23,83000.0,500.0,590700.0
357,2021-10-06 06:22:19,83000.0,1200.0,590200.0
358,2021-10-06 06:22:19,83000.0,300.0,589000.0
359,2021-10-06 06:22:19,83000.0,1000.0,588700.0
360,2021-10-06 06:22:19,83000.0,500.0,587700.0
361,2021-10-06 06:22:19,83000.0,100.0,587200.0
362,2021-10-06 06:22:19,83000.0,200.0,587100.0
363,2021-10-06 06:22:19,83000.0,300.0,586900.0
364,2021-10-06 06:22:19,83000.0,300.0,586600.0
365,2021-10-06 06:22:19,83000.0,200.0,586300.0
366,2021-10-06 06:22:19,83000.0,3000.0,586100.0
367,2021-10-06 06:22:19,83000.0,5000.0,583100.0
368,2021-10-06 06:22:19,83000.0,500.0,578100.0
369,2021-10-06 06:22:19,83000.0,200.0,577600.0
370,2021-10-06 06:22:19,83000.0,2500.0,577400.0
371,2021-10-06 06:22:16,83000.0,2500.0,574900.0
372,2021-10-06 06:22:16,83000.0,1000.0,572400.0
373,2021-10-06 06:22:16,83000.0,100.0,571400.0
374,2021-10-06 06:22:16,83000.0,5000.0,571300.0
375,2021-10-06 06:22:16,83000.0,800.0,566300.0
376,2021-10-06 06:22:13,83000.0,100.0,565500.0
377,2021-10-06 06:22:11,83000.0,1100.0,565400.0
378,2021-10-06 06:22:11,83000.0,100.0,564300.0
379,2021-10-06 06:22:11,83000.0,1000.0,564200.0
380,2021-10-06 06:22:11,83000.0,100.0,563200.0
381,2021-10-06 06:22:11,83000.0,400.0,563100.0
382,2021-10-06 06:22:11,83000.0,200.0,562700.0
383,2021-10-06 06:22:06,82900.0,100.0,562500.0
384,2021-10-06 06:22:06,83000.0,1800.0,562400.0
385,2021-10-06 06:22:06,83000.0,1000.0,560600.0
386,2021-10-06 06:22:06,83000.0,2200.0,559600.0
387,2021-10-06 06:21:52,83000.0,500.0,557400.0
388,2021-10-06 06:21:49,83000.0,100.0,556900.0
389,2021-10-06 06:21:48,83000.0,9000.0,556800.0
390,2021-10-06 06:21:12,83000.0,500.0,547800.0
391,2021-10-06 06:20:00,83000.0,100.0,547300.0
392,2021-10-06 06:19:58,82900.0,100.0,547200.0
393,2021-10-06 06:19:49,82900.0,100.0,547100.0
394,2021-10-06 06:19:31,82900.0,500.0,547000.0
395,2021-10-06 06:19:23,83000.0,200.0,546500.0
396,2021-10-06 06:19:11,82900.0,300.0,546300.0
397,2021-10-06 06:18:43,83000.0,6200.0,546000.0
398,2021-10-06 06:17:55,82900.0,200.0,539800.0
399,2021-10-06 06:17:47,82900.0,100.0,539600.0
400,2021-10-06 06:17:29,83000.0,500.0,539500.0
401,2021-10-06 06:17:19,83000.0,800.0,539000.0
402,2021-10-06 06:16:57,83000.0,100.0,538200.0
403,2021-10-06 06:16:32,82900.0,100.0,538100.0
404,2021-10-06 06:16:09,82900.0,200.0,538000.0
405,2021-10-06 06:15:43,82900.0,1900.0,537800.0
406,2021-10-06 06:15:40,82900.0,100.0,535900.0
407,2021-10-06 06:15:26,83000.0,1000.0,535800.0
408,2021-10-06 06:14:21,82900.0,200.0,534800.0
409,2021-10-06 06:14:11,82900.0,1000.0,534600.0
410,2021-10-06 06:14:11,82900.0,300.0,533600.0
411,2021-10-06 06:13:36,82900.0,100.0,533300.0
412,2021-10-06 06:13:24,82900.0,200.0,533200.0
413,2021-10-06 06:11:28,82900.0,100.0,533000.0
414,2021-10-06 06:11:19,83000.0,100.0,532900.0
415,2021-10-06 06:11:18,83000.0,6000.0,532800.0
416,2021-10-06 06:10:52,83000.0,400.0,526800.0
417,2021-10-06 06:10:21,83000.0,500.0,526400.0
418,2021-10-06 06:10:05,82900.0,500.0,525900.0
419,2021-10-06 06:10:01,82900.0,800.0,525400.0
420,2021-10-06 06:09:26,82900.0,500.0,524600.0
421,2021-10-06 06:09:17,82900.0,100.0,524100.0
422,2021-10-06 06:09:06,83000.0,500.0,524000.0
423,2021-10-06 06:09:03,82900.0,100.0,523500.0
424,2021-10-06 06:08:45,82900.0,1000.0,523400.0
425,2021-10-06 06:08:39,82900.0,200.0,522400.0
426,2021-10-06 06:08:34,82900.0,100.0,522200.0
427,2021-10-06 06:08:11,82900.0,100.0,522100.0
428,2021-10-06 06:08:03,82900.0,100.0,522000.0
429,2021-10-06 06:07:43,82900.0,100.0,521900.0
430,2021-10-06 06:07:43,82900.0,200.0,521800.0
431,2021-10-06 06:07:43,82900.0,500.0,521600.0
432,2021-10-06 06:07:43,82900.0,100.0,521100.0
433,2021-10-06 06:07:43,82900.0,500.0,521000.0
434,2021-10-06 06:07:43,82900.0,100.0,520500.0
435,2021-10-06 06:07:20,82900.0,200.0,520400.0
436,2021-10-06 06:07:20,82900.0,300.0,520200.0
437,2021-10-06 06:07:20,82900.0,100.0,519900.0
438,2021-10-06 06:07:20,82900.0,100.0,519800.0
439,2021-10-06 06:07:20,82900.0,300.0,519700.0
440,2021-10-06 06:07:08,82500.0,100.0,519400.0
441,2021-10-06 06:06:52,82500.0,200.0,519300.0
442,2021-10-06 06:06:32,82900.0,2000.0,519100.0
443,2021-10-06 06:06:30,82900.0,2000.0,517100.0
444,2021-10-06 06:06:29,82900.0,5000.0,515100.0
445,2021-10-06 06:06:21,82900.0,700.0,510100.0
446,2021-10-06 06:06:21,82900.0,800.0,509400.0
447,2021-10-06 06:06:20,82500.0,300.0,508600.0
448,2021-10-06 06:06:14,82900.0,4200.0,508300.0
449,2021-10-06 06:06:14,82900.0,100.0,504100.0
450,2021-10-06 06:06:14,82900.0,200.0,504000.0
451,2021-10-06 06:06:14,82800.0,400.0,503800.0
452,2021-10-06 06:06:14,82800.0,100.0,503400.0
453,2021-10-06 06:05:04,82500.0,100.0,503300.0
454,2021-10-06 06:04:26,82800.0,200.0,503200.0
455,2021-10-06 06:04:26,82800.0,400.0,503000.0
456,2021-10-06 06:04:26,82800.0,400.0,502600.0
457,2021-10-06 06:02:59,82500.0,100.0,502200.0
458,2021-10-06 06:00:48,82500.0,100.0,502100.0
459,2021-10-06 06:00:22,82900.0,400.0,502000.0
460,2021-10-06 06:00:03,82900.0,200.0,501600.0
461,2021-10-06 06:00:00,82900.0,100.0,501400.0
462,2021-10-06 04:29:25,82900.0,100.0,501300.0
463,2021-10-06 04:29:25,82500.0,100.0,501200.0
464,2021-10-06 04:29:25,82500.0,500.0,501100.0
465,2021-10-06 04:29:25,82500.0,500.0,500600.0
466,2021-10-06 04:29:25,82500.0,500.0,500100.0
467,2021-10-06 04:29:25,82500.0,100.0,499600.0
468,2021-10-06 04:29:25,82500.0,100.0,499500.0
469,2021-10-06 04:29:25,82500.0,100.0,499400.0
470,2021-10-06 04:29:25,82500.0,500.0,499300.0
471,2021-10-06 04:29:25,82500.0,1000.0,498800.0
472,2021-10-06 04:29:25,82500.0,800.0,497800.0
473,2021-10-06 04:29:25,82500.0,1100.0,497000.0
474,2021-10-06 04:29:25,82500.0,300.0,495900.0
475,2021-10-06 04:29:25,82500.0,5400.0,495600.0
476,2021-10-06 04:28:57,82500.0,600.0,490200.0
477,2021-10-06 04:28:57,82500.0,1000.0,489600.0
478,2021-10-06 04:28:57,82500.0,200.0,488600.0
479,2021-10-06 04:28:57,82500.0,3000.0,488400.0
480,2021-10-06 04:28:10,82500.0,2000.0,485400.0
481,2021-10-06 04:28:10,82500.0,500.0,483400.0
482,2021-10-06 04:28:10,82500.0,500.0,482900.0
483,2021-10-06 04:28:10,82500.0,1000.0,482400.0
484,2021-10-06 04:28:10,82500.0,100.0,481400.0
485,2021-10-06 04:28:10,82500.0,200.0,481300.0
486,2021-10-06 04:28:10,82500.0,100.0,481100.0
487,2021-10-06 04:28:10,82500.0,600.0,481000.0
488,2021-10-06 04:28:05,82500.0,1600.0,480400.0
489,2021-10-06 04:28:05,82500.0,4000.0,478800.0
490,2021-10-06 04:28:05,82500.0,500.0,474800.0
491,2021-10-06 04:28:05,82500.0,400.0,474300.0
492,2021-10-06 04:28:05,82500.0,100.0,473900.0
493,2021-10-06 04:28:05,82500.0,2900.0,473800.0
494,2021-10-06 04:28:00,82300.0,100.0,470900.0
495,2021-10-06 04:28:00,82400.0,700.0,470800.0
496,2021-10-06 04:27:46,82400.0,1000.0,470100.0
497,2021-10-06 04:27:24,82400.0,100.0,469100.0
498,2021-10-06 04:26:58,82400.0,100.0,469000.0
499,2021-10-06 04:25:16,82400.0,100.0,468900.0
500,2021-10-06 04:24:41,82400.0,100.0,468800.0
501,2021-10-06 04:24:24,82500.0,100.0,468700.0
502,2021-10-06 04:24:14,82400.0,5000.0,468600.0
503,2021-10-06 04:24:14,82400.0,200.0,463600.0
504,2021-10-06 04:24:14,82400.0,200.0,463400.0
505,2021-10-06 04:24:14,82400.0,800.0,463200.0
506,2021-10-06 04:24:14,82400.0,1300.0,462400.0
507,2021-10-06 04:23:49,82400.0,100.0,461100.0
508,2021-10-06 04:23:11,82200.0,100.0,461000.0
509,2021-10-06 04:22:41,82100.0,300.0,460900.0
510,2021-10-06 04:22:34,82400.0,3500.0,460600.0
511,2021-10-06 04:22:34,82400.0,500.0,457100.0
512,2021-10-06 04:22:34,82400.0,6400.0,456600.0
513,2021-10-06 04:22:34,82300.0,3900.0,450200.0
514,2021-10-06 04:22:34,82200.0,300.0,446300.0
515,2021-10-06 04:22:34,82200.0,100.0,446000.0
516,2021-10-06 04:22:34,82200.0,200.0,445900.0
517,2021-10-06 04:22:34,82200.0,300.0,445700.0
518,2021-10-06 04:22:34,82200.0,800.0,445400.0
519,2021-10-06 04:21:52,82200.0,500.0,444600.0
520,2021-10-06 04:21:06,82100.0,100.0,444100.0
521,2021-10-06 04:20:59,82100.0,200.0,444000.0
522,2021-10-06 04:16:43,82100.0,100.0,443800.0
523,2021-10-06 04:16:28,82200.0,100.0,443700.0
524,2021-10-06 04:16:13,82100.0,200.0,443600.0
525,2021-10-06 04:15:24,82100.0,100.0,443400.0
526,2021-10-06 04:15:02,82100.0,100.0,443300.0
527,2021-10-06 04:14:41,82100.0,100.0,443200.0
528,2021-10-06 04:14:13,82100.0,200.0,443100.0
529,2021-10-06 04:14:00,82100.0,200.0,442900.0
530,2021-10-06 04:13:33,82100.0,100.0,442700.0
531,2021-10-06 04:13:33,82100.0,400.0,442600.0
532,2021-10-06 04:13:30,82100.0,800.0,442200.0
533,2021-10-06 04:13:30,82100.0,200.0,441400.0
534,2021-10-06 04:13:25,82100.0,1000.0,441200.0
535,2021-10-06 04:13:12,82100.0,2000.0,440200.0
536,2021-10-06 04:12:34,82000.0,100.0,438200.0
537,2021-10-06 04:11:33,82100.0,200.0,438100.0
538,2021-10-06 04:10:57,82100.0,1600.0,437900.0
539,2021-10-06 04:10:57,82100.0,300.0,436300.0
540,2021-10-06 04:10:57,82100.0,100.0,436000.0
541,2021-10-06 04:10:51,82000.0,500.0,435900.0
542,2021-10-06 04:10:22,82000.0,100.0,435400.0
543,2021-10-06 04:10:10,82000.0,100.0,435300.0
544,2021-10-06 04:10:10,82000.0,300.0,435200.0
545,2021-10-06 04:10:10,82000.0,800.0,434900.0
546,2021-10-06 04:08:51,82000.0,100.0,434100.0
547,2021-10-06 04:08:48,82000.0,400.0,434000.0
548,2021-10-06 04:08:24,82000.0,1400.0,433600.0
549,2021-10-06 04:08:24,82000.0,100.0,432200.0
550,2021-10-06 04:08:24,82000.0,100.0,432100.0
551,2021-10-06 04:08:24,82000.0,400.0,432000.0
552,2021-10-06 04:08:19,81900.0,100.0,431600.0
553,2021-10-06 04:08:00,82000.0,100.0,431500.0
554,2021-10-06 04:07:53,82000.0,100.0,431400.0
555,2021-10-06 04:07:53,82000.0,100.0,431300.0
556,2021-10-06 04:07:44,82000.0,100.0,431200.0
557,2021-10-06 04:07:44,82000.0,100.0,431100.0
558,2021-10-06 04:07:44,82000.0,100.0,431000.0
559,2021-10-06 04:07:44,82000.0,300.0,430900.0
560,2021-10-06 04:07:32,82000.0,700.0,430600.0
561,2021-10-06 04:06:15,82000.0,100.0,429900.0
562,2021-10-06 04:06:02,82000.0,100.0,429800.0
563,2021-10-06 04:06:02,82000.0,800.0,429700.0
564,2021-10-06 04:05:59,82000.0,100.0,428900.0
565,2021-10-06 04:05:31,82000.0,200.0,428800.0
566,2021-10-06 04:04:52,82000.0,200.0,428600.0
567,2021-10-06 04:04:52,82000.0,600.0,428400.0
568,2021-10-06 04:04:15,82000.0,300.0,427800.0
569,2021-10-06 04:04:14,81900.0,100.0,427500.0
570,2021-10-06 04:03:24,82000.0,100.0,427400.0
571,2021-10-06 04:03:19,82000.0,200.0,427300.0
572,2021-10-06 04:03:19,82000.0,1000.0,427100.0
573,2021-10-06 04:02:24,81900.0,100.0,426100.0
574,2021-10-06 04:02:14,81900.0,1000.0,426000.0
575,2021-10-06 04:02:12,81900.0,100.0,425000.0
576,2021-10-06 04:01:15,81900.0,200.0,424900.0
577,2021-10-06 04:01:15,81900.0,200.0,424700.0
578,2021-10-06 04:01:15,81900.0,1000.0,424500.0
579,2021-10-06 04:01:15,81900.0,200.0,423500.0
580,2021-10-06 04:01:15,81900.0,100.0,423300.0
581,2021-10-06 04:01:15,81900.0,300.0,423200.0
582,2021-10-06 04:00:36,81900.0,1000.0,422900.0
583,2021-10-06 04:00:06,81900.0,100.0,421900.0
584,2021-10-06 03:59:45,82000.0,100.0,421800.0
585,2021-10-06 03:59:45,82000.0,900.0,421700.0
586,2021-10-06 03:59:17,82000.0,200.0,420800.0
587,2021-10-06 03:59:07,82000.0,800.0,420600.0
588,2021-10-06 03:58:40,82000.0,100.0,419800.0
589,2021-10-06 03:58:36,82000.0,100.0,419700.0
590,2021-10-06 03:58:25,82000.0,1100.0,419600.0
591,2021-10-06 03:58:23,82000.0,100.0,418500.0
592,2021-10-06 03:58:23,82000.0,700.0,418400.0
593,2021-10-06 03:58:23,82000.0,2000.0,417700.0
594,2021-10-06 03:58:23,82000.0,200.0,415700.0
595,2021-10-06 03:58:23,82000.0,2000.0,415500.0
596,2021-10-06 03:58:23,82000.0,100.0,413500.0
597,2021-10-06 03:58:23,82000.0,100.0,413400.0
598,2021-10-06 03:58:23,82000.0,1000.0,413300.0
599,2021-10-06 03:58:23,82000.0,500.0,412300.0
600,2021-10-06 03:58:23,82000.0,200.0,411800.0
601,2021-10-06 03:58:23,82000.0,100.0,411600.0
602,2021-10-06 03:58:23,82000.0,200.0,411500.0
603,2021-10-06 03:58:23,82000.0,5000.0,411300.0
604,2021-10-06 03:58:23,82000.0,4800.0,406300.0
605,2021-10-06 03:58:23,82000.0,300.0,401500.0
606,2021-10-06 03:58:23,82000.0,100.0,401200.0
607,2021-10-06 03:58:23,82000.0,2000.0,401100.0
608,2021-10-06 03:58:23,82000.0,600.0,399100.0
609,2021-10-06 03:58:09,82100.0,300.0,398500.0
610,2021-10-06 03:58:03,82000.0,100.0,398200.0
611,2021-10-06 03:57:56,82100.0,800.0,398100.0
612,2021-10-06 03:57:56,82100.0,300.0,397300.0
613,2021-10-06 03:57:56,82000.0,3000.0,397000.0
614,2021-10-06 03:57:54,82000.0,1300.0,394000.0
615,2021-10-06 03:57:54,82000.0,2000.0,392700.0
616,2021-10-06 03:57:54,82000.0,600.0,390700.0
617,2021-10-06 03:57:54,82000.0,100.0,390100.0
618,2021-10-06 03:57:37,82000.0,500.0,390000.0
619,2021-10-06 03:56:15,82100.0,700.0,389500.0
620,2021-10-06 03:56:15,82100.0,100.0,388800.0
621,2021-10-06 03:56:02,82000.0,100.0,388700.0
622,2021-10-06 03:55:56,82000.0,2100.0,388600.0
623,2021-10-06 03:55:56,82000.0,300.0,386500.0
624,2021-10-06 03:55:56,82000.0,100.0,386200.0
625,2021-10-06 03:55:56,82000.0,500.0,386100.0
626,2021-10-06 03:55:32,82100.0,1300.0,385600.0
627,2021-10-06 03:55:32,82100.0,5000.0,384300.0
628,2021-10-06 03:55:32,82100.0,5000.0,379300.0
629,2021-10-06 03:55:32,82100.0,2000.0,374300.0
630,2021-10-06 03:55:32,82100.0,5000.0,372300.0
631,2021-10-06 03:55:32,82100.0,300.0,367300.0
632,2021-10-06 03:55:32,82100.0,200.0,367000.0
633,2021-10-06 03:55:32,82100.0,200.0,366800.0
634,2021-10-06 03:55:32,82100.0,900.0,366600.0
635,2021-10-06 03:55:11,82100.0,500.0,365700.0
636,2021-10-06 03:54:00,82100.0,100.0,365200.0
637,2021-10-06 03:53:49,82200.0,1100.0,365100.0
638,2021-10-06 03:53:49,82200.0,100.0,364000.0
639,2021-10-06 03:53:49,82200.0,900.0,363900.0
640,2021-10-06 03:53:49,82200.0,9000.0,363000.0
641,2021-10-06 03:53:09,82300.0,1100.0,354000.0
642,2021-10-06 03:53:09,82300.0,900.0,352900.0
643,2021-10-06 03:52:14,82300.0,100.0,352000.0
644,2021-10-06 03:52:04,82200.0,500.0,351900.0
645,2021-10-06 03:51:48,82200.0,100.0,351400.0
646,2021-10-06 03:51:34,82200.0,200.0,351300.0
647,2021-10-06 03:51:21,82300.0,200.0,351100.0
648,2021-10-06 03:51:08,82300.0,100.0,350900.0
649,2021-10-06 03:49:53,82300.0,500.0,350800.0
650,2021-10-06 03:49:44,82200.0,500.0,350300.0
651,2021-10-06 03:49:39,82200.0,100.0,349800.0
652,2021-10-06 03:49:21,82200.0,1000.0,349700.0
653,2021-10-06 03:48:40,82200.0,500.0,348700.0
654,2021-10-06 03:48:16,82300.0,100.0,348200.0
655,2021-10-06 03:48:16,82300.0,100.0,348100.0
656,2021-10-06 03:48:06,82300.0,400.0,348000.0
657,2021-10-06 03:48:06,82300.0,1000.0,347600.0
658,2021-10-06 03:48:06,82300.0,1000.0,346600.0
659,2021-10-06 03:48:06,82300.0,100.0,345600.0
660,2021-10-06 03:48:06,82300.0,2500.0,345500.0
661,2021-10-06 03:47:28,82300.0,100.0,343000.0
662,2021-10-06 03:46:29,82400.0,100.0,342900.0
663,2021-10-06 03:46:28,82300.0,2000.0,342800.0
664,2021-10-06 03:45:24,82300.0,100.0,340800.0
665,2021-10-06 03:45:02,82300.0,100.0,340700.0
666,2021-10-06 03:45:02,82300.0,100.0,340600.0
667,2021-10-06 03:45:01,82300.0,100.0,340500.0
668,2021-10-06 03:45:01,82300.0,100.0,340400.0
669,2021-10-06 03:44:18,82300.0,100.0,340300.0
670,2021-10-06 03:43:47,82300.0,100.0,340200.0
671,2021-10-06 03:43:19,82400.0,200.0,340100.0
672,2021-10-06 03:43:16,82300.0,100.0,339900.0
673,2021-10-06 03:41:49,82400.0,500.0,339800.0
674,2021-10-06 03:41:32,82400.0,500.0,339300.0
675,2021-10-06 03:41:11,82300.0,100.0,338800.0
676,2021-10-06 03:39:16,82300.0,500.0,338700.0
677,2021-10-06 03:39:09,82200.0,100.0,338200.0
678,2021-10-06 03:39:00,82300.0,300.0,338100.0
679,2021-10-06 03:38:46,82300.0,100.0,337800.0
680,2021-10-06 03:37:28,82300.0,500.0,337700.0
681,2021-10-06 03:37:09,82200.0,100.0,337200.0
682,2021-10-06 03:36:51,82200.0,700.0,337100.0
683,2021-10-06 03:36:16,82400.0,300.0,336400.0
684,2021-10-06 03:36:16,82400.0,100.0,336100.0
685,2021-10-06 03:36:16,82300.0,100.0,336000.0
686,2021-10-06 03:36:16,82300.0,400.0,335900.0
687,2021-10-06 03:36:16,82200.0,100.0,335500.0
688,2021-10-06 03:35:22,82200.0,200.0,335400.0
689,2021-10-06 03:35:22,82200.0,100.0,335200.0
690,2021-10-06 03:35:22,82200.0,100.0,335100.0
691,2021-10-06 03:34:59,82200.0,100.0,335000.0
692,2021-10-06 03:32:55,82200.0,100.0,334900.0
693,2021-10-06 03:32:39,82300.0,100.0,334800.0
694,2021-10-06 03:31:33,82300.0,100.0,334700.0
695,2021-10-06 03:31:06,82300.0,100.0,334600.0
696,2021-10-06 03:30:52,82300.0,100.0,334500.0
697,2021-10-06 03:29:29,82300.0,100.0,334400.0
698,2021-10-06 03:28:49,82200.0,100.0,334300.0
699,2021-10-06 03:28:38,82300.0,200.0,334200.0
700,2021-10-06 03:28:14,82200.0,1000.0,334000.0
701,2021-10-06 03:28:00,82200.0,200.0,333000.0
702,2021-10-06 03:27:50,82200.0,200.0,332800.0
703,2021-10-06 03:27:38,82100.0,500.0,332600.0
704,2021-10-06 03:27:38,82100.0,1500.0,332100.0
705,2021-10-06 03:27:25,82200.0,200.0,330600.0
706,2021-10-06 03:27:22,82200.0,200.0,330400.0
707,2021-10-06 03:27:22,82200.0,500.0,330200.0
708,2021-10-06 03:27:22,82200.0,100.0,329700.0
709,2021-10-06 03:27:22,82200.0,100.0,329600.0
710,2021-10-06 03:27:22,82300.0,200.0,329500.0
711,2021-10-06 03:27:21,82300.0,8000.0,329300.0
712,2021-10-06 03:27:05,82300.0,200.0,321300.0
713,2021-10-06 03:27:01,82300.0,200.0,321100.0
714,2021-10-06 03:26:59,82300.0,100.0,320900.0
715,2021-10-06 03:26:57,82300.0,200.0,320800.0
716,2021-10-06 03:26:55,82300.0,200.0,320600.0
717,2021-10-06 03:26:46,82300.0,200.0,320400.0
718,2021-10-06 03:26:45,82300.0,200.0,320200.0
719,2021-10-06 03:26:44,82200.0,100.0,320000.0
720,2021-10-06 03:26:32,82300.0,200.0,319900.0
721,2021-10-06 03:26:05,82300.0,100.0,319700.0
722,2021-10-06 03:26:05,82300.0,100.0,319600.0
723,2021-10-06 03:24:43,82200.0,100.0,319500.0
724,2021-10-06 03:24:03,82200.0,300.0,319400.0
725,2021-10-06 03:23:43,82200.0,200.0,319100.0
726,2021-10-06 03:23:38,82100.0,200.0,318900.0
727,2021-10-06 03:22:42,82100.0,100.0,318700.0
728,2021-10-06 03:22:29,82300.0,200.0,318600.0
729,2021-10-06 03:21:59,82300.0,100.0,318400.0
730,2021-10-06 03:21:57,82300.0,100.0,318300.0
731,2021-10-06 03:21:57,82300.0,300.0,318200.0
732,2021-10-06 03:21:57,82300.0,300.0,317900.0
733,2021-10-06 03:21:43,82300.0,200.0,317600.0
734,2021-10-06 03:21:37,82200.0,700.0,317400.0
735,2021-10-06 03:21:37,82200.0,400.0,316700.0
736,2021-10-06 03:21:37,82200.0,200.0,316300.0
737,2021-10-06 03:20:53,82200.0,300.0,316100.0
738,2021-10-06 03:20:53,82200.0,200.0,315800.0
739,2021-10-06 03:20:46,82200.0,100.0,315600.0
740,2021-10-06 03:20:37,82100.0,100.0,315500.0
741,2021-10-06 03:20:37,82100.0,100.0,315400.0
742,2021-10-06 03:20:37,82100.0,1000.0,315300.0
743,2021-10-06 03:20:31,82000.0,100.0,314300.0
744,2021-10-06 03:19:22,82100.0,1000.0,314200.0
745,2021-10-06 03:19:10,82000.0,400.0,313200.0
746,2021-10-06 03:19:10,82000.0,300.0,312800.0
747,2021-10-06 03:19:10,82000.0,300.0,312500.0
748,2021-10-06 03:18:31,82100.0,100.0,312200.0
749,2021-10-06 03:18:30,82100.0,100.0,312100.0
750,2021-10-06 03:18:11,82100.0,500.0,312000.0
751,2021-10-06 03:18:11,82100.0,500.0,311500.0
752,2021-10-06 03:17:01,82100.0,500.0,311000.0
753,2021-10-06 03:17:00,82200.0,100.0,310500.0
754,2021-10-06 03:16:53,82100.0,300.0,310400.0
755,2021-10-06 03:16:32,82100.0,700.0,310100.0
756,2021-10-06 03:16:21,82100.0,100.0,309400.0
757,2021-10-06 03:15:33,82100.0,100.0,309300.0
758,2021-10-06 03:15:33,82100.0,300.0,309200.0
759,2021-10-06 03:15:02,82100.0,100.0,308900.0
760,2021-10-06 03:14:10,82000.0,100.0,308800.0
761,2021-10-06 03:14:08,82000.0,100.0,308700.0
762,2021-10-06 03:13:48,82000.0,100.0,308600.0
763,2021-10-06 03:13:12,82000.0,100.0,308500.0
764,2021-10-06 03:13:12,82000.0,1000.0,308400.0
765,2021-10-06 03:13:12,82000.0,1700.0,307400.0
766,2021-10-06 03:13:12,82000.0,100.0,305700.0
767,2021-10-06 03:13:12,82000.0,400.0,305600.0
768,2021-10-06 03:13:10,82200.0,100.0,305200.0
769,2021-10-06 03:12:33,82200.0,100.0,305100.0
770,2021-10-06 03:12:06,82000.0,100.0,305000.0
771,2021-10-06 03:11:20,82200.0,100.0,304900.0
772,2021-10-06 03:11:20,82200.0,100.0,304800.0
773,2021-10-06 03:11:17,82200.0,100.0,304700.0
774,2021-10-06 03:10:43,82100.0,200.0,304600.0
775,2021-10-06 03:10:36,82100.0,100.0,304400.0
776,2021-10-06 03:10:36,82100.0,100.0,304300.0
777,2021-10-06 03:09:58,82100.0,100.0,304200.0
778,2021-10-06 03:07:55,82000.0,100.0,304100.0
779,2021-10-06 03:07:46,82000.0,1000.0,304000.0
780,2021-10-06 03:07:29,82000.0,100.0,303000.0
781,2021-10-06 03:07:29,82000.0,200.0,302900.0
782,2021-10-06 03:07:22,82000.0,800.0,302700.0
783,2021-10-06 03:07:22,82000.0,3000.0,301900.0
784,2021-10-06 03:07:22,82000.0,1000.0,298900.0
785,2021-10-06 03:07:22,82000.0,1000.0,297900.0
786,2021-10-06 03:07:22,82000.0,800.0,296900.0
787,2021-10-06 03:07:01,81900.0,500.0,296100.0
788,2021-10-06 03:06:54,81900.0,100.0,295600.0
789,2021-10-06 03:05:51,82000.0,200.0,295500.0
790,2021-10-06 03:05:51,82000.0,100.0,295300.0
791,2021-10-06 03:05:51,82000.0,100.0,295200.0
792,2021-10-06 03:05:51,82000.0,300.0,295100.0
793,2021-10-06 03:05:46,81900.0,100.0,294800.0
794,2021-10-06 03:05:25,82000.0,100.0,294700.0
795,2021-10-06 03:05:21,82000.0,100.0,294600.0
796,2021-10-06 03:04:32,82000.0,2500.0,294500.0
797,2021-10-06 03:03:44,81900.0,100.0,292000.0
798,2021-10-06 03:03:31,82000.0,1600.0,291900.0
799,2021-10-06 03:03:07,81900.0,500.0,290300.0
800,2021-10-06 03:01:33,81900.0,100.0,289800.0
801,2021-10-06 02:59:49,81900.0,200.0,289700.0
802,2021-10-06 02:59:28,81900.0,100.0,289500.0
803,2021-10-06 02:59:27,82000.0,500.0,289400.0
804,2021-10-06 02:59:24,82000.0,300.0,288900.0
805,2021-10-06 02:59:15,82000.0,500.0,288600.0
806,2021-10-06 02:59:02,82000.0,100.0,288100.0
807,2021-10-06 02:58:55,82000.0,100.0,288000.0
808,2021-10-06 02:58:55,82000.0,300.0,287900.0
809,2021-10-06 02:58:44,82000.0,500.0,287600.0
810,2021-10-06 02:58:41,82000.0,400.0,287100.0
811,2021-10-06 02:58:28,81900.0,100.0,286700.0
812,2021-10-06 02:58:26,82000.0,700.0,286600.0
813,2021-10-06 02:58:19,82000.0,500.0,285900.0
814,2021-10-06 02:58:17,82000.0,100.0,285400.0
815,2021-10-06 02:58:15,82000.0,500.0,285300.0
816,2021-10-06 02:58:09,82000.0,100.0,284800.0
817,2021-10-06 02:58:01,81900.0,200.0,284700.0
818,2021-10-06 02:58:01,81900.0,100.0,284500.0
819,2021-10-06 02:57:18,81900.0,100.0,284400.0
820,2021-10-06 02:55:25,81900.0,100.0,284300.0
821,2021-10-06 02:55:15,81800.0,100.0,284200.0
822,2021-10-06 02:54:27,81900.0,500.0,284100.0
823,2021-10-06 02:53:46,81900.0,500.0,283600.0
824,2021-10-06 02:53:43,81900.0,100.0,283100.0
825,2021-10-06 02:53:43,81900.0,400.0,283000.0
826,2021-10-06 02:53:16,81900.0,500.0,282600.0
827,2021-10-06 02:53:12,81900.0,100.0,282100.0
828,2021-10-06 02:53:09,81900.0,100.0,282000.0
829,2021-10-06 02:53:09,81900.0,300.0,281900.0
830,2021-10-06 02:53:09,81900.0,200.0,281600.0
831,2021-10-06 02:53:04,82000.0,2000.0,281400.0
832,2021-10-06 02:52:52,82000.0,500.0,279400.0
833,2021-10-06 02:52:30,82000.0,300.0,278900.0
834,2021-10-06 02:50:59,81900.0,500.0,278600.0
835,2021-10-06 02:50:59,81900.0,1500.0,278100.0
836,2021-10-06 02:50:58,81800.0,5100.0,276600.0
837,2021-10-06 02:50:48,81800.0,500.0,271500.0
838,2021-10-06 02:50:19,81900.0,800.0,271000.0
839,2021-10-06 02:50:19,81900.0,200.0,270200.0
840,2021-10-06 02:50:19,81900.0,100.0,270000.0
841,2021-10-06 02:50:19,81900.0,500.0,269900.0
842,2021-10-06 02:50:19,81900.0,200.0,269400.0
843,2021-10-06 02:50:19,81900.0,500.0,269200.0
844,2021-10-06 02:50:19,81900.0,500.0,268700.0
845,2021-10-06 02:50:19,81900.0,500.0,268200.0
846,2021-10-06 02:50:19,81900.0,100.0,267700.0
847,2021-10-06 02:50:19,81900.0,100.0,267600.0
848,2021-10-06 02:49:57,81900.0,100.0,267500.0
849,2021-10-06 02:49:57,81900.0,100.0,267400.0
850,2021-10-06 02:49:42,81900.0,800.0,267300.0
851,2021-10-06 02:49:42,81900.0,100.0,266500.0
852,2021-10-06 02:49:42,81900.0,100.0,266400.0
853,2021-10-06 02:49:42,81900.0,500.0,266300.0
854,2021-10-06 02:49:42,81900.0,200.0,265800.0
855,2021-10-06 02:49:00,81900.0,400.0,265600.0
856,2021-10-06 02:48:54,81900.0,400.0,265200.0
857,2021-10-06 02:48:54,81900.0,500.0,264800.0
858,2021-10-06 02:48:54,81900.0,100.0,264300.0
859,2021-10-06 02:48:49,81900.0,100.0,264200.0
860,2021-10-06 02:48:44,82000.0,500.0,264100.0
861,2021-10-06 02:48:40,82000.0,100.0,263600.0
862,2021-10-06 02:48:34,82000.0,200.0,263500.0
863,2021-10-06 02:46:51,82000.0,100.0,263300.0
864,2021-10-06 02:46:49,82000.0,500.0,263200.0
865,2021-10-06 02:46:48,81900.0,100.0,262700.0
866,2021-10-06 02:46:38,82000.0,100.0,262600.0
867,2021-10-06 02:46:26,82000.0,500.0,262500.0
868,2021-10-06 02:46:25,82000.0,100.0,262000.0
869,2021-10-06 02:46:25,82000.0,400.0,261900.0
870,2021-10-06 02:46:25,82000.0,300.0,261500.0
871,2021-10-06 02:46:25,82000.0,5000.0,261200.0
872,2021-10-06 02:46:25,82000.0,200.0,256200.0
873,2021-10-06 02:45:50,82300.0,1400.0,256000.0
874,2021-10-06 02:45:50,82100.0,200.0,254600.0
875,2021-10-06 02:45:50,82000.0,300.0,254400.0
876,2021-10-06 02:45:50,82000.0,100.0,254100.0
877,2021-10-06 02:45:31,82000.0,100.0,254000.0
878,2021-10-06 02:45:31,82000.0,1900.0,253900.0
879,2021-10-06 02:45:30,81900.0,100.0,252000.0
880,2021-10-06 02:45:15,82000.0,1000.0,251900.0
881,2021-10-06 02:45:13,82000.0,200.0,250900.0
882,2021-10-06 02:45:02,82000.0,2900.0,250700.0
883,2021-10-06 02:45:02,82000.0,500.0,247800.0
884,2021-10-06 02:45:02,82000.0,100.0,247300.0
885,2021-10-06 02:45:02,82000.0,1500.0,247200.0
886,2021-10-06 02:44:53,82000.0,100.0,245700.0
887,2021-10-06 02:44:53,81900.0,100.0,245600.0
888,2021-10-06 02:44:53,81900.0,200.0,245500.0
889,2021-10-06 02:44:45,82000.0,400.0,245300.0
890,2021-10-06 02:44:40,82000.0,100.0,244900.0
891,2021-10-06 02:44:38,82000.0,1500.0,244800.0
892,2021-10-06 02:44:38,82000.0,800.0,243300.0
893,2021-10-06 02:44:29,81900.0,1000.0,242500.0
894,2021-10-06 02:44:26,82000.0,1000.0,241500.0
895,2021-10-06 02:44:15,81900.0,100.0,240500.0
896,2021-10-06 02:44:15,82000.0,1000.0,240400.0
897,2021-10-06 02:44:07,82000.0,100.0,239400.0
898,2021-10-06 02:44:03,82000.0,200.0,239300.0
899,2021-10-06 02:43:31,82000.0,1000.0,239100.0
900,2021-10-06 02:43:06,82000.0,200.0,238100.0
901,2021-10-06 02:42:41,82000.0,200.0,237900.0
902,2021-10-06 02:42:41,82000.0,100.0,237700.0
903,2021-10-06 02:42:41,82000.0,100.0,237600.0
904,2021-10-06 02:42:41,82000.0,300.0,237500.0
905,2021-10-06 02:42:34,82100.0,200.0,237200.0
906,2021-10-06 02:42:33,82100.0,100.0,237000.0
907,2021-10-06 02:42:33,82100.0,100.0,236900.0
908,2021-10-06 02:42:30,82000.0,1700.0,236800.0
909,2021-10-06 02:42:30,82000.0,1200.0,235100.0
910,2021-10-06 02:42:30,82000.0,300.0,233900.0
911,2021-10-06 02:42:30,82100.0,300.0,233600.0
912,2021-10-06 02:42:16,82100.0,200.0,233300.0
913,2021-10-06 02:41:43,82100.0,100.0,233100.0
914,2021-10-06 02:41:01,82100.0,100.0,233000.0
915,2021-10-06 02:41:01,82200.0,500.0,232900.0
916,2021-10-06 02:41:01,82200.0,300.0,232400.0
917,2021-10-06 02:40:58,82300.0,100.0,232100.0
918,2021-10-06 02:40:52,82300.0,100.0,232000.0
919,2021-10-06 02:40:51,82300.0,1000.0,231900.0
920,2021-10-06 02:40:51,82300.0,100.0,230900.0
921,2021-10-06 02:40:51,82300.0,300.0,230800.0
922,2021-10-06 02:40:51,82300.0,500.0,230500.0
923,2021-10-06 02:40:51,82300.0,1300.0,230000.0
924,2021-10-06 02:40:40,82400.0,100.0,228700.0
925,2021-10-06 02:40:37,82400.0,100.0,228600.0
926,2021-10-06 02:40:37,82400.0,500.0,228500.0
927,2021-10-06 02:40:37,82400.0,100.0,228000.0
928,2021-10-06 02:40:37,82400.0,100.0,227900.0
929,2021-10-06 02:40:31,82400.0,100.0,227800.0
930,2021-10-06 02:40:30,82400.0,200.0,227700.0
931,2021-10-06 02:40:16,82400.0,500.0,227500.0
932,2021-10-06 02:40:14,82400.0,100.0,227000.0
933,2021-10-06 02:40:14,82400.0,400.0,226900.0
934,2021-10-06 02:40:14,82400.0,500.0,226500.0
935,2021-10-06 02:40:01,82400.0,100.0,226000.0
936,2021-10-06 02:40:01,82400.0,100.0,225900.0
937,2021-10-06 02:39:56,82400.0,200.0,225800.0
938,2021-10-06 02:39:56,82400.0,300.0,225600.0
939,2021-10-06 02:39:28,82400.0,300.0,225300.0
940,2021-10-06 02:39:17,82500.0,2400.0,225000.0
941,2021-10-06 02:39:01,82500.0,100.0,222600.0
942,2021-10-06 02:38:49,82500.0,500.0,222500.0
943,2021-10-06 02:38:32,82400.0,400.0,222000.0
944,2021-10-06 02:38:32,82400.0,100.0,221600.0
945,2021-10-06 02:38:22,82400.0,100.0,221500.0
946,2021-10-06 02:38:07,82500.0,100.0,221400.0
947,2021-10-06 02:38:04,82400.0,300.0,221300.0
948,2021-10-06 02:37:34,82400.0,200.0,221000.0
949,2021-10-06 02:37:31,82500.0,400.0,220800.0
950,2021-10-06 02:37:06,82400.0,300.0,220400.0
951,2021-10-06 02:37:06,82400.0,700.0,220100.0
952,2021-10-06 02:36:43,82500.0,800.0,219400.0
953,2021-10-06 02:36:16,82400.0,100.0,218600.0
954,2021-10-06 02:35:51,82500.0,1500.0,218500.0
955,2021-10-06 02:35:12,82400.0,200.0,217000.0
956,2021-10-06 02:34:58,82500.0,300.0,216800.0
957,2021-10-06 02:34:20,82500.0,3000.0,216500.0
958,2021-10-06 02:34:11,82300.0,1000.0,213500.0
959,2021-10-06 02:34:11,82500.0,700.0,212500.0
960,2021-10-06 02:34:11,82400.0,200.0,211800.0
961,2021-10-06 02:34:11,82400.0,300.0,211600.0
962,2021-10-06 02:34:09,82300.0,100.0,211300.0
963,2021-10-06 02:33:47,82400.0,1000.0,211200.0
964,2021-10-06 02:33:47,82400.0,200.0,210200.0
965,2021-10-06 02:33:21,82400.0,500.0,210000.0
966,2021-10-06 02:33:21,82400.0,600.0,209500.0
967,2021-10-06 02:33:15,82400.0,700.0,208900.0
968,2021-10-06 02:33:15,82400.0,100.0,208200.0
969,2021-10-06 02:33:09,82400.0,1000.0,208100.0
970,2021-10-06 02:32:34,82400.0,900.0,207100.0
971,2021-10-06 02:32:19,82500.0,100.0,206200.0
972,2021-10-06 02:32:16,82400.0,300.0,206100.0
973,2021-10-06 02:32:16,82400.0,300.0,205800.0
974,2021-10-06 02:32:16,82400.0,300.0,205500.0
975,2021-10-06 02:32:16,82400.0,300.0,205200.0
976,2021-10-06 02:32:16,82400.0,400.0,204900.0
977,2021-10-06 02:32:08,82300.0,1000.0,204500.0
978,2021-10-06 02:32:04,82400.0,100.0,203500.0
979,2021-10-06 02:32:04,82400.0,500.0,203400.0
980,2021-10-06 02:32:04,82400.0,500.0,202900.0
981,2021-10-06 02:32:04,82400.0,300.0,202400.0
982,2021-10-06 02:32:03,82300.0,100.0,202100.0
983,2021-10-06 02:31:55,82300.0,500.0,202000.0
984,2021-10-06 02:31:54,82300.0,100.0,201500.0
985,2021-10-06 02:31:44,82300.0,200.0,201400.0
986,2021-10-06 02:31:44,82300.0,100.0,201200.0
987,2021-10-06 02:31:41,82200.0,200.0,201100.0
988,2021-10-06 02:31:41,82200.0,100.0,200900.0
989,2021-10-06 02:31:29,82200.0,100.0,200800.0
990,2021-10-06 02:31:28,82100.0,2900.0,200700.0
991,2021-10-06 02:31:27,82100.0,100.0,197800.0
992,2021-10-06 02:31:17,82000.0,300.0,197700.0
993,2021-10-06 02:31:17,82000.0,1000.0,197400.0
994,2021-10-06 02:31:17,82000.0,100.0,196400.0
995,2021-10-06 02:31:17,82000.0,100.0,196300.0
996,2021-10-06 02:31:17,82000.0,1000.0,196200.0
997,2021-10-06 02:31:17,82000.0,1000.0,195200.0
998,2021-10-06 02:31:17,82000.0,200.0,194200.0
999,2021-10-06 02:31:17,82000.0,1000.0,194000.0
1000,2021-10-06 02:31:17,82000.0,1700.0,193000.0
1001,2021-10-06 02:31:17,82000.0,1500.0,191300.0
1002,2021-10-06 02:31:17,82000.0,100.0,189800.0
1003,2021-10-06 02:31:17,82000.0,1700.0,189700.0
1004,2021-10-06 02:31:15,82000.0,1000.0,188000.0
1005,2021-10-06 02:31:04,82000.0,200.0,187000.0
1006,2021-10-06 02:31:01,82000.0,100.0,186800.0
1007,2021-10-06 02:31:01,82000.0,200.0,186700.0
1008,2021-10-06 02:30:47,82000.0,300.0,186500.0
1009,2021-10-06 02:30:44,82000.0,200.0,186200.0
1010,2021-10-06 02:30:33,82000.0,500.0,186000.0
1011,2021-10-06 02:30:25,81900.0,100.0,185500.0
1012,2021-10-06 02:30:06,81900.0,500.0,185400.0
1013,2021-10-06 02:30:06,81900.0,2000.0,184900.0
1014,2021-10-06 02:29:56,81800.0,100.0,182900.0
1015,2021-10-06 02:29:46,81900.0,1000.0,182800.0
1016,2021-10-06 02:29:27,81800.0,2400.0,181800.0
1017,2021-10-06 02:29:04,81800.0,300.0,179400.0
1018,2021-10-06 02:28:58,81800.0,200.0,179100.0
1019,2021-10-06 02:28:47,81800.0,100.0,178900.0
1020,2021-10-06 02:28:38,81700.0,1000.0,178800.0
1021,2021-10-06 02:28:02,81600.0,100.0,177800.0
1022,2021-10-06 02:27:49,81500.0,100.0,177700.0
1023,2021-10-06 02:27:19,81500.0,100.0,177600.0
1024,2021-10-06 02:27:19,81600.0,900.0,177500.0
1025,2021-10-06 02:27:01,81500.0,600.0,176600.0
1026,2021-10-06 02:26:41,81500.0,200.0,176000.0
1027,2021-10-06 02:26:41,81500.0,100.0,175800.0
1028,2021-10-06 02:26:41,81500.0,100.0,175700.0
1029,2021-10-06 02:26:22,81500.0,400.0,175600.0
1030,2021-10-06 02:26:22,81500.0,500.0,175200.0
1031,2021-10-06 02:26:22,81500.0,100.0,174700.0
1032,2021-10-06 02:26:22,81500.0,500.0,174600.0
1033,2021-10-06 02:26:22,81600.0,1200.0,174100.0
1034,2021-10-06 02:26:22,81600.0,300.0,172900.0
1035,2021-10-06 02:26:22,81600.0,100.0,172600.0
1036,2021-10-06 02:26:02,81600.0,1900.0,172500.0
1037,2021-10-06 02:25:55,81600.0,100.0,170600.0
1038,2021-10-06 02:25:42,81600.0,100.0,170500.0
1039,2021-10-06 02:24:46,81500.0,1500.0,170400.0
1040,2021-10-06 02:24:46,81500.0,300.0,168900.0
1041,2021-10-06 02:24:46,81500.0,100.0,168600.0
1042,2021-10-06 02:24:46,81500.0,200.0,168500.0
1043,2021-10-06 02:24:46,81500.0,1000.0,168300.0
1044,2021-10-06 02:24:46,81500.0,100.0,167300.0
1045,2021-10-06 02:24:46,81500.0,100.0,167200.0
1046,2021-10-06 02:24:46,81500.0,1400.0,167100.0
1047,2021-10-06 02:24:46,81600.0,300.0,165700.0
1048,2021-10-06 02:23:30,81500.0,100.0,165400.0
1049,2021-10-06 02:22:52,81500.0,100.0,165300.0
1050,2021-10-06 02:22:28,81500.0,300.0,165200.0
1051,2021-10-06 02:22:27,81400.0,100.0,164900.0
1052,2021-10-06 02:22:27,81400.0,100.0,164800.0
1053,2021-10-06 02:22:14,81500.0,400.0,164700.0
1054,2021-10-06 02:22:14,81500.0,100.0,164300.0
1055,2021-10-06 02:22:12,81500.0,200.0,164200.0
1056,2021-10-06 02:21:26,81500.0,700.0,164000.0
1057,2021-10-06 02:21:26,81500.0,700.0,163300.0
1058,2021-10-06 02:21:19,81400.0,100.0,162600.0
1059,2021-10-06 02:21:03,81500.0,300.0,162500.0
1060,2021-10-06 02:21:03,81400.0,200.0,162200.0
1061,2021-10-06 02:20:45,81400.0,500.0,162000.0
1062,2021-10-06 02:20:22,81300.0,100.0,161500.0
1063,2021-10-06 02:20:22,81300.0,300.0,161400.0
1064,2021-10-06 02:20:17,81400.0,100.0,161100.0
1065,2021-10-06 02:20:13,81400.0,100.0,161000.0
1066,2021-10-06 02:20:13,81400.0,200.0,160900.0
1067,2021-10-06 02:20:13,81400.0,300.0,160700.0
1068,2021-10-06 02:20:10,81400.0,100.0,160400.0
1069,2021-10-06 02:19:38,81400.0,100.0,160300.0
1070,2021-10-06 02:19:13,81400.0,100.0,160200.0
1071,2021-10-06 02:18:36,82300.0,100.0,160100.0
1072,2021-10-06 02:18:28,81300.0,100.0,160000.0
1073,2021-10-06 02:17:51,82400.0,200.0,159900.0
1074,2021-10-06 02:17:44,82400.0,100.0,159700.0
1075,2021-10-06 02:17:37,82400.0,100.0,159600.0
1076,2021-10-06 02:17:28,82400.0,100.0,159500.0
1077,2021-10-06 02:17:22,82400.0,100.0,159400.0
1078,2021-10-06 02:17:20,82400.0,500.0,159300.0
1079,2021-10-06 02:17:17,82400.0,1000.0,158800.0
1080,2021-10-06 02:17:17,82400.0,700.0,157800.0
1081,2021-10-06 02:17:09,82400.0,100.0,157100.0
1082,2021-10-06 02:17:08,82400.0,200.0,157000.0
1083,2021-10-06 02:17:04,82400.0,100.0,156800.0
1084,2021-10-06 02:17:04,82500.0,1000.0,156700.0
1085,2021-10-06 02:16:56,82500.0,400.0,155700.0
1086,2021-10-06 02:16:52,82400.0,300.0,155300.0
1087,2021-10-06 02:16:52,82400.0,3600.0,155000.0
1088,2021-10-06 02:16:32,82400.0,200.0,151400.0
1089,2021-10-06 02:16:20,82500.0,5000.0,151200.0
1090,2021-10-06 02:16:17,82500.0,100.0,146200.0
1091,2021-10-06 02:16:02,82500.0,500.0,146100.0
1092,2021-10-06 02:15:09,80600.0,100.0,145600.0
1093,2021-10-06 02:15:08,82500.0,100.0,145500.0
1094,2021-10-06 02:15:01,83000.0,100.0,145400.0
1095,2021-10-06 02:15:01,83000.0,1200.0,145300.0
1096,2021-10-06 02:15:01,83000.0,1000.0,144100.0
1097,2021-10-06 02:15:01,83000.0,200.0,143100.0
1098,2021-10-06 02:15:01,83000.0,500.0,142900.0
1099,2021-10-06 02:15:01,83000.0,3000.0,142400.0
1100,2021-10-06 02:15:01,83000.0,1000.0,139400.0
1101,2021-10-06 02:15:01,83000.0,2000.0,138400.0
1102,2021-10-06 02:15:01,83000.0,1100.0,136400.0
1103,2021-10-06 02:15:01,83000.0,1000.0,135300.0
1104,2021-10-06 02:15:01,83000.0,100.0,134300.0
1105,2021-10-06 02:15:01,83000.0,300.0,134200.0
1106,2021-10-06 02:15:01,83000.0,200.0,133900.0
1107,2021-10-06 02:15:01,83000.0,400.0,133700.0
1108,2021-10-06 02:15:01,83000.0,500.0,133300.0
1109,2021-10-06 02:15:01,83000.0,900.0,132800.0
1110,2021-10-06 02:15:01,83000.0,2700.0,131900.0
1111,2021-10-06 02:15:01,83000.0,200.0,129200.0
1112,2021-10-06 02:15:01,83000.0,300.0,129000.0
1113,2021-10-06 02:15:01,83000.0,5600.0,128700.0
1114,2021-10-06 02:15:01,83000.0,500.0,123100.0
1115,2021-10-06 02:15:01,83000.0,100.0,122600.0
1116,2021-10-06 02:15:01,83000.0,500.0,122500.0
1117,2021-10-06 02:15:01,83000.0,400.0,122000.0
1118,2021-10-06 02:15:01,83000.0,300.0,121600.0
1119,2021-10-06 02:15:01,83000.0,700.0,121300.0
1120,2021-10-06 02:15:01,83000.0,500.0,120600.0
1121,2021-10-06 02:15:01,83000.0,300.0,120100.0
1122,2021-10-06 02:15:01,83000.0,300.0,119800.0
1123,2021-10-06 02:15:01,83000.0,600.0,119500.0
1124,2021-10-06 02:15:01,83000.0,500.0,118900.0
1125,2021-10-06 02:15:01,83000.0,500.0,118400.0
1126,2021-10-06 02:15:01,83000.0,500.0,117900.0
1127,2021-10-06 02:15:01,83000.0,1000.0,117400.0
1128,2021-10-06 02:15:01,83000.0,1000.0,116400.0
1129,2021-10-06 02:15:01,83000.0,1000.0,115400.0
1130,2021-10-06 02:15:01,83000.0,500.0,114400.0
1131,2021-10-06 02:15:01,83000.0,100.0,113900.0
1132,2021-10-06 02:15:01,83000.0,1000.0,113800.0
1133,2021-10-06 02:15:01,83000.0,500.0,112800.0
1134,2021-10-06 02:15:01,83000.0,1700.0,112300.0
1135,2021-10-06 02:15:01,83000.0,31900.0,110600.0
1136,2021-10-06 02:15:01,83000.0,300.0,78700.0
1137,2021-10-06 02:15:01,83000.0,2300.0,78400.0
1138,2021-10-06 02:15:01,83000.0,100.0,76100.0
1139,2021-10-06 02:15:01,83000.0,300.0,76000.0
1140,2021-10-06 02:15:01,83000.0,1200.0,75700.0
1141,2021-10-06 02:15:01,83000.0,500.0,74500.0
1142,2021-10-06 02:15:01,83000.0,800.0,74000.0
1143,2021-10-06 02:15:01,83000.0,100.0,73200.0
1144,2021-10-06 02:15:01,83000.0,100.0,73100.0
1145,2021-10-06 02:15:01,83000.0,5000.0,73000.0
1146,2021-10-06 02:15:01,83000.0,1000.0,68000.0
1147,2021-10-06 02:15:01,83000.0,100.0,67000.0
1148,2021-10-06 02:15:01,83000.0,1000.0,66900.0
1149,2021-10-06 02:15:01,83000.0,100.0,65900.0
1150,2021-10-06 02:15:01,83000.0,100.0,65800.0
1151,2021-10-06 02:15:01,83000.0,1000.0,65700.0
1152,2021-10-06 02:15:01,83000.0,2000.0,64700.0
1153,2021-10-06 02:15:01,83000.0,1000.0,62700.0
1154,2021-10-06 02:15:01,83000.0,500.0,61700.0
1155,2021-10-06 02:15:01,83000.0,400.0,61200.0
1156,2021-10-06 02:15:01,83000.0,200.0,60800.0
1157,2021-10-06 02:15:01,83000.0,4800.0,60600.0
1158,2021-10-06 02:15:01,83000.0,5000.0,55800.0
1159,2021-10-06 02:15:01,83000.0,100.0,50800.0
1160,2021-10-06 02:15:01,83000.0,5000.0,50700.0
1161,2021-10-06 02:15:01,83000.0,5000.0,45700.0
1162,2021-10-06 02:15:01,83000.0,5000.0,40700.0
1163,2021-10-06 02:15:01,83000.0,5000.0,35700.0
1164,2021-10-06 02:15:01,83000.0,5000.0,30700.0
1165,2021-10-06 02:15:01,83000.0,5000.0,25700.0
1166,2021-10-06 02:15:01,83000.0,5000.0,20700.0
1167,2021-10-06 02:15:01,83000.0,1000.0,15700.0
1168,2021-10-06 02:15:01,83000.0,4100.0,14700.0
1169,2021-10-06 02:15:01,83000.0,600.0,10600.0
1170,2021-10-06 02:15:01,83000.0,300.0,10000.0
1171,2021-10-06 02:15:01,83000.0,100.0,9700.0
1172,2021-10-06 02:15:01,83000.0,100.0,9600.0
1173,2021-10-06 02:15:01,83000.0,100.0,9500.0
1174,2021-10-06 02:15:01,83000.0,100.0,9400.0
1175,2021-10-06 02:15:01,83000.0,700.0,9300.0
1176,2021-10-06 02:15:01,83000.0,8600.0,8600.0
