,Time,Price,Volume_per_trade,Volume
0,2021-10-19 07:45:01,94600.0,100.0,359100.0
1,2021-10-19 07:45:01,94600.0,900.0,359000.0
2,2021-10-19 07:45:01,94600.0,100.0,358100.0
3,2021-10-19 07:45:01,94600.0,200.0,358000.0
4,2021-10-19 07:45:01,94600.0,400.0,357800.0
5,2021-10-19 07:45:01,94600.0,100.0,357400.0
6,2021-10-19 07:45:01,94600.0,200.0,357300.0
7,2021-10-19 07:45:01,94600.0,300.0,357100.0
8,2021-10-19 07:45:01,94600.0,100.0,356800.0
9,2021-10-19 07:45:01,94600.0,300.0,356700.0
10,2021-10-19 07:45:01,94600.0,300.0,356400.0
11,2021-10-19 07:45:01,94600.0,100.0,356100.0
12,2021-10-19 07:45:01,94600.0,100.0,356000.0
13,2021-10-19 07:45:01,94600.0,800.0,355900.0
14,2021-10-19 07:45:01,94600.0,200.0,355100.0
15,2021-10-19 07:45:01,94600.0,1800.0,354900.0
16,2021-10-19 07:45:01,94600.0,1200.0,353100.0
17,2021-10-19 07:45:01,94600.0,400.0,351900.0
18,2021-10-19 07:45:01,94600.0,3400.0,351500.0
19,2021-10-19 07:45:01,94600.0,1000.0,348100.0
20,2021-10-19 07:45:01,94600.0,100.0,347100.0
21,2021-10-19 07:45:01,94600.0,500.0,347000.0
22,2021-10-19 07:28:53,94500.0,100.0,346500.0
23,2021-10-19 07:28:28,94600.0,100.0,346400.0
24,2021-10-19 07:28:22,94500.0,100.0,346300.0
25,2021-10-19 07:28:22,94500.0,400.0,346200.0
26,2021-10-19 07:28:03,94500.0,100.0,345800.0
27,2021-10-19 07:27:34,94500.0,200.0,345700.0
28,2021-10-19 07:27:34,94500.0,300.0,345500.0
29,2021-10-19 07:27:06,94600.0,100.0,345200.0
30,2021-10-19 07:26:42,94500.0,1000.0,345100.0
31,2021-10-19 07:24:01,94600.0,100.0,344100.0
32,2021-10-19 07:23:47,94500.0,100.0,344000.0
33,2021-10-19 07:23:47,94500.0,100.0,343900.0
34,2021-10-19 07:23:39,94500.0,900.0,343800.0
35,2021-10-19 07:23:39,94500.0,100.0,342900.0
36,2021-10-19 07:23:37,94500.0,400.0,342800.0
37,2021-10-19 07:22:43,94500.0,100.0,342400.0
38,2021-10-19 07:21:58,94400.0,100.0,342300.0
39,2021-10-19 07:21:23,94500.0,700.0,342200.0
40,2021-10-19 07:20:07,94500.0,100.0,341500.0
41,2021-10-19 07:19:45,94400.0,100.0,341400.0
42,2021-10-19 07:19:45,94400.0,900.0,341300.0
43,2021-10-19 07:19:14,94400.0,100.0,340400.0
44,2021-10-19 07:19:14,94400.0,100.0,340300.0
45,2021-10-19 07:19:14,94400.0,100.0,340200.0
46,2021-10-19 07:19:14,94400.0,200.0,340100.0
47,2021-10-19 07:17:47,94400.0,200.0,339900.0
48,2021-10-19 07:16:59,94400.0,100.0,339700.0
49,2021-10-19 07:16:42,94300.0,100.0,339600.0
50,2021-10-19 07:16:42,94300.0,100.0,339500.0
51,2021-10-19 07:16:31,94300.0,100.0,339400.0
52,2021-10-19 07:16:30,94300.0,100.0,339300.0
53,2021-10-19 07:16:27,94300.0,200.0,339200.0
54,2021-10-19 07:16:03,94300.0,200.0,339000.0
55,2021-10-19 07:16:03,94300.0,100.0,338800.0
56,2021-10-19 07:15:54,94200.0,100.0,338700.0
57,2021-10-19 07:15:54,94200.0,200.0,338600.0
58,2021-10-19 07:15:12,94300.0,100.0,338400.0
59,2021-10-19 07:13:24,94400.0,100.0,338300.0
60,2021-10-19 07:13:17,94400.0,200.0,338200.0
61,2021-10-19 07:13:17,94400.0,300.0,338000.0
62,2021-10-19 07:10:12,94400.0,100.0,337700.0
63,2021-10-19 07:10:07,94400.0,300.0,337600.0
64,2021-10-19 07:09:51,94400.0,100.0,337300.0
65,2021-10-19 07:09:13,94400.0,100.0,337200.0
66,2021-10-19 07:09:02,94400.0,100.0,337100.0
67,2021-10-19 07:08:51,94400.0,300.0,337000.0
68,2021-10-19 07:08:47,94400.0,100.0,336700.0
69,2021-10-19 07:08:37,94400.0,3100.0,336600.0
70,2021-10-19 07:08:29,94400.0,200.0,333500.0
71,2021-10-19 07:04:33,94400.0,200.0,333300.0
72,2021-10-19 07:04:18,94400.0,3500.0,333100.0
73,2021-10-19 07:04:09,94400.0,100.0,329600.0
74,2021-10-19 07:03:49,94400.0,200.0,329500.0
75,2021-10-19 07:02:48,94200.0,100.0,329300.0
76,2021-10-19 07:02:13,94100.0,600.0,329200.0
77,2021-10-19 07:01:59,94300.0,100.0,328600.0
78,2021-10-19 07:01:42,94400.0,100.0,328500.0
79,2021-10-19 06:57:08,94400.0,100.0,328400.0
80,2021-10-19 06:55:44,94400.0,100.0,328300.0
81,2021-10-19 06:55:22,94100.0,1000.0,328200.0
82,2021-10-19 06:55:22,94100.0,600.0,327200.0
83,2021-10-19 06:55:22,94100.0,400.0,326600.0
84,2021-10-19 06:55:16,94200.0,100.0,326200.0
85,2021-10-19 06:54:59,94300.0,100.0,326100.0
86,2021-10-19 06:54:56,94400.0,300.0,326000.0
87,2021-10-19 06:53:57,94400.0,300.0,325700.0
88,2021-10-19 06:53:40,94400.0,400.0,325400.0
89,2021-10-19 06:49:37,94500.0,200.0,325000.0
90,2021-10-19 06:48:48,94500.0,400.0,324800.0
91,2021-10-19 06:48:21,94500.0,100.0,324400.0
92,2021-10-19 06:47:43,94100.0,1800.0,324300.0
93,2021-10-19 06:47:43,94200.0,200.0,322500.0
94,2021-10-19 06:47:42,94500.0,1100.0,322300.0
95,2021-10-19 06:46:48,94000.0,800.0,321200.0
96,2021-10-19 06:46:48,94000.0,300.0,320400.0
97,2021-10-19 06:46:48,94000.0,1000.0,320100.0
98,2021-10-19 06:46:48,94000.0,200.0,319100.0
99,2021-10-19 06:46:48,94000.0,1000.0,318900.0
100,2021-10-19 06:46:48,94000.0,200.0,317900.0
101,2021-10-19 06:46:48,94000.0,100.0,317700.0
102,2021-10-19 06:46:48,94000.0,400.0,317600.0
103,2021-10-19 06:46:48,94000.0,100.0,317200.0
104,2021-10-19 06:46:48,94000.0,100.0,317100.0
105,2021-10-19 06:46:48,94000.0,100.0,317000.0
106,2021-10-19 06:46:48,94000.0,400.0,316900.0
107,2021-10-19 06:46:48,94000.0,1000.0,316500.0
108,2021-10-19 06:46:48,94000.0,100.0,315500.0
109,2021-10-19 06:46:48,94000.0,100.0,315400.0
110,2021-10-19 06:46:48,94000.0,100.0,315300.0
111,2021-10-19 06:46:48,94000.0,100.0,315200.0
112,2021-10-19 06:46:48,94000.0,100.0,315100.0
113,2021-10-19 06:46:48,94000.0,300.0,315000.0
114,2021-10-19 06:46:48,94100.0,2400.0,314700.0
115,2021-10-19 06:46:48,94100.0,100.0,312300.0
116,2021-10-19 06:46:48,94200.0,1000.0,312200.0
117,2021-10-19 06:45:15,94600.0,100.0,311200.0
118,2021-10-19 06:45:14,94100.0,300.0,311100.0
119,2021-10-19 06:45:13,94100.0,2000.0,310800.0
120,2021-10-19 06:45:09,94100.0,100.0,308800.0
121,2021-10-19 06:45:04,94100.0,100.0,308700.0
122,2021-10-19 06:45:04,94100.0,500.0,308600.0
123,2021-10-19 06:45:02,94100.0,100.0,308100.0
124,2021-10-19 06:44:43,94100.0,100.0,308000.0
125,2021-10-19 06:44:43,94100.0,1000.0,307900.0
126,2021-10-19 06:44:43,94100.0,100.0,306900.0
127,2021-10-19 06:44:43,94100.0,2700.0,306800.0
128,2021-10-19 06:44:43,94100.0,100.0,304100.0
129,2021-10-19 06:44:43,94100.0,3000.0,304000.0
130,2021-10-19 06:44:43,94100.0,2000.0,301000.0
131,2021-10-19 06:44:43,94100.0,200.0,299000.0
132,2021-10-19 06:44:43,94100.0,300.0,298800.0
133,2021-10-19 06:44:43,94100.0,600.0,298500.0
134,2021-10-19 06:44:43,94200.0,1000.0,297900.0
135,2021-10-19 06:44:43,94200.0,1000.0,296900.0
136,2021-10-19 06:44:43,94200.0,600.0,295900.0
137,2021-10-19 06:44:43,94200.0,100.0,295300.0
138,2021-10-19 06:44:43,94200.0,1000.0,295200.0
139,2021-10-19 06:44:43,94200.0,2000.0,294200.0
140,2021-10-19 06:44:43,94200.0,100.0,292200.0
141,2021-10-19 06:44:43,94200.0,200.0,292100.0
142,2021-10-19 06:44:43,94300.0,800.0,291900.0
143,2021-10-19 06:38:55,94500.0,100.0,291100.0
144,2021-10-19 06:38:44,94500.0,200.0,291000.0
145,2021-10-19 06:38:23,94500.0,500.0,290800.0
146,2021-10-19 06:38:23,94500.0,100.0,290300.0
147,2021-10-19 06:38:23,94500.0,1400.0,290200.0
148,2021-10-19 06:36:55,94500.0,100.0,288800.0
149,2021-10-19 06:35:48,94600.0,1300.0,288700.0
150,2021-10-19 06:35:48,94600.0,100.0,287400.0
151,2021-10-19 06:35:48,94600.0,100.0,287300.0
152,2021-10-19 06:35:16,94600.0,100.0,287200.0
153,2021-10-19 06:32:34,94500.0,100.0,287100.0
154,2021-10-19 06:32:17,94500.0,100.0,287000.0
155,2021-10-19 06:30:28,94600.0,300.0,286900.0
156,2021-10-19 06:30:28,94600.0,500.0,286600.0
157,2021-10-19 06:30:28,94600.0,300.0,286100.0
158,2021-10-19 06:29:18,94600.0,100.0,285800.0
159,2021-10-19 06:28:30,94100.0,200.0,285700.0
160,2021-10-19 06:28:30,94200.0,3000.0,285500.0
161,2021-10-19 06:28:30,94200.0,100.0,282500.0
162,2021-10-19 06:28:30,94200.0,100.0,282400.0
163,2021-10-19 06:28:30,94200.0,1000.0,282300.0
164,2021-10-19 06:28:30,94200.0,2000.0,281300.0
165,2021-10-19 06:28:30,94300.0,3000.0,279300.0
166,2021-10-19 06:28:30,94300.0,1000.0,276300.0
167,2021-10-19 06:28:30,94300.0,200.0,275300.0
168,2021-10-19 06:28:30,94300.0,1000.0,275100.0
169,2021-10-19 06:28:30,94300.0,900.0,274100.0
170,2021-10-19 06:27:57,94600.0,200.0,273200.0
171,2021-10-19 06:27:54,94500.0,200.0,273000.0
172,2021-10-19 06:27:52,94500.0,100.0,272800.0
173,2021-10-19 06:27:43,94500.0,100.0,272700.0
174,2021-10-19 06:27:43,94500.0,100.0,272600.0
175,2021-10-19 06:27:43,94500.0,200.0,272500.0
176,2021-10-19 06:27:43,94500.0,500.0,272300.0
177,2021-10-19 06:27:43,94500.0,100.0,271800.0
178,2021-10-19 06:27:43,94500.0,500.0,271700.0
179,2021-10-19 06:27:29,94500.0,400.0,271200.0
180,2021-10-19 06:25:54,94500.0,200.0,270800.0
181,2021-10-19 06:25:54,94500.0,300.0,270600.0
182,2021-10-19 06:25:16,94500.0,100.0,270300.0
183,2021-10-19 06:24:54,94500.0,100.0,270200.0
184,2021-10-19 06:22:07,94500.0,100.0,270100.0
185,2021-10-19 06:21:52,94300.0,500.0,270000.0
186,2021-10-19 06:21:41,94300.0,100.0,269500.0
187,2021-10-19 06:21:25,94300.0,100.0,269400.0
188,2021-10-19 06:21:25,94300.0,1000.0,269300.0
189,2021-10-19 06:21:25,94300.0,300.0,268300.0
190,2021-10-19 06:21:25,94300.0,1000.0,268000.0
191,2021-10-19 06:21:25,94500.0,100.0,267000.0
192,2021-10-19 06:21:01,94300.0,600.0,266900.0
193,2021-10-19 06:21:01,94400.0,400.0,266300.0
194,2021-10-19 06:20:18,94400.0,100.0,265900.0
195,2021-10-19 06:19:33,94400.0,500.0,265800.0
196,2021-10-19 06:18:43,94500.0,100.0,265300.0
197,2021-10-19 06:17:54,94500.0,800.0,265200.0
198,2021-10-19 06:16:13,94500.0,100.0,264400.0
199,2021-10-19 06:15:36,94500.0,500.0,264300.0
200,2021-10-19 06:14:38,94500.0,1000.0,263800.0
201,2021-10-19 06:13:44,94500.0,100.0,262800.0
202,2021-10-19 06:13:39,94500.0,900.0,262700.0
203,2021-10-19 06:13:39,94500.0,100.0,261800.0
204,2021-10-19 06:11:32,94500.0,100.0,261700.0
205,2021-10-19 06:10:29,94600.0,400.0,261600.0
206,2021-10-19 06:09:54,94600.0,100.0,261200.0
207,2021-10-19 06:08:49,94600.0,600.0,261100.0
208,2021-10-19 06:08:44,94600.0,100.0,260500.0
209,2021-10-19 06:07:49,94600.0,200.0,260400.0
210,2021-10-19 06:05:50,94500.0,100.0,260200.0
211,2021-10-19 06:02:38,94500.0,100.0,260100.0
212,2021-10-19 06:02:32,94500.0,200.0,260000.0
213,2021-10-19 06:02:12,94500.0,100.0,259800.0
214,2021-10-19 06:01:34,94500.0,600.0,259700.0
215,2021-10-19 06:01:34,94500.0,400.0,259100.0
216,2021-10-19 06:00:23,94500.0,1600.0,258700.0
217,2021-10-19 06:00:23,94500.0,100.0,257100.0
218,2021-10-19 06:00:02,94500.0,400.0,257000.0
219,2021-10-19 06:00:02,94500.0,100.0,256600.0
220,2021-10-19 06:00:02,94500.0,100.0,256500.0
221,2021-10-19 06:00:02,94500.0,1000.0,256400.0
222,2021-10-19 06:00:02,94500.0,400.0,255400.0
223,2021-10-19 06:00:01,94300.0,400.0,255000.0
224,2021-10-19 06:00:01,94300.0,100.0,254600.0
225,2021-10-19 06:00:01,94300.0,500.0,254500.0
226,2021-10-19 04:28:19,94500.0,200.0,254000.0
227,2021-10-19 04:28:13,94300.0,500.0,253800.0
228,2021-10-19 04:28:04,94500.0,600.0,253300.0
229,2021-10-19 04:26:19,94500.0,100.0,252700.0
230,2021-10-19 04:26:19,94400.0,100.0,252600.0
231,2021-10-19 04:26:19,94400.0,100.0,252500.0
232,2021-10-19 04:26:12,94400.0,100.0,252400.0
233,2021-10-19 04:25:19,94400.0,600.0,252300.0
234,2021-10-19 04:25:19,94400.0,400.0,251700.0
235,2021-10-19 04:24:16,94400.0,100.0,251300.0
236,2021-10-19 04:22:57,94400.0,200.0,251200.0
237,2021-10-19 04:22:22,94400.0,100.0,251000.0
238,2021-10-19 04:21:48,94400.0,100.0,250900.0
239,2021-10-19 04:19:32,94200.0,200.0,250800.0
240,2021-10-19 04:19:32,94200.0,400.0,250600.0
241,2021-10-19 04:19:28,94200.0,500.0,250200.0
242,2021-10-19 04:19:07,94200.0,3000.0,249700.0
243,2021-10-19 04:18:57,94100.0,200.0,246700.0
244,2021-10-19 04:18:11,94100.0,100.0,246500.0
245,2021-10-19 04:18:10,94200.0,100.0,246400.0
246,2021-10-19 04:17:39,94100.0,300.0,246300.0
247,2021-10-19 04:17:39,94100.0,100.0,246000.0
248,2021-10-19 04:17:39,94100.0,100.0,245900.0
249,2021-10-19 04:17:39,94100.0,100.0,245800.0
250,2021-10-19 04:17:39,94100.0,5000.0,245700.0
251,2021-10-19 04:17:39,94200.0,100.0,240700.0
252,2021-10-19 04:17:39,94200.0,100.0,240600.0
253,2021-10-19 04:17:39,94200.0,2000.0,240500.0
254,2021-10-19 04:17:39,94200.0,2000.0,238500.0
255,2021-10-19 04:17:39,94300.0,200.0,236500.0
256,2021-10-19 04:16:34,94500.0,100.0,236300.0
257,2021-10-19 04:16:15,94300.0,200.0,236200.0
258,2021-10-19 04:15:38,94300.0,100.0,236000.0
259,2021-10-19 04:15:32,94300.0,1100.0,235900.0
260,2021-10-19 04:15:32,94300.0,800.0,234800.0
261,2021-10-19 04:15:31,94500.0,100.0,234000.0
262,2021-10-19 04:15:20,94400.0,700.0,233900.0
263,2021-10-19 04:15:13,94300.0,100.0,233200.0
264,2021-10-19 04:15:13,94300.0,100.0,233100.0
265,2021-10-19 04:13:39,94400.0,300.0,233000.0
266,2021-10-19 04:12:31,94500.0,500.0,232700.0
267,2021-10-19 04:10:33,94500.0,100.0,232200.0
268,2021-10-19 04:10:33,94500.0,400.0,232100.0
269,2021-10-19 04:09:34,94500.0,100.0,231700.0
270,2021-10-19 04:09:00,94300.0,1300.0,231600.0
271,2021-10-19 04:08:47,94300.0,1000.0,230300.0
272,2021-10-19 04:08:14,94300.0,100.0,229300.0
273,2021-10-19 04:08:14,94300.0,300.0,229200.0
274,2021-10-19 04:08:14,94300.0,1500.0,228900.0
275,2021-10-19 04:08:14,94400.0,100.0,227400.0
276,2021-10-19 04:05:07,94500.0,100.0,227300.0
277,2021-10-19 04:05:07,94500.0,100.0,227200.0
278,2021-10-19 04:05:07,94500.0,500.0,227100.0
279,2021-10-19 04:03:46,94600.0,1000.0,226600.0
280,2021-10-19 04:03:36,94500.0,100.0,225600.0
281,2021-10-19 04:01:59,94500.0,400.0,225500.0
282,2021-10-19 04:01:29,94500.0,100.0,225100.0
283,2021-10-19 04:00:28,94200.0,400.0,225000.0
284,2021-10-19 04:00:28,94200.0,100.0,224600.0
285,2021-10-19 04:00:28,94300.0,100.0,224500.0
286,2021-10-19 04:00:28,94300.0,200.0,224400.0
287,2021-10-19 03:58:30,94500.0,100.0,224200.0
288,2021-10-19 03:56:45,94400.0,100.0,224100.0
289,2021-10-19 03:55:54,94600.0,200.0,224000.0
290,2021-10-19 03:54:43,94600.0,300.0,223800.0
291,2021-10-19 03:53:59,94600.0,800.0,223500.0
292,2021-10-19 03:53:20,94600.0,100.0,222700.0
293,2021-10-19 03:52:46,94600.0,1600.0,222600.0
294,2021-10-19 03:52:46,94600.0,400.0,221000.0
295,2021-10-19 03:50:55,94700.0,100.0,220600.0
296,2021-10-19 03:50:22,94600.0,2500.0,220500.0
297,2021-10-19 03:50:22,94600.0,1900.0,218000.0
298,2021-10-19 03:50:22,94500.0,100.0,216100.0
299,2021-10-19 03:50:22,94500.0,100.0,216000.0
300,2021-10-19 03:49:46,94500.0,1000.0,215900.0
301,2021-10-19 03:48:46,94600.0,100.0,214900.0
302,2021-10-19 03:47:39,94000.0,100.0,214800.0
303,2021-10-19 03:47:39,94000.0,500.0,214700.0
304,2021-10-19 03:47:39,94000.0,100.0,214200.0
305,2021-10-19 03:47:39,94000.0,500.0,214100.0
306,2021-10-19 03:47:39,94000.0,100.0,213600.0
307,2021-10-19 03:47:39,94000.0,200.0,213500.0
308,2021-10-19 03:47:39,94000.0,100.0,213300.0
309,2021-10-19 03:47:39,94000.0,200.0,213200.0
310,2021-10-19 03:47:39,94200.0,1000.0,213000.0
311,2021-10-19 03:47:39,94200.0,200.0,212000.0
312,2021-10-19 03:47:39,94200.0,1000.0,211800.0
313,2021-10-19 03:47:39,94200.0,100.0,210800.0
314,2021-10-19 03:47:39,94200.0,100.0,210700.0
315,2021-10-19 03:47:39,94200.0,1000.0,210600.0
316,2021-10-19 03:47:39,94200.0,1000.0,209600.0
317,2021-10-19 03:47:39,94200.0,100.0,208600.0
318,2021-10-19 03:47:39,94200.0,100.0,208500.0
319,2021-10-19 03:47:39,94200.0,500.0,208400.0
320,2021-10-19 03:47:39,94500.0,500.0,207900.0
321,2021-10-19 03:47:34,94500.0,400.0,207400.0
322,2021-10-19 03:47:34,94500.0,100.0,207000.0
323,2021-10-19 03:47:19,94500.0,1900.0,206900.0
324,2021-10-19 03:47:19,94500.0,2000.0,205000.0
325,2021-10-19 03:47:19,94500.0,1000.0,203000.0
326,2021-10-19 03:47:19,94500.0,100.0,202000.0
327,2021-10-19 03:44:47,94500.0,100.0,201900.0
328,2021-10-19 03:44:26,94500.0,100.0,201800.0
329,2021-10-19 03:43:32,94200.0,100.0,201700.0
330,2021-10-19 03:42:04,94500.0,100.0,201600.0
331,2021-10-19 03:40:48,94200.0,100.0,201500.0
332,2021-10-19 03:37:06,94200.0,200.0,201400.0
333,2021-10-19 03:36:47,94200.0,100.0,201200.0
334,2021-10-19 03:35:49,94400.0,100.0,201100.0
335,2021-10-19 03:34:34,94000.0,200.0,201000.0
336,2021-10-19 03:31:53,94000.0,600.0,200800.0
337,2021-10-19 03:31:53,94000.0,200.0,200200.0
338,2021-10-19 03:31:53,94000.0,200.0,200000.0
339,2021-10-19 03:31:53,94000.0,100.0,199800.0
340,2021-10-19 03:31:53,94000.0,100.0,199700.0
341,2021-10-19 03:31:53,94100.0,100.0,199600.0
342,2021-10-19 03:31:53,94100.0,200.0,199500.0
343,2021-10-19 03:27:48,94000.0,300.0,199300.0
344,2021-10-19 03:27:48,94100.0,200.0,199000.0
345,2021-10-19 03:26:49,94000.0,100.0,198800.0
346,2021-10-19 03:26:49,94000.0,200.0,198700.0
347,2021-10-19 03:26:49,94000.0,100.0,198500.0
348,2021-10-19 03:26:49,94000.0,1000.0,198400.0
349,2021-10-19 03:26:49,94000.0,500.0,197400.0
350,2021-10-19 03:26:49,94000.0,300.0,196900.0
351,2021-10-19 03:26:49,94100.0,200.0,196600.0
352,2021-10-19 03:25:39,94000.0,700.0,196400.0
353,2021-10-19 03:25:39,94000.0,100.0,195700.0
354,2021-10-19 03:25:39,94000.0,1000.0,195600.0
355,2021-10-19 03:25:39,94000.0,200.0,194600.0
356,2021-10-19 03:25:14,94000.0,100.0,194400.0
357,2021-10-19 03:25:14,94000.0,7000.0,194300.0
358,2021-10-19 03:25:14,94000.0,100.0,187300.0
359,2021-10-19 03:25:14,94000.0,500.0,187200.0
360,2021-10-19 03:25:14,94000.0,100.0,186700.0
361,2021-10-19 03:25:14,94000.0,200.0,186600.0
362,2021-10-19 03:25:14,94000.0,1000.0,186400.0
363,2021-10-19 03:25:14,94000.0,300.0,185400.0
364,2021-10-19 03:25:14,94000.0,500.0,185100.0
365,2021-10-19 03:25:14,94000.0,300.0,184600.0
366,2021-10-19 03:25:14,94000.0,100.0,184300.0
367,2021-10-19 03:25:14,94000.0,100.0,184200.0
368,2021-10-19 03:25:14,94000.0,300.0,184100.0
369,2021-10-19 03:25:14,94000.0,100.0,183800.0
370,2021-10-19 03:25:14,94000.0,500.0,183700.0
371,2021-10-19 03:25:14,94000.0,100.0,183200.0
372,2021-10-19 03:25:14,94000.0,100.0,183100.0
373,2021-10-19 03:25:14,94000.0,1000.0,183000.0
374,2021-10-19 03:25:14,94000.0,2000.0,182000.0
375,2021-10-19 03:25:14,94000.0,200.0,180000.0
376,2021-10-19 03:25:14,94000.0,300.0,179800.0
377,2021-10-19 03:25:14,94000.0,1000.0,179500.0
378,2021-10-19 03:25:14,94000.0,1000.0,178500.0
379,2021-10-19 03:25:14,94000.0,400.0,177500.0
380,2021-10-19 03:25:14,94100.0,1000.0,177100.0
381,2021-10-19 03:25:14,94100.0,600.0,176100.0
382,2021-10-19 03:25:14,94100.0,100.0,175500.0
383,2021-10-19 03:25:14,94100.0,100.0,175400.0
384,2021-10-19 03:25:14,94100.0,100.0,175300.0
385,2021-10-19 03:25:14,94100.0,800.0,175200.0
386,2021-10-19 03:24:49,94500.0,100.0,174400.0
387,2021-10-19 03:24:08,94100.0,14200.0,174300.0
388,2021-10-19 03:24:01,94100.0,100.0,160100.0
389,2021-10-19 03:23:50,94100.0,100.0,160000.0
390,2021-10-19 03:23:49,94000.0,100.0,159900.0
391,2021-10-19 03:23:22,94100.0,300.0,159800.0
392,2021-10-19 03:23:06,94100.0,100.0,159500.0
393,2021-10-19 03:23:06,94100.0,500.0,159400.0
394,2021-10-19 03:23:06,94100.0,600.0,158900.0
395,2021-10-19 03:23:06,94100.0,300.0,158300.0
396,2021-10-19 03:23:06,94100.0,100.0,158000.0
397,2021-10-19 03:23:06,94100.0,100.0,157900.0
398,2021-10-19 03:23:06,94100.0,300.0,157800.0
399,2021-10-19 03:22:46,94100.0,200.0,157500.0
400,2021-10-19 03:22:35,94100.0,100.0,157300.0
401,2021-10-19 03:22:35,94100.0,100.0,157200.0
402,2021-10-19 03:22:35,94100.0,100.0,157100.0
403,2021-10-19 03:22:35,94100.0,1000.0,157000.0
404,2021-10-19 03:22:35,94100.0,1200.0,156000.0
405,2021-10-19 03:22:23,94100.0,1500.0,154800.0
406,2021-10-19 03:22:12,94100.0,1000.0,153300.0
407,2021-10-19 03:21:43,94200.0,100.0,152300.0
408,2021-10-19 03:21:43,94200.0,100.0,152200.0
409,2021-10-19 03:21:43,94200.0,1000.0,152100.0
410,2021-10-19 03:21:43,94200.0,100.0,151100.0
411,2021-10-19 03:21:43,94200.0,100.0,151000.0
412,2021-10-19 03:21:43,94200.0,200.0,150900.0
413,2021-10-19 03:21:43,94200.0,100.0,150700.0
414,2021-10-19 03:21:43,94200.0,700.0,150600.0
415,2021-10-19 03:21:43,94200.0,500.0,149900.0
416,2021-10-19 03:21:34,94500.0,300.0,149400.0
417,2021-10-19 03:19:29,94500.0,800.0,149100.0
418,2021-10-19 03:19:28,94500.0,100.0,148300.0
419,2021-10-19 03:18:38,94600.0,6000.0,148200.0
420,2021-10-19 03:18:08,94500.0,100.0,142200.0
421,2021-10-19 03:17:53,94500.0,100.0,142100.0
422,2021-10-19 03:17:47,94500.0,200.0,142000.0
423,2021-10-19 03:17:15,94700.0,2000.0,141800.0
424,2021-10-19 03:16:54,94700.0,100.0,139800.0
425,2021-10-19 03:16:30,94800.0,1700.0,139700.0
426,2021-10-19 03:15:42,94700.0,300.0,138000.0
427,2021-10-19 03:15:30,94700.0,200.0,137700.0
428,2021-10-19 03:15:30,94700.0,400.0,137500.0
429,2021-10-19 03:15:04,94700.0,1000.0,137100.0
430,2021-10-19 03:13:56,94700.0,500.0,136100.0
431,2021-10-19 03:13:28,94500.0,100.0,135600.0
432,2021-10-19 03:11:55,94500.0,200.0,135500.0
433,2021-10-19 03:11:21,94500.0,100.0,135300.0
434,2021-10-19 03:11:21,94500.0,100.0,135200.0
435,2021-10-19 03:10:47,94500.0,100.0,135100.0
436,2021-10-19 03:09:28,94500.0,1800.0,135000.0
437,2021-10-19 03:09:28,94500.0,200.0,133200.0
438,2021-10-19 03:08:48,94400.0,100.0,133000.0
439,2021-10-19 03:08:11,94500.0,200.0,132900.0
440,2021-10-19 03:07:42,94300.0,200.0,132700.0
441,2021-10-19 03:07:42,94300.0,800.0,132500.0
442,2021-10-19 03:07:41,94300.0,200.0,131700.0
443,2021-10-19 03:05:15,94300.0,300.0,131500.0
444,2021-10-19 03:05:14,94200.0,100.0,131200.0
445,2021-10-19 03:05:14,94200.0,200.0,131100.0
446,2021-10-19 03:05:14,94200.0,200.0,130900.0
447,2021-10-19 03:05:11,94300.0,100.0,130700.0
448,2021-10-19 03:03:25,94200.0,800.0,130600.0
449,2021-10-19 03:03:25,94200.0,1700.0,129800.0
450,2021-10-19 03:02:37,94200.0,200.0,128100.0
451,2021-10-19 03:00:57,94200.0,1500.0,127900.0
452,2021-10-19 03:00:53,94200.0,100.0,126400.0
453,2021-10-19 03:00:53,94500.0,400.0,126300.0
454,2021-10-19 03:00:51,94500.0,500.0,125900.0
455,2021-10-19 03:00:51,94500.0,500.0,125400.0
456,2021-10-19 03:00:51,94500.0,500.0,124900.0
457,2021-10-19 03:00:51,94500.0,500.0,124400.0
458,2021-10-19 03:00:51,94500.0,600.0,123900.0
459,2021-10-19 03:00:27,94200.0,2300.0,123300.0
460,2021-10-19 03:00:27,94300.0,500.0,121000.0
461,2021-10-19 03:00:27,94300.0,200.0,120500.0
462,2021-10-19 02:59:23,94500.0,200.0,120300.0
463,2021-10-19 02:59:12,94300.0,400.0,120100.0
464,2021-10-19 02:59:12,94200.0,5000.0,119700.0
465,2021-10-19 02:59:12,94200.0,4600.0,114700.0
466,2021-10-19 02:58:14,94100.0,700.0,110100.0
467,2021-10-19 02:58:04,94100.0,200.0,109400.0
468,2021-10-19 02:57:22,94200.0,400.0,109200.0
469,2021-10-19 02:56:08,94100.0,3400.0,108800.0
470,2021-10-19 02:56:08,94100.0,100.0,105400.0
471,2021-10-19 02:56:08,94100.0,100.0,105300.0
472,2021-10-19 02:56:08,94100.0,1000.0,105200.0
473,2021-10-19 02:56:08,94100.0,200.0,104200.0
474,2021-10-19 02:56:08,94100.0,100.0,104000.0
475,2021-10-19 02:56:08,94200.0,1000.0,103900.0
476,2021-10-19 02:56:08,94200.0,100.0,102900.0
477,2021-10-19 02:56:08,94200.0,1000.0,102800.0
478,2021-10-19 02:56:08,94200.0,500.0,101800.0
479,2021-10-19 02:56:08,94200.0,1000.0,101300.0
480,2021-10-19 02:56:08,94300.0,1000.0,100300.0
481,2021-10-19 02:54:46,94300.0,1000.0,99300.0
482,2021-10-19 02:54:46,94300.0,400.0,98300.0
483,2021-10-19 02:54:46,94300.0,100.0,97900.0
484,2021-10-19 02:54:46,94300.0,200.0,97800.0
485,2021-10-19 02:54:46,94300.0,100.0,97600.0
486,2021-10-19 02:54:46,94300.0,100.0,97500.0
487,2021-10-19 02:54:46,94300.0,1500.0,97400.0
488,2021-10-19 02:54:46,94400.0,100.0,95900.0
489,2021-10-19 02:53:52,94500.0,100.0,95800.0
490,2021-10-19 02:53:43,94500.0,100.0,95700.0
491,2021-10-19 02:53:06,94400.0,200.0,95600.0
492,2021-10-19 02:53:06,94400.0,100.0,95400.0
493,2021-10-19 02:53:06,94400.0,800.0,95300.0
494,2021-10-19 02:52:34,94400.0,300.0,94500.0
495,2021-10-19 02:51:46,94400.0,200.0,94200.0
496,2021-10-19 02:51:22,94400.0,200.0,94000.0
497,2021-10-19 02:51:21,94400.0,200.0,93800.0
498,2021-10-19 02:51:05,94400.0,100.0,93600.0
499,2021-10-19 02:50:32,94400.0,400.0,93500.0
500,2021-10-19 02:50:32,94500.0,1000.0,93100.0
501,2021-10-19 02:49:54,94400.0,100.0,92100.0
502,2021-10-19 02:49:54,94400.0,200.0,92000.0
503,2021-10-19 02:49:54,94500.0,600.0,91800.0
504,2021-10-19 02:49:54,94500.0,100.0,91200.0
505,2021-10-19 02:49:11,94500.0,900.0,91100.0
506,2021-10-19 02:49:11,94500.0,1000.0,90200.0
507,2021-10-19 02:49:11,94500.0,1000.0,89200.0
508,2021-10-19 02:49:11,94500.0,500.0,88200.0
509,2021-10-19 02:49:11,94500.0,2000.0,87700.0
510,2021-10-19 02:49:11,94500.0,600.0,85700.0
511,2021-10-19 02:49:01,94500.0,100.0,85100.0
512,2021-10-19 02:48:40,94500.0,800.0,85000.0
513,2021-10-19 02:48:33,94600.0,500.0,84200.0
514,2021-10-19 02:47:56,94500.0,700.0,83700.0
515,2021-10-19 02:47:56,94500.0,800.0,83000.0
516,2021-10-19 02:46:46,94500.0,400.0,82200.0
517,2021-10-19 02:46:46,94500.0,100.0,81800.0
518,2021-10-19 02:45:51,94600.0,500.0,81700.0
519,2021-10-19 02:44:52,94500.0,100.0,81200.0
520,2021-10-19 02:44:04,94500.0,100.0,81100.0
521,2021-10-19 02:42:22,94500.0,700.0,81000.0
522,2021-10-19 02:42:22,94500.0,300.0,80300.0
523,2021-10-19 02:40:56,94600.0,100.0,80000.0
524,2021-10-19 02:38:43,94500.0,700.0,79900.0
525,2021-10-19 02:38:43,94500.0,300.0,79200.0
526,2021-10-19 02:37:48,94600.0,100.0,78900.0
527,2021-10-19 02:36:05,94600.0,300.0,78800.0
528,2021-10-19 02:35:22,94600.0,100.0,78500.0
529,2021-10-19 02:34:52,94600.0,100.0,78400.0
530,2021-10-19 02:34:39,94500.0,500.0,78300.0
531,2021-10-19 02:34:26,94500.0,200.0,77800.0
532,2021-10-19 02:34:26,94500.0,300.0,77600.0
533,2021-10-19 02:34:26,94500.0,500.0,77300.0
534,2021-10-19 02:33:40,94500.0,500.0,76800.0
535,2021-10-19 02:33:35,94500.0,500.0,76300.0
536,2021-10-19 02:33:35,94500.0,200.0,75800.0
537,2021-10-19 02:33:35,94600.0,200.0,75600.0
538,2021-10-19 02:33:09,94600.0,700.0,75400.0
539,2021-10-19 02:33:02,94600.0,200.0,74700.0
540,2021-10-19 02:32:53,94500.0,200.0,74500.0
541,2021-10-19 02:32:38,94600.0,1000.0,74300.0
542,2021-10-19 02:32:38,94600.0,100.0,73300.0
543,2021-10-19 02:32:18,94700.0,200.0,73200.0
544,2021-10-19 02:31:54,94600.0,200.0,73000.0
545,2021-10-19 02:31:18,94600.0,100.0,72800.0
546,2021-10-19 02:28:46,94600.0,100.0,72700.0
547,2021-10-19 02:28:31,94600.0,100.0,72600.0
548,2021-10-19 02:28:17,94500.0,200.0,72500.0
549,2021-10-19 02:28:17,94500.0,400.0,72300.0
550,2021-10-19 02:27:30,94300.0,1000.0,71900.0
551,2021-10-19 02:26:57,94300.0,100.0,70900.0
552,2021-10-19 02:26:20,94300.0,100.0,70800.0
553,2021-10-19 02:26:20,94300.0,200.0,70700.0
554,2021-10-19 02:25:52,94300.0,300.0,70500.0
555,2021-10-19 02:25:52,94300.0,200.0,70200.0
556,2021-10-19 02:25:30,94500.0,100.0,70000.0
557,2021-10-19 02:25:30,94500.0,100.0,69900.0
558,2021-10-19 02:25:30,94500.0,200.0,69800.0
559,2021-10-19 02:25:30,94300.0,200.0,69600.0
560,2021-10-19 02:25:30,94300.0,200.0,69400.0
561,2021-10-19 02:25:26,94200.0,200.0,69200.0
562,2021-10-19 02:25:06,94300.0,1800.0,69000.0
563,2021-10-19 02:25:06,94300.0,1000.0,67200.0
564,2021-10-19 02:25:06,94200.0,2000.0,66200.0
565,2021-10-19 02:25:06,94100.0,200.0,64200.0
566,2021-10-19 02:24:56,94100.0,100.0,64000.0
567,2021-10-19 02:24:42,94000.0,700.0,63900.0
568,2021-10-19 02:24:42,94000.0,300.0,63200.0
569,2021-10-19 02:24:42,94000.0,3200.0,62900.0
570,2021-10-19 02:24:42,94000.0,200.0,59700.0
571,2021-10-19 02:24:33,93700.0,100.0,59500.0
572,2021-10-19 02:24:24,94000.0,500.0,59400.0
573,2021-10-19 02:24:12,93600.0,600.0,58900.0
574,2021-10-19 02:24:12,93600.0,300.0,58300.0
575,2021-10-19 02:24:12,94000.0,500.0,58000.0
576,2021-10-19 02:24:09,94000.0,1000.0,57500.0
577,2021-10-19 02:23:58,93600.0,200.0,56500.0
578,2021-10-19 02:23:58,93600.0,500.0,56300.0
579,2021-10-19 02:23:51,94000.0,12900.0,55800.0
580,2021-10-19 02:23:51,93800.0,200.0,42900.0
581,2021-10-19 02:23:51,93800.0,100.0,42700.0
582,2021-10-19 02:23:51,93700.0,4900.0,42600.0
583,2021-10-19 02:23:51,93600.0,1900.0,37700.0
584,2021-10-19 02:23:50,93500.0,500.0,35800.0
585,2021-10-19 02:23:44,93600.0,900.0,35300.0
586,2021-10-19 02:23:44,93600.0,100.0,34400.0
587,2021-10-19 02:23:44,93600.0,1900.0,34300.0
588,2021-10-19 02:23:43,93600.0,100.0,32400.0
589,2021-10-19 02:23:43,93600.0,500.0,32300.0
590,2021-10-19 02:23:43,93600.0,100.0,31800.0
591,2021-10-19 02:23:43,93600.0,300.0,31700.0
592,2021-10-19 02:23:37,93700.0,100.0,31400.0
593,2021-10-19 02:23:30,93700.0,300.0,31300.0
594,2021-10-19 02:23:26,93700.0,100.0,31000.0
595,2021-10-19 02:23:09,93700.0,200.0,30900.0
596,2021-10-19 02:23:09,93700.0,100.0,30700.0
597,2021-10-19 02:22:54,93800.0,100.0,30600.0
598,2021-10-19 02:22:43,93800.0,100.0,30500.0
599,2021-10-19 02:22:43,93800.0,100.0,30400.0
600,2021-10-19 02:22:43,93800.0,100.0,30300.0
601,2021-10-19 02:22:39,93900.0,100.0,30200.0
602,2021-10-19 02:22:33,93800.0,4800.0,30100.0
603,2021-10-19 02:22:31,93900.0,300.0,25300.0
604,2021-10-19 02:22:14,93800.0,200.0,25000.0
605,2021-10-19 02:22:13,93800.0,100.0,24800.0
606,2021-10-19 02:22:13,93800.0,100.0,24700.0
607,2021-10-19 02:22:13,93800.0,100.0,24600.0
608,2021-10-19 02:21:59,93900.0,100.0,24500.0
609,2021-10-19 02:21:56,94000.0,200.0,24400.0
610,2021-10-19 02:21:50,94000.0,1000.0,24200.0
611,2021-10-19 02:21:50,94000.0,100.0,23200.0
612,2021-10-19 02:21:50,94000.0,100.0,23100.0
613,2021-10-19 02:21:50,94000.0,300.0,23000.0
614,2021-10-19 02:21:44,94000.0,500.0,22700.0
615,2021-10-19 02:21:42,94100.0,100.0,22200.0
616,2021-10-19 02:21:39,94000.0,200.0,22100.0
617,2021-10-19 02:21:39,94000.0,200.0,21900.0
618,2021-10-19 02:21:38,94000.0,100.0,21700.0
619,2021-10-19 02:21:38,94000.0,200.0,21600.0
620,2021-10-19 02:21:36,94000.0,500.0,21400.0
621,2021-10-19 02:21:36,94000.0,500.0,20900.0
622,2021-10-19 02:21:30,94000.0,100.0,20400.0
623,2021-10-19 02:21:29,94000.0,200.0,20300.0
624,2021-10-19 02:21:29,94000.0,1000.0,20100.0
625,2021-10-19 02:21:29,94000.0,100.0,19100.0
626,2021-10-19 02:21:29,94000.0,1000.0,19000.0
627,2021-10-19 02:21:29,94000.0,100.0,18000.0
628,2021-10-19 02:21:29,94000.0,500.0,17900.0
629,2021-10-19 02:21:29,94000.0,100.0,17400.0
630,2021-10-19 02:21:29,94000.0,100.0,17300.0
631,2021-10-19 02:21:29,94000.0,100.0,17200.0
632,2021-10-19 02:21:29,94000.0,1800.0,17100.0
633,2021-10-19 02:21:24,94000.0,500.0,15300.0
634,2021-10-19 02:21:19,94000.0,900.0,14800.0
635,2021-10-19 02:21:17,94000.0,200.0,13900.0
636,2021-10-19 02:21:10,94000.0,700.0,13700.0
637,2021-10-19 02:21:08,94100.0,200.0,13000.0
638,2021-10-19 02:21:04,94200.0,100.0,12800.0
639,2021-10-19 02:21:04,94200.0,400.0,12700.0
640,2021-10-19 02:20:57,94000.0,900.0,12300.0
641,2021-10-19 02:20:57,94100.0,100.0,11400.0
642,2021-10-19 02:20:52,94100.0,300.0,11300.0
643,2021-10-19 02:20:36,94000.0,100.0,11000.0
644,2021-10-19 02:20:36,94000.0,400.0,10900.0
645,2021-10-19 02:20:25,94000.0,100.0,10500.0
646,2021-10-19 02:20:25,94000.0,500.0,10400.0
647,2021-10-19 02:20:25,94000.0,400.0,9900.0
648,2021-10-19 02:19:28,94000.0,100.0,9500.0
649,2021-10-19 02:19:28,94100.0,100.0,9400.0
650,2021-10-19 02:19:28,94100.0,200.0,9300.0
651,2021-10-19 02:19:28,94100.0,200.0,9100.0
652,2021-10-19 02:19:28,94100.0,500.0,8900.0
653,2021-10-19 02:19:28,94100.0,200.0,8400.0
654,2021-10-19 02:19:28,94100.0,200.0,8200.0
655,2021-10-19 02:19:28,94300.0,500.0,8000.0
656,2021-10-19 02:19:01,94400.0,1900.0,7500.0
657,2021-10-19 02:18:48,94400.0,100.0,5600.0
658,2021-10-19 02:18:48,94400.0,200.0,5500.0
659,2021-10-19 02:18:43,94400.0,1000.0,5300.0
660,2021-10-19 02:18:39,94400.0,200.0,4300.0
661,2021-10-19 02:18:04,94400.0,100.0,4100.0
662,2021-10-19 02:18:01,94400.0,500.0,4000.0
663,2021-10-19 02:16:21,94500.0,100.0,3500.0
664,2021-10-19 02:16:13,94500.0,200.0,3400.0
665,2021-10-19 02:16:13,94500.0,200.0,3200.0
666,2021-10-19 02:16:13,94600.0,700.0,3000.0
667,2021-10-19 02:15:00,94500.0,100.0,2300.0
668,2021-10-19 02:15:00,94500.0,100.0,2200.0
669,2021-10-19 02:15:00,94500.0,500.0,2100.0
670,2021-10-19 02:15:00,94500.0,400.0,1600.0
671,2021-10-19 02:15:00,94500.0,100.0,1200.0
672,2021-10-19 02:15:00,94500.0,100.0,1100.0
673,2021-10-19 02:15:00,94500.0,400.0,1000.0
674,2021-10-19 02:15:00,94500.0,100.0,600.0
675,2021-10-19 02:15:00,94500.0,200.0,500.0
676,2021-10-19 02:15:00,94500.0,100.0,300.0
677,2021-10-19 02:15:00,94500.0,100.0,200.0
678,2021-10-19 02:15:00,94500.0,100.0,100.0
