,Time,Price,Volume_per_trade,Volume
0,2021-10-22 14:45:02,5000.0,21000.0,2370985.0
1,2021-10-22 14:29:53,4900.0,20000.0,2349985.0
2,2021-10-22 14:29:44,4900.0,100.0,2329985.0
3,2021-10-22 14:29:40,4900.0,500.0,2329885.0
4,2021-10-22 14:29:26,4900.0,2000.0,2329385.0
5,2021-10-22 14:28:24,4900.0,500.0,2327385.0
6,2021-10-22 14:27:51,4900.0,1000.0,2326885.0
7,2021-10-22 14:27:42,4900.0,500.0,2325885.0
8,2021-10-22 14:27:24,4900.0,2000.0,2325385.0
9,2021-10-22 14:27:23,4900.0,400.0,2323385.0
10,2021-10-22 14:27:18,4900.0,3000.0,2322985.0
11,2021-10-22 14:26:43,4900.0,200.0,2319985.0
12,2021-10-22 14:26:05,4900.0,5300.0,2319785.0
13,2021-10-22 14:25:50,4900.0,1500.0,2314485.0
14,2021-10-22 14:25:49,4900.0,1000.0,2312985.0
15,2021-10-22 14:25:05,4900.0,700.0,2311985.0
16,2021-10-22 14:24:02,4900.0,1000.0,2311285.0
17,2021-10-22 14:23:56,4900.0,5000.0,2310285.0
18,2021-10-22 14:23:30,4900.0,10000.0,2305285.0
19,2021-10-22 14:23:11,4900.0,1700.0,2295285.0
20,2021-10-22 14:22:59,4900.0,1000.0,2293585.0
21,2021-10-22 14:22:29,4900.0,100.0,2292585.0
22,2021-10-22 14:22:28,4900.0,10000.0,2292485.0
23,2021-10-22 14:22:20,4900.0,500.0,2282485.0
24,2021-10-22 14:22:03,4900.0,7100.0,2281985.0
25,2021-10-22 14:21:24,4900.0,100.0,2274885.0
26,2021-10-22 14:21:13,4900.0,10700.0,2274785.0
27,2021-10-22 14:21:04,4900.0,2000.0,2264085.0
28,2021-10-22 14:20:44,4900.0,1000.0,2262085.0
29,2021-10-22 14:20:40,4900.0,6400.0,2261085.0
30,2021-10-22 14:20:38,4900.0,20000.0,2254685.0
31,2021-10-22 14:20:36,4900.0,200.0,2234685.0
32,2021-10-22 14:20:35,4900.0,4000.0,2234485.0
33,2021-10-22 14:20:26,4900.0,50000.0,2230485.0
34,2021-10-22 14:20:24,4900.0,6000.0,2180485.0
35,2021-10-22 14:20:20,4900.0,20200.0,2174485.0
36,2021-10-22 14:20:13,4900.0,400.0,2154285.0
37,2021-10-22 14:19:38,4900.0,5000.0,2153885.0
38,2021-10-22 14:19:36,4900.0,30000.0,2148885.0
39,2021-10-22 14:19:16,4900.0,5000.0,2118885.0
40,2021-10-22 14:19:11,4900.0,2400.0,2113885.0
41,2021-10-22 14:18:40,5000.0,500.0,2111485.0
42,2021-10-22 14:18:38,4900.0,100.0,2110985.0
43,2021-10-22 14:18:11,4900.0,100.0,2110885.0
44,2021-10-22 14:17:59,4900.0,1000.0,2110785.0
45,2021-10-22 14:17:58,4900.0,5700.0,2109785.0
46,2021-10-22 14:17:50,4900.0,200.0,2104085.0
47,2021-10-22 14:17:25,4900.0,20000.0,2103885.0
48,2021-10-22 14:17:15,4900.0,500.0,2083885.0
49,2021-10-22 14:17:07,4900.0,1000.0,2083385.0
50,2021-10-22 14:16:51,4900.0,2000.0,2082385.0
51,2021-10-22 14:16:34,4900.0,700.0,2080385.0
52,2021-10-22 14:16:21,4900.0,6000.0,2079685.0
53,2021-10-22 14:14:53,4900.0,10200.0,2073685.0
54,2021-10-22 14:14:48,4900.0,400.0,2063485.0
55,2021-10-22 14:14:23,4900.0,48.0,2063085.0
56,2021-10-22 14:14:06,4900.0,45000.0,2063037.0
57,2021-10-22 14:13:40,4900.0,200.0,2018037.0
58,2021-10-22 14:11:00,5000.0,600.0,2017837.0
59,2021-10-22 14:10:58,5000.0,100.0,2017237.0
60,2021-10-22 14:10:02,5000.0,100.0,2017137.0
61,2021-10-22 14:09:46,5000.0,300.0,2017037.0
62,2021-10-22 14:09:44,5000.0,2000.0,2016737.0
63,2021-10-22 14:08:08,5000.0,19.0,2014737.0
64,2021-10-22 14:07:56,5000.0,6000.0,2014718.0
65,2021-10-22 14:07:50,5000.0,2500.0,2008718.0
66,2021-10-22 14:07:35,5000.0,1200.0,2006218.0
67,2021-10-22 14:06:58,5000.0,2000.0,2005018.0
68,2021-10-22 14:06:50,5000.0,300.0,2003018.0
69,2021-10-22 14:06:19,5000.0,500.0,2002718.0
70,2021-10-22 14:05:24,5000.0,3000.0,2002218.0
71,2021-10-22 14:05:19,5000.0,5500.0,1999218.0
72,2021-10-22 14:04:50,5000.0,12700.0,1993718.0
73,2021-10-22 14:04:32,5000.0,7800.0,1981018.0
74,2021-10-22 14:04:24,5000.0,7500.0,1973218.0
75,2021-10-22 14:04:04,5000.0,15000.0,1965718.0
76,2021-10-22 14:04:03,5000.0,3000.0,1950718.0
77,2021-10-22 14:03:59,5000.0,2500.0,1947718.0
78,2021-10-22 14:03:38,5000.0,50000.0,1945218.0
79,2021-10-22 14:02:46,5000.0,5000.0,1895218.0
80,2021-10-22 14:00:46,5000.0,1200.0,1890218.0
81,2021-10-22 14:00:36,5000.0,300.0,1889018.0
82,2021-10-22 13:59:36,5000.0,10000.0,1888718.0
83,2021-10-22 13:59:08,5100.0,100.0,1878718.0
84,2021-10-22 13:58:37,5000.0,200.0,1878618.0
85,2021-10-22 13:56:42,5100.0,1900.0,1878418.0
86,2021-10-22 13:56:35,5100.0,100.0,1876518.0
87,2021-10-22 13:56:18,5000.0,6200.0,1876418.0
88,2021-10-22 13:54:02,5000.0,200.0,1870218.0
89,2021-10-22 13:53:57,5000.0,100.0,1870018.0
90,2021-10-22 13:52:14,5000.0,5000.0,1869918.0
91,2021-10-22 13:52:07,5000.0,2000.0,1864918.0
92,2021-10-22 13:51:41,5000.0,1000.0,1862918.0
93,2021-10-22 13:51:39,5000.0,2000.0,1861918.0
94,2021-10-22 13:51:28,5000.0,500.0,1859918.0
95,2021-10-22 13:50:52,5000.0,1100.0,1859418.0
96,2021-10-22 13:50:46,5000.0,10000.0,1858318.0
97,2021-10-22 13:50:39,5000.0,1000.0,1848318.0
98,2021-10-22 13:50:36,5100.0,200.0,1847318.0
99,2021-10-22 13:50:26,5000.0,31.0,1847118.0
100,2021-10-22 13:50:25,5000.0,3000.0,1847087.0
101,2021-10-22 13:50:01,5000.0,11000.0,1844087.0
102,2021-10-22 13:48:39,5000.0,8500.0,1833087.0
103,2021-10-22 13:47:41,5000.0,10500.0,1824587.0
104,2021-10-22 13:46:36,5000.0,200.0,1814087.0
105,2021-10-22 13:46:26,5000.0,200.0,1813887.0
106,2021-10-22 13:46:10,5000.0,14800.0,1813687.0
107,2021-10-22 13:44:57,5000.0,100.0,1798887.0
108,2021-10-22 13:43:20,5000.0,2000.0,1798787.0
109,2021-10-22 13:42:18,5000.0,48700.0,1796787.0
110,2021-10-22 13:42:05,5100.0,400.0,1748087.0
111,2021-10-22 13:41:50,5100.0,100.0,1747687.0
112,2021-10-22 13:41:23,5100.0,300.0,1747587.0
113,2021-10-22 13:40:28,5000.0,200.0,1747287.0
114,2021-10-22 13:40:01,5000.0,200.0,1747087.0
115,2021-10-22 13:38:18,5000.0,5300.0,1746887.0
116,2021-10-22 13:37:59,5100.0,200.0,1741587.0
117,2021-10-22 13:37:12,5100.0,1000.0,1741387.0
118,2021-10-22 13:36:36,5000.0,1000.0,1740387.0
119,2021-10-22 13:36:26,5000.0,1000.0,1739387.0
120,2021-10-22 13:35:41,5000.0,7000.0,1738387.0
121,2021-10-22 13:33:43,5000.0,100.0,1731387.0
122,2021-10-22 13:31:59,5000.0,400.0,1731287.0
123,2021-10-22 13:31:22,5100.0,2000.0,1730887.0
124,2021-10-22 13:31:19,5100.0,1000.0,1728887.0
125,2021-10-22 13:29:55,5100.0,100.0,1727887.0
126,2021-10-22 13:29:51,5100.0,100.0,1727787.0
127,2021-10-22 13:29:46,5100.0,100.0,1727687.0
128,2021-10-22 13:29:43,5100.0,100.0,1727587.0
129,2021-10-22 13:29:40,5100.0,100.0,1727487.0
130,2021-10-22 13:29:36,5100.0,100.0,1727387.0
131,2021-10-22 13:28:41,5100.0,3000.0,1727287.0
132,2021-10-22 13:28:31,5100.0,100.0,1724287.0
133,2021-10-22 13:27:33,5100.0,100.0,1724187.0
134,2021-10-22 13:27:00,5100.0,2000.0,1724087.0
135,2021-10-22 13:26:53,5000.0,100.0,1722087.0
136,2021-10-22 13:24:54,5100.0,100.0,1721987.0
137,2021-10-22 13:24:47,5000.0,5000.0,1721887.0
138,2021-10-22 13:24:36,5100.0,300.0,1716887.0
139,2021-10-22 13:24:24,5100.0,300.0,1716587.0
140,2021-10-22 13:24:08,5100.0,100.0,1716287.0
141,2021-10-22 13:24:00,5100.0,100.0,1716187.0
142,2021-10-22 13:23:39,5000.0,10000.0,1716087.0
143,2021-10-22 13:23:24,5000.0,300.0,1706087.0
144,2021-10-22 13:21:21,5000.0,3000.0,1705787.0
145,2021-10-22 13:19:59,5000.0,500.0,1702787.0
146,2021-10-22 13:19:40,5100.0,2400.0,1702287.0
147,2021-10-22 13:19:21,5100.0,7000.0,1699887.0
148,2021-10-22 13:14:34,5100.0,5000.0,1692887.0
149,2021-10-22 13:14:16,5100.0,5000.0,1687887.0
150,2021-10-22 13:13:13,5100.0,1000.0,1682887.0
151,2021-10-22 13:11:13,5100.0,50.0,1681887.0
152,2021-10-22 13:11:12,5100.0,2400.0,1681837.0
153,2021-10-22 13:10:50,5100.0,5000.0,1679437.0
154,2021-10-22 13:10:08,5100.0,300.0,1674437.0
155,2021-10-22 13:09:49,5000.0,300.0,1674137.0
156,2021-10-22 13:08:17,5000.0,1500.0,1673837.0
157,2021-10-22 13:07:56,5100.0,2000.0,1672337.0
158,2021-10-22 13:07:39,5100.0,3000.0,1670337.0
159,2021-10-22 13:07:37,5100.0,1500.0,1667337.0
160,2021-10-22 13:07:22,5100.0,10.0,1665837.0
161,2021-10-22 13:07:13,5100.0,1000.0,1665827.0
162,2021-10-22 13:06:09,5100.0,400.0,1664827.0
163,2021-10-22 13:04:56,5000.0,1300.0,1664427.0
164,2021-10-22 13:03:21,5100.0,100.0,1663127.0
165,2021-10-22 13:03:11,5100.0,1000.0,1663027.0
166,2021-10-22 13:01:56,5100.0,2000.0,1662027.0
167,2021-10-22 13:00:49,5100.0,500.0,1660027.0
168,2021-10-22 13:00:13,5000.0,300.0,1659527.0
169,2021-10-22 13:00:10,5100.0,1100.0,1659227.0
170,2021-10-22 13:00:08,5100.0,300.0,1658127.0
171,2021-10-22 11:26:36,5100.0,8.0,1657827.0
172,2021-10-22 11:26:02,5100.0,20.0,1657819.0
173,2021-10-22 11:24:56,5100.0,200.0,1657799.0
174,2021-10-22 11:24:44,5100.0,100.0,1657599.0
175,2021-10-22 11:23:44,5100.0,2000.0,1657499.0
176,2021-10-22 11:23:21,5100.0,400.0,1655499.0
177,2021-10-22 11:22:30,5100.0,500.0,1655099.0
178,2021-10-22 11:22:00,5100.0,8700.0,1654599.0
179,2021-10-22 11:21:52,5100.0,3000.0,1645899.0
180,2021-10-22 11:21:00,5100.0,1000.0,1642899.0
181,2021-10-22 11:20:40,5000.0,2000.0,1641899.0
182,2021-10-22 11:19:41,5000.0,2000.0,1639899.0
183,2021-10-22 11:18:44,5000.0,3000.0,1637899.0
184,2021-10-22 11:17:48,5100.0,5000.0,1634899.0
185,2021-10-22 11:17:03,5000.0,1000.0,1629899.0
186,2021-10-22 11:15:07,5000.0,1000.0,1628899.0
187,2021-10-22 11:14:05,5000.0,6100.0,1627899.0
188,2021-10-22 11:11:51,5000.0,800.0,1621799.0
189,2021-10-22 11:11:21,5000.0,500.0,1620999.0
190,2021-10-22 11:08:34,5000.0,500.0,1620499.0
191,2021-10-22 11:04:44,5000.0,100.0,1619999.0
192,2021-10-22 11:02:57,5000.0,23700.0,1619899.0
193,2021-10-22 11:02:23,5000.0,4000.0,1596199.0
194,2021-10-22 11:00:52,5000.0,10000.0,1592199.0
195,2021-10-22 11:00:46,5100.0,1230.0,1582199.0
196,2021-10-22 10:58:37,5000.0,1200.0,1580969.0
197,2021-10-22 10:58:23,5000.0,7000.0,1579769.0
198,2021-10-22 10:56:28,5000.0,900.0,1572769.0
199,2021-10-22 10:55:53,5000.0,4000.0,1571869.0
200,2021-10-22 10:55:04,5000.0,8500.0,1567869.0
201,2021-10-22 10:53:39,5000.0,3000.0,1559369.0
202,2021-10-22 10:52:34,5100.0,100.0,1556369.0
203,2021-10-22 10:52:28,5100.0,10000.0,1556269.0
204,2021-10-22 10:50:26,5100.0,3200.0,1546269.0
205,2021-10-22 10:49:21,5100.0,10.0,1543069.0
206,2021-10-22 10:47:02,5100.0,1000.0,1543059.0
207,2021-10-22 10:45:30,5000.0,6600.0,1542059.0
208,2021-10-22 10:45:11,5000.0,1100.0,1535459.0
209,2021-10-22 10:44:56,5000.0,500.0,1534359.0
210,2021-10-22 10:44:25,5000.0,400.0,1533859.0
211,2021-10-22 10:43:29,5000.0,11900.0,1533459.0
212,2021-10-22 10:42:32,5000.0,200.0,1521559.0
213,2021-10-22 10:41:07,5100.0,3500.0,1521359.0
214,2021-10-22 10:39:16,5100.0,22600.0,1517859.0
215,2021-10-22 10:38:55,5100.0,14000.0,1495259.0
216,2021-10-22 10:38:40,5100.0,2000.0,1481259.0
217,2021-10-22 10:38:29,5100.0,1.0,1479259.0
218,2021-10-22 10:38:20,5100.0,1.0,1479258.0
219,2021-10-22 10:37:59,5100.0,1.0,1479257.0
220,2021-10-22 10:37:48,5100.0,1.0,1479256.0
221,2021-10-22 10:37:22,5100.0,5800.0,1479255.0
222,2021-10-22 10:37:02,5100.0,1.0,1473455.0
223,2021-10-22 10:36:24,5100.0,1.0,1473454.0
224,2021-10-22 10:36:13,5100.0,1.0,1473453.0
225,2021-10-22 10:35:59,5100.0,1.0,1473452.0
226,2021-10-22 10:35:47,5100.0,1.0,1473451.0
227,2021-10-22 10:35:38,5100.0,1.0,1473450.0
228,2021-10-22 10:35:36,5100.0,700.0,1473449.0
229,2021-10-22 10:34:58,5100.0,100.0,1472749.0
230,2021-10-22 10:34:31,5100.0,34500.0,1472649.0
231,2021-10-22 10:34:17,5100.0,20000.0,1438149.0
232,2021-10-22 10:33:35,5100.0,800.0,1418149.0
233,2021-10-22 10:32:55,5100.0,10000.0,1417349.0
234,2021-10-22 10:32:10,5100.0,1000.0,1407349.0
235,2021-10-22 10:29:33,5100.0,100.0,1406349.0
236,2021-10-22 10:28:53,5000.0,100.0,1406249.0
237,2021-10-22 10:27:59,5000.0,1000.0,1406149.0
238,2021-10-22 10:26:08,5100.0,12500.0,1405149.0
239,2021-10-22 10:24:40,5100.0,2000.0,1392649.0
240,2021-10-22 10:24:08,5000.0,3000.0,1390649.0
241,2021-10-22 10:22:52,5100.0,10000.0,1387649.0
242,2021-10-22 10:22:44,5000.0,2000.0,1377649.0
243,2021-10-22 10:22:23,5000.0,24000.0,1375649.0
244,2021-10-22 10:21:40,5000.0,1000.0,1351649.0
245,2021-10-22 10:21:27,5000.0,100.0,1350649.0
246,2021-10-22 10:19:25,5000.0,300.0,1350549.0
247,2021-10-22 10:17:11,5000.0,200.0,1350249.0
248,2021-10-22 10:15:01,5000.0,3000.0,1350049.0
249,2021-10-22 10:14:17,5000.0,1000.0,1347049.0
250,2021-10-22 10:14:09,5000.0,1000.0,1346049.0
251,2021-10-22 10:13:43,5000.0,1000.0,1345049.0
252,2021-10-22 10:13:20,5100.0,1000.0,1344049.0
253,2021-10-22 10:12:44,5100.0,5000.0,1343049.0
254,2021-10-22 10:12:21,5000.0,100.0,1338049.0
255,2021-10-22 10:12:00,5000.0,1000.0,1337949.0
256,2021-10-22 10:11:46,5000.0,2000.0,1336949.0
257,2021-10-22 10:11:09,5000.0,1100.0,1334949.0
258,2021-10-22 10:10:55,5000.0,3000.0,1333849.0
259,2021-10-22 10:09:57,5000.0,1000.0,1330849.0
260,2021-10-22 10:09:06,5000.0,1000.0,1329849.0
261,2021-10-22 10:08:23,5000.0,300.0,1328849.0
262,2021-10-22 10:07:48,5000.0,100.0,1328549.0
263,2021-10-22 10:06:52,5000.0,600.0,1328449.0
264,2021-10-22 10:06:33,5000.0,1000.0,1327849.0
265,2021-10-22 10:06:17,5000.0,200.0,1326849.0
266,2021-10-22 10:05:19,5000.0,5000.0,1326649.0
267,2021-10-22 10:05:06,5000.0,2200.0,1321649.0
268,2021-10-22 10:04:45,5000.0,1300.0,1319449.0
269,2021-10-22 10:04:15,5000.0,400.0,1318149.0
270,2021-10-22 10:03:56,5000.0,1000.0,1317749.0
271,2021-10-22 10:02:32,5000.0,100.0,1316749.0
272,2021-10-22 10:02:23,5000.0,100.0,1316649.0
273,2021-10-22 10:01:43,5000.0,3300.0,1316549.0
274,2021-10-22 10:01:26,5000.0,100.0,1313249.0
275,2021-10-22 10:00:55,5000.0,100.0,1313149.0
276,2021-10-22 09:58:47,5000.0,2900.0,1313049.0
277,2021-10-22 09:58:23,5000.0,60000.0,1310149.0
278,2021-10-22 09:57:39,5000.0,500.0,1250149.0
279,2021-10-22 09:57:24,5000.0,100.0,1249649.0
280,2021-10-22 09:57:22,5000.0,500.0,1249549.0
281,2021-10-22 09:57:06,5000.0,1000.0,1249049.0
282,2021-10-22 09:56:08,4900.0,1000.0,1248049.0
283,2021-10-22 09:55:25,4900.0,100.0,1247049.0
284,2021-10-22 09:55:24,5000.0,2000.0,1246949.0
285,2021-10-22 09:53:51,4900.0,15000.0,1244949.0
286,2021-10-22 09:53:46,4900.0,700.0,1229949.0
287,2021-10-22 09:52:51,4900.0,10000.0,1229249.0
288,2021-10-22 09:52:27,4900.0,1000.0,1219249.0
289,2021-10-22 09:51:46,4900.0,400.0,1218249.0
290,2021-10-22 09:51:43,4900.0,1000.0,1217849.0
291,2021-10-22 09:51:31,4900.0,5000.0,1216849.0
292,2021-10-22 09:51:26,4900.0,300.0,1211849.0
293,2021-10-22 09:51:09,4900.0,100.0,1211549.0
294,2021-10-22 09:50:25,4900.0,2000.0,1211449.0
295,2021-10-22 09:50:19,4900.0,1000.0,1209449.0
296,2021-10-22 09:50:01,5000.0,1200.0,1208449.0
297,2021-10-22 09:49:38,4900.0,400.0,1207249.0
298,2021-10-22 09:49:24,5000.0,100.0,1206849.0
299,2021-10-22 09:49:03,5000.0,100.0,1206749.0
300,2021-10-22 09:48:44,4900.0,10000.0,1206649.0
301,2021-10-22 09:48:39,5000.0,900.0,1196649.0
302,2021-10-22 09:48:02,5000.0,600.0,1195749.0
303,2021-10-22 09:47:58,5000.0,500.0,1195149.0
304,2021-10-22 09:47:45,5000.0,500.0,1194649.0
305,2021-10-22 09:47:37,5000.0,2000.0,1194149.0
306,2021-10-22 09:47:36,5000.0,1000.0,1192149.0
307,2021-10-22 09:47:34,5000.0,100.0,1191149.0
308,2021-10-22 09:47:13,5000.0,2200.0,1191049.0
309,2021-10-22 09:47:10,5000.0,900.0,1188849.0
310,2021-10-22 09:47:08,5000.0,400.0,1187949.0
311,2021-10-22 09:47:06,5000.0,1100.0,1187549.0
312,2021-10-22 09:47:01,5000.0,5500.0,1186449.0
313,2021-10-22 09:46:57,5000.0,1000.0,1180949.0
314,2021-10-22 09:46:46,5000.0,1500.0,1179949.0
315,2021-10-22 09:46:36,5000.0,2000.0,1178449.0
316,2021-10-22 09:46:29,5000.0,5000.0,1176449.0
317,2021-10-22 09:46:23,5000.0,7300.0,1171449.0
318,2021-10-22 09:46:19,5000.0,1000.0,1164149.0
319,2021-10-22 09:46:17,5000.0,28700.0,1163149.0
320,2021-10-22 09:46:12,5000.0,10000.0,1134449.0
321,2021-10-22 09:46:09,5000.0,5800.0,1124449.0
322,2021-10-22 09:46:07,5100.0,1000.0,1118649.0
323,2021-10-22 09:46:04,5000.0,100.0,1117649.0
324,2021-10-22 09:45:59,5000.0,2000.0,1117549.0
325,2021-10-22 09:45:58,5000.0,400.0,1115549.0
326,2021-10-22 09:45:53,5000.0,10500.0,1115149.0
327,2021-10-22 09:45:49,5000.0,8700.0,1104649.0
328,2021-10-22 09:45:46,5000.0,9000.0,1095949.0
329,2021-10-22 09:45:40,5000.0,10000.0,1086949.0
330,2021-10-22 09:45:37,5000.0,5000.0,1076949.0
331,2021-10-22 09:45:24,5000.0,5000.0,1071949.0
332,2021-10-22 09:45:21,5000.0,2600.0,1066949.0
333,2021-10-22 09:45:12,5000.0,10000.0,1064349.0
334,2021-10-22 09:44:59,5000.0,200.0,1054349.0
335,2021-10-22 09:44:54,5000.0,24.0,1054149.0
336,2021-10-22 09:44:37,5000.0,3100.0,1054125.0
337,2021-10-22 09:44:29,5000.0,10000.0,1051025.0
338,2021-10-22 09:44:17,5000.0,1000.0,1041025.0
339,2021-10-22 09:44:14,5000.0,100.0,1040025.0
340,2021-10-22 09:44:07,5000.0,3000.0,1039925.0
341,2021-10-22 09:44:03,5000.0,700.0,1036925.0
342,2021-10-22 09:43:47,5000.0,12300.0,1036225.0
343,2021-10-22 09:43:46,5000.0,1600.0,1023925.0
344,2021-10-22 09:43:29,5000.0,1000.0,1022325.0
345,2021-10-22 09:43:10,5000.0,2000.0,1021325.0
346,2021-10-22 09:42:40,5000.0,10000.0,1019325.0
347,2021-10-22 09:42:38,5000.0,100.0,1009325.0
348,2021-10-22 09:42:35,5000.0,26.0,1009225.0
349,2021-10-22 09:42:15,5000.0,3000.0,1009199.0
350,2021-10-22 09:41:53,5000.0,4000.0,1006199.0
351,2021-10-22 09:41:51,5000.0,20.0,1002199.0
352,2021-10-22 09:41:49,5000.0,1000.0,1002179.0
353,2021-10-22 09:41:47,5000.0,100.0,1001179.0
354,2021-10-22 09:41:44,5000.0,3000.0,1001079.0
355,2021-10-22 09:41:40,5000.0,10000.0,998079.0
356,2021-10-22 09:41:30,5000.0,4000.0,988079.0
357,2021-10-22 09:41:22,5000.0,1000.0,984079.0
358,2021-10-22 09:41:02,5000.0,9900.0,983079.0
359,2021-10-22 09:40:59,5000.0,1000.0,973179.0
360,2021-10-22 09:40:49,5000.0,100.0,972179.0
361,2021-10-22 09:40:38,5000.0,2500.0,972079.0
362,2021-10-22 09:40:11,5000.0,1000.0,969579.0
363,2021-10-22 09:39:38,5000.0,1000.0,968579.0
364,2021-10-22 09:38:18,5000.0,3100.0,967579.0
365,2021-10-22 09:37:24,5100.0,3000.0,964479.0
366,2021-10-22 09:37:14,5100.0,200.0,961479.0
367,2021-10-22 09:37:05,5100.0,700.0,961279.0
368,2021-10-22 09:36:57,5100.0,3000.0,960579.0
369,2021-10-22 09:36:54,5000.0,2000.0,957579.0
370,2021-10-22 09:36:51,5100.0,5000.0,955579.0
371,2021-10-22 09:36:43,5100.0,1000.0,950579.0
372,2021-10-22 09:36:10,5100.0,20000.0,949579.0
373,2021-10-22 09:35:33,5100.0,600.0,929579.0
374,2021-10-22 09:35:13,5100.0,200.0,928979.0
375,2021-10-22 09:34:52,5100.0,21700.0,928779.0
376,2021-10-22 09:34:51,5100.0,1500.0,907079.0
377,2021-10-22 09:34:50,5100.0,200.0,905579.0
378,2021-10-22 09:34:49,5100.0,1300.0,905379.0
379,2021-10-22 09:34:48,5100.0,7000.0,904079.0
380,2021-10-22 09:34:47,5100.0,3000.0,897079.0
381,2021-10-22 09:34:42,5100.0,32500.0,894079.0
382,2021-10-22 09:34:41,5100.0,6000.0,861579.0
383,2021-10-22 09:34:38,5100.0,14200.0,855579.0
384,2021-10-22 09:34:37,5100.0,100.0,841379.0
385,2021-10-22 09:34:35,5100.0,20000.0,841279.0
386,2021-10-22 09:34:34,5100.0,21000.0,821279.0
387,2021-10-22 09:34:33,5100.0,10800.0,800279.0
388,2021-10-22 09:34:26,5100.0,3000.0,789479.0
389,2021-10-22 09:34:20,5100.0,1000.0,786479.0
390,2021-10-22 09:34:18,5100.0,2400.0,785479.0
391,2021-10-22 09:34:17,5100.0,4000.0,783079.0
392,2021-10-22 09:34:13,5100.0,200.0,779079.0
393,2021-10-22 09:34:07,5100.0,18100.0,778879.0
394,2021-10-22 09:34:01,5100.0,40000.0,760779.0
395,2021-10-22 09:33:58,5100.0,800.0,720779.0
396,2021-10-22 09:33:54,5100.0,2000.0,719979.0
397,2021-10-22 09:33:47,5100.0,200.0,717979.0
398,2021-10-22 09:33:39,5100.0,11000.0,717779.0
399,2021-10-22 09:33:31,5100.0,2500.0,706779.0
400,2021-10-22 09:33:29,5100.0,1000.0,704279.0
401,2021-10-22 09:33:22,5100.0,2300.0,703279.0
402,2021-10-22 09:33:17,5100.0,5300.0,700979.0
403,2021-10-22 09:33:05,5100.0,400.0,695679.0
404,2021-10-22 09:33:00,5100.0,300.0,695279.0
405,2021-10-22 09:32:42,5100.0,100.0,694979.0
406,2021-10-22 09:32:36,5100.0,1000.0,694879.0
407,2021-10-22 09:32:02,5100.0,1000.0,693879.0
408,2021-10-22 09:31:56,5100.0,20000.0,692879.0
409,2021-10-22 09:31:30,5200.0,100.0,672879.0
410,2021-10-22 09:31:10,5200.0,1000.0,672779.0
411,2021-10-22 09:31:04,5100.0,500.0,671779.0
412,2021-10-22 09:30:50,5200.0,1000.0,671279.0
413,2021-10-22 09:30:48,5100.0,1000.0,670279.0
414,2021-10-22 09:30:47,5100.0,100.0,669279.0
415,2021-10-22 09:30:29,5100.0,20500.0,669179.0
416,2021-10-22 09:30:26,5200.0,20000.0,648679.0
417,2021-10-22 09:30:01,5200.0,2000.0,628679.0
418,2021-10-22 09:29:13,5200.0,1000.0,626679.0
419,2021-10-22 09:29:03,5100.0,100.0,625679.0
420,2021-10-22 09:28:53,5200.0,2000.0,625579.0
421,2021-10-22 09:28:46,5200.0,200.0,623579.0
422,2021-10-22 09:28:43,5100.0,1500.0,623379.0
423,2021-10-22 09:28:17,5200.0,500.0,621879.0
424,2021-10-22 09:27:59,5200.0,1000.0,621379.0
425,2021-10-22 09:27:36,5200.0,100.0,620379.0
426,2021-10-22 09:27:28,5200.0,100.0,620279.0
427,2021-10-22 09:27:21,5100.0,5000.0,620179.0
428,2021-10-22 09:27:20,5100.0,100.0,615179.0
429,2021-10-22 09:27:07,5100.0,2000.0,615079.0
430,2021-10-22 09:27:04,5200.0,1000.0,613079.0
431,2021-10-22 09:26:52,5100.0,100.0,612079.0
432,2021-10-22 09:26:47,5100.0,3000.0,611979.0
433,2021-10-22 09:26:03,5100.0,2000.0,608979.0
434,2021-10-22 09:25:58,5200.0,500.0,606979.0
435,2021-10-22 09:25:55,5100.0,600.0,606479.0
436,2021-10-22 09:25:29,5100.0,7100.0,605879.0
437,2021-10-22 09:25:20,5200.0,1000.0,598779.0
438,2021-10-22 09:25:09,5100.0,3000.0,597779.0
439,2021-10-22 09:25:02,5200.0,1000.0,594779.0
440,2021-10-22 09:24:44,5200.0,800.0,593779.0
441,2021-10-22 09:24:42,5200.0,300.0,592979.0
442,2021-10-22 09:24:04,5200.0,900.0,592679.0
443,2021-10-22 09:23:59,5200.0,1000.0,591779.0
444,2021-10-22 09:23:53,5200.0,100.0,590779.0
445,2021-10-22 09:23:52,5100.0,400.0,590679.0
446,2021-10-22 09:23:50,5200.0,5700.0,590279.0
447,2021-10-22 09:23:38,5200.0,200.0,584579.0
448,2021-10-22 09:23:36,5100.0,200.0,584379.0
449,2021-10-22 09:23:25,5100.0,1000.0,584179.0
450,2021-10-22 09:23:20,5100.0,1100.0,583179.0
451,2021-10-22 09:23:10,5100.0,2000.0,582079.0
452,2021-10-22 09:22:55,5200.0,200.0,580079.0
453,2021-10-22 09:22:50,5200.0,3700.0,579879.0
454,2021-10-22 09:22:44,5200.0,10000.0,576179.0
455,2021-10-22 09:22:42,5200.0,102.0,566179.0
456,2021-10-22 09:22:31,5200.0,5000.0,566077.0
457,2021-10-22 09:22:17,5200.0,300.0,561077.0
458,2021-10-22 09:22:14,5200.0,1000.0,560777.0
459,2021-10-22 09:22:06,5200.0,3000.0,559777.0
460,2021-10-22 09:21:57,5200.0,5000.0,556777.0
461,2021-10-22 09:21:43,5200.0,3000.0,551777.0
462,2021-10-22 09:21:18,5200.0,80000.0,548777.0
463,2021-10-22 09:21:16,5200.0,2000.0,468777.0
464,2021-10-22 09:21:06,5200.0,5000.0,466777.0
465,2021-10-22 09:21:05,5200.0,600.0,461777.0
466,2021-10-22 09:21:00,5200.0,400.0,461177.0
467,2021-10-22 09:20:39,5200.0,2000.0,460777.0
468,2021-10-22 09:20:35,5100.0,3500.0,458777.0
469,2021-10-22 09:20:30,5200.0,5000.0,455277.0
470,2021-10-22 09:20:26,5100.0,400.0,450277.0
471,2021-10-22 09:20:25,5200.0,3000.0,449877.0
472,2021-10-22 09:20:16,5200.0,1000.0,446877.0
473,2021-10-22 09:20:14,5200.0,2000.0,445877.0
474,2021-10-22 09:20:03,5200.0,100.0,443877.0
475,2021-10-22 09:19:52,5200.0,400.0,443777.0
476,2021-10-22 09:19:50,5100.0,200.0,443377.0
477,2021-10-22 09:19:44,5100.0,5000.0,443177.0
478,2021-10-22 09:19:26,5100.0,5000.0,438177.0
479,2021-10-22 09:19:25,5200.0,2000.0,433177.0
480,2021-10-22 09:19:07,5100.0,1000.0,431177.0
481,2021-10-22 09:18:57,5100.0,500.0,430177.0
482,2021-10-22 09:18:48,5100.0,200.0,429677.0
483,2021-10-22 09:18:26,5100.0,10000.0,429477.0
484,2021-10-22 09:18:19,5100.0,900.0,419477.0
485,2021-10-22 09:18:11,5100.0,100.0,418577.0
486,2021-10-22 09:18:01,5100.0,900.0,418477.0
487,2021-10-22 09:17:45,5100.0,100.0,417577.0
488,2021-10-22 09:17:42,5100.0,100.0,417477.0
489,2021-10-22 09:17:10,5100.0,2000.0,417377.0
490,2021-10-22 09:17:06,5100.0,2200.0,415377.0
491,2021-10-22 09:16:48,5100.0,4300.0,413177.0
492,2021-10-22 09:16:42,5100.0,12000.0,408877.0
493,2021-10-22 09:16:31,5100.0,13900.0,396877.0
494,2021-10-22 09:16:24,5100.0,3000.0,382977.0
495,2021-10-22 09:16:19,5100.0,1000.0,379977.0
496,2021-10-22 09:16:13,5100.0,500.0,378977.0
497,2021-10-22 09:16:10,5100.0,200.0,378477.0
498,2021-10-22 09:16:08,5100.0,900.0,378277.0
499,2021-10-22 09:16:05,5100.0,10500.0,377377.0
500,2021-10-22 09:15:58,5100.0,10000.0,366877.0
501,2021-10-22 09:15:55,5100.0,10000.0,356877.0
502,2021-10-22 09:15:44,5100.0,1000.0,346877.0
503,2021-10-22 09:15:43,5100.0,1000.0,345877.0
504,2021-10-22 09:15:39,5100.0,4900.0,344877.0
505,2021-10-22 09:15:33,5100.0,800.0,339977.0
506,2021-10-22 09:15:29,5100.0,5000.0,339177.0
507,2021-10-22 09:15:26,5100.0,100.0,334177.0
508,2021-10-22 09:15:25,5100.0,900.0,334077.0
509,2021-10-22 09:15:12,5100.0,1600.0,333177.0
510,2021-10-22 09:15:05,5100.0,49200.0,331577.0
511,2021-10-22 09:15:01,5100.0,77.0,282377.0
512,2021-10-22 09:15:00,5100.0,1500.0,282300.0
513,2021-10-22 09:14:40,5100.0,1000.0,280800.0
514,2021-10-22 09:14:39,5100.0,700.0,279800.0
515,2021-10-22 09:14:38,5100.0,100.0,279100.0
516,2021-10-22 09:14:31,5100.0,3000.0,279000.0
517,2021-10-22 09:14:24,5100.0,600.0,276000.0
518,2021-10-22 09:14:21,5100.0,5000.0,275400.0
519,2021-10-22 09:14:17,5100.0,4400.0,270400.0
520,2021-10-22 09:14:08,5100.0,200.0,266000.0
521,2021-10-22 09:13:59,5100.0,1000.0,265800.0
522,2021-10-22 09:13:28,5100.0,1000.0,264800.0
523,2021-10-22 09:12:57,5000.0,3000.0,263800.0
524,2021-10-22 09:12:16,5000.0,2000.0,260800.0
525,2021-10-22 09:11:55,5100.0,500.0,258800.0
526,2021-10-22 09:11:44,5000.0,2000.0,258300.0
527,2021-10-22 09:11:40,5100.0,800.0,256300.0
528,2021-10-22 09:11:25,5100.0,100.0,255500.0
529,2021-10-22 09:11:20,5000.0,300.0,255400.0
530,2021-10-22 09:11:07,5000.0,100.0,255100.0
531,2021-10-22 09:10:58,5100.0,2000.0,255000.0
532,2021-10-22 09:10:36,5100.0,5000.0,253000.0
533,2021-10-22 09:10:32,5100.0,5000.0,248000.0
534,2021-10-22 09:10:07,5100.0,300.0,243000.0
535,2021-10-22 09:10:00,5100.0,300.0,242700.0
536,2021-10-22 09:09:45,5100.0,500.0,242400.0
537,2021-10-22 09:09:44,5100.0,7000.0,241900.0
538,2021-10-22 09:09:43,5100.0,1000.0,234900.0
539,2021-10-22 09:09:39,5100.0,200.0,233900.0
540,2021-10-22 09:09:34,5100.0,100.0,233700.0
541,2021-10-22 09:09:33,5100.0,20400.0,233600.0
542,2021-10-22 09:09:31,5100.0,1000.0,213200.0
543,2021-10-22 09:08:54,5100.0,5000.0,212200.0
544,2021-10-22 09:08:53,5100.0,100.0,207200.0
545,2021-10-22 09:08:48,5100.0,200.0,207100.0
546,2021-10-22 09:08:16,5100.0,100.0,206900.0
547,2021-10-22 09:08:00,5000.0,1000.0,206800.0
548,2021-10-22 09:07:57,5100.0,100.0,205800.0
549,2021-10-22 09:06:55,5000.0,1200.0,205700.0
550,2021-10-22 09:06:26,5000.0,2700.0,204500.0
551,2021-10-22 09:06:21,5000.0,25000.0,201800.0
552,2021-10-22 09:06:20,5000.0,1000.0,176800.0
553,2021-10-22 09:06:09,5000.0,3000.0,175800.0
554,2021-10-22 09:05:50,5000.0,2000.0,172800.0
555,2021-10-22 09:05:37,5000.0,2000.0,170800.0
556,2021-10-22 09:05:34,5000.0,2000.0,168800.0
557,2021-10-22 09:05:28,5000.0,5000.0,166800.0
558,2021-10-22 09:05:20,5000.0,10000.0,161800.0
559,2021-10-22 09:05:19,5000.0,20000.0,151800.0
560,2021-10-22 09:05:13,5000.0,10000.0,131800.0
561,2021-10-22 09:05:06,5000.0,4000.0,121800.0
562,2021-10-22 09:05:05,5000.0,20000.0,117800.0
563,2021-10-22 09:05:01,5000.0,1000.0,97800.0
564,2021-10-22 09:04:52,4900.0,1000.0,96800.0
565,2021-10-22 09:04:41,5000.0,1000.0,95800.0
566,2021-10-22 09:04:37,4900.0,10000.0,94800.0
567,2021-10-22 09:04:03,4900.0,1000.0,84800.0
568,2021-10-22 09:03:54,4900.0,200.0,83800.0
569,2021-10-22 09:02:52,4900.0,4400.0,83600.0
570,2021-10-22 09:02:46,4900.0,6600.0,79200.0
571,2021-10-22 09:02:28,4900.0,2000.0,72600.0
572,2021-10-22 09:02:25,4900.0,1000.0,70600.0
573,2021-10-22 09:02:21,4900.0,1000.0,69600.0
574,2021-10-22 09:02:17,4900.0,15000.0,68600.0
575,2021-10-22 09:02:11,4900.0,500.0,53600.0
576,2021-10-22 09:02:09,4900.0,200.0,53100.0
577,2021-10-22 09:01:58,4900.0,1800.0,52900.0
578,2021-10-22 09:01:28,4900.0,3600.0,51100.0
579,2021-10-22 09:01:26,4800.0,34000.0,47500.0
580,2021-10-22 09:01:18,4800.0,100.0,13500.0
581,2021-10-22 09:00:23,4800.0,100.0,13400.0
582,2021-10-22 09:00:14,4800.0,200.0,13300.0
583,2021-10-22 09:00:05,5000.0,7900.0,13100.0
584,2021-10-22 09:00:04,4800.0,4700.0,5200.0
585,2021-10-22 09:00:03,4800.0,500.0,500.0
