,Time,Price,Volume_per_trade,Volume
0,2021-10-08 14:45:02,49100.0,8700.0,267020.0
1,2021-10-08 14:29:07,49300.0,200.0,258320.0
2,2021-10-08 14:28:39,49300.0,100.0,258120.0
3,2021-10-08 14:28:04,49300.0,600.0,258020.0
4,2021-10-08 14:27:37,49300.0,5000.0,257420.0
5,2021-10-08 14:26:03,49400.0,300.0,252420.0
6,2021-10-08 14:25:52,49400.0,200.0,252120.0
7,2021-10-08 14:25:37,49400.0,1000.0,251920.0
8,2021-10-08 14:24:07,49400.0,300.0,250920.0
9,2021-10-08 14:22:53,49400.0,1000.0,250620.0
10,2021-10-08 14:22:45,49400.0,200.0,249620.0
11,2021-10-08 14:22:31,49400.0,1000.0,249420.0
12,2021-10-08 14:22:26,49400.0,200.0,248420.0
13,2021-10-08 14:20:53,49400.0,500.0,248220.0
14,2021-10-08 14:20:42,49400.0,600.0,247720.0
15,2021-10-08 14:20:06,49400.0,200.0,247120.0
16,2021-10-08 14:19:09,49400.0,500.0,246920.0
17,2021-10-08 14:17:39,49400.0,2000.0,246420.0
18,2021-10-08 14:16:59,49300.0,4900.0,244420.0
19,2021-10-08 14:15:20,49300.0,500.0,239520.0
20,2021-10-08 14:13:56,49100.0,100.0,239020.0
21,2021-10-08 14:12:59,49100.0,1200.0,238920.0
22,2021-10-08 14:12:08,49100.0,1000.0,237720.0
23,2021-10-08 14:08:57,49100.0,900.0,236720.0
24,2021-10-08 14:08:33,49100.0,100.0,235820.0
25,2021-10-08 14:08:31,49100.0,400.0,235720.0
26,2021-10-08 14:08:26,49100.0,300.0,235320.0
27,2021-10-08 14:08:00,49100.0,1700.0,235020.0
28,2021-10-08 14:07:04,49100.0,3300.0,233320.0
29,2021-10-08 14:06:38,49100.0,300.0,230020.0
30,2021-10-08 14:04:37,49100.0,800.0,229720.0
31,2021-10-08 14:04:28,49100.0,1200.0,228920.0
32,2021-10-08 14:04:23,49300.0,100.0,227720.0
33,2021-10-08 14:03:44,49300.0,3600.0,227620.0
34,2021-10-08 14:02:29,49300.0,200.0,224020.0
35,2021-10-08 14:00:02,49300.0,2500.0,223820.0
36,2021-10-08 13:59:44,49300.0,3300.0,221320.0
37,2021-10-08 13:59:08,49300.0,500.0,218020.0
38,2021-10-08 13:57:55,49300.0,3200.0,217520.0
39,2021-10-08 13:57:41,49200.0,600.0,214320.0
40,2021-10-08 13:56:37,49200.0,400.0,213720.0
41,2021-10-08 13:45:18,49400.0,400.0,213320.0
42,2021-10-08 13:43:51,49400.0,500.0,212920.0
43,2021-10-08 13:43:05,49300.0,6500.0,212420.0
44,2021-10-08 13:42:48,49300.0,100.0,205920.0
45,2021-10-08 13:41:52,49300.0,100.0,205820.0
46,2021-10-08 13:41:12,49300.0,3000.0,205720.0
47,2021-10-08 13:38:51,49100.0,600.0,202720.0
48,2021-10-08 13:37:39,49100.0,300.0,202120.0
49,2021-10-08 13:37:38,49100.0,200.0,201820.0
50,2021-10-08 13:36:54,49100.0,500.0,201620.0
51,2021-10-08 13:36:35,49100.0,1300.0,201120.0
52,2021-10-08 13:35:16,49100.0,1000.0,199820.0
53,2021-10-08 13:33:50,49100.0,1100.0,198820.0
54,2021-10-08 13:30:18,49100.0,2500.0,197720.0
55,2021-10-08 13:29:23,49100.0,900.0,195220.0
56,2021-10-08 13:27:07,49300.0,100.0,194320.0
57,2021-10-08 13:26:52,49300.0,100.0,194220.0
58,2021-10-08 13:23:32,49000.0,4000.0,194120.0
59,2021-10-08 13:21:33,49000.0,1000.0,190120.0
60,2021-10-08 13:21:21,49000.0,2000.0,189120.0
61,2021-10-08 13:18:51,49000.0,200.0,187120.0
62,2021-10-08 13:18:44,49000.0,1000.0,186920.0
63,2021-10-08 13:18:27,49000.0,4800.0,185920.0
64,2021-10-08 13:18:25,49000.0,1000.0,181120.0
65,2021-10-08 13:18:17,49000.0,100.0,180120.0
66,2021-10-08 13:17:58,49000.0,100.0,180020.0
67,2021-10-08 13:17:02,49000.0,5800.0,179920.0
68,2021-10-08 13:13:06,49300.0,1000.0,174120.0
69,2021-10-08 13:13:03,49300.0,400.0,173120.0
70,2021-10-08 13:08:43,49300.0,100.0,172720.0
71,2021-10-08 13:05:55,49300.0,1000.0,172620.0
72,2021-10-08 13:04:52,49300.0,2000.0,171620.0
73,2021-10-08 13:03:40,49100.0,100.0,169620.0
74,2021-10-08 13:02:27,49000.0,1000.0,169520.0
75,2021-10-08 13:01:47,49000.0,20.0,168520.0
76,2021-10-08 13:01:31,49000.0,100.0,168500.0
77,2021-10-08 13:00:10,49000.0,500.0,168400.0
78,2021-10-08 13:00:09,49000.0,100.0,167900.0
79,2021-10-08 11:30:02,48800.0,1200.0,167800.0
80,2021-10-08 11:29:04,48800.0,1500.0,166600.0
81,2021-10-08 11:26:35,48800.0,500.0,165100.0
82,2021-10-08 11:26:15,48800.0,900.0,164600.0
83,2021-10-08 11:21:06,48800.0,1000.0,163700.0
84,2021-10-08 11:21:01,48800.0,600.0,162700.0
85,2021-10-08 11:20:55,48800.0,5000.0,162100.0
86,2021-10-08 11:18:16,49000.0,1100.0,157100.0
87,2021-10-08 11:17:41,49000.0,2300.0,156000.0
88,2021-10-08 11:15:55,49000.0,400.0,153700.0
89,2021-10-08 11:14:07,49000.0,5000.0,153300.0
90,2021-10-08 11:11:20,49000.0,500.0,148300.0
91,2021-10-08 11:10:34,49000.0,10000.0,147800.0
92,2021-10-08 11:05:53,49100.0,1000.0,137800.0
93,2021-10-08 11:05:40,49200.0,400.0,136800.0
94,2021-10-08 11:04:39,49200.0,1000.0,136400.0
95,2021-10-08 11:04:01,49300.0,500.0,135400.0
96,2021-10-08 11:03:50,49300.0,100.0,134900.0
97,2021-10-08 11:02:08,49300.0,900.0,134800.0
98,2021-10-08 10:59:37,49300.0,500.0,133900.0
99,2021-10-08 10:58:23,49300.0,600.0,133400.0
100,2021-10-08 10:56:56,49300.0,500.0,132800.0
101,2021-10-08 10:53:33,49300.0,900.0,132300.0
102,2021-10-08 10:49:42,49400.0,500.0,131400.0
103,2021-10-08 10:49:23,49400.0,500.0,130900.0
104,2021-10-08 10:48:10,49400.0,400.0,130400.0
105,2021-10-08 10:42:34,49200.0,200.0,130000.0
106,2021-10-08 10:35:40,49200.0,2300.0,129800.0
107,2021-10-08 10:32:35,49200.0,2200.0,127500.0
108,2021-10-08 10:29:05,49400.0,500.0,125300.0
109,2021-10-08 10:28:06,49400.0,300.0,124800.0
110,2021-10-08 10:26:40,49500.0,1300.0,124500.0
111,2021-10-08 10:25:19,49500.0,200.0,123200.0
112,2021-10-08 10:25:01,49500.0,500.0,123000.0
113,2021-10-08 10:21:23,49500.0,500.0,122500.0
114,2021-10-08 10:21:17,49500.0,100.0,122000.0
115,2021-10-08 10:21:07,49500.0,100.0,121900.0
116,2021-10-08 10:20:52,49500.0,100.0,121800.0
117,2021-10-08 10:18:44,49500.0,200.0,121700.0
118,2021-10-08 10:17:47,49500.0,2800.0,121500.0
119,2021-10-08 10:16:32,49500.0,4400.0,118700.0
120,2021-10-08 10:10:54,49300.0,900.0,114300.0
121,2021-10-08 10:10:12,49300.0,200.0,113400.0
122,2021-10-08 10:04:37,49200.0,100.0,113200.0
123,2021-10-08 10:02:17,49500.0,300.0,113100.0
124,2021-10-08 09:58:26,49500.0,100.0,112800.0
125,2021-10-08 09:56:45,49500.0,1300.0,112700.0
126,2021-10-08 09:56:28,49600.0,1100.0,111400.0
127,2021-10-08 09:53:58,49800.0,2700.0,110300.0
128,2021-10-08 09:53:50,49500.0,500.0,107600.0
129,2021-10-08 09:51:25,49500.0,1000.0,107100.0
130,2021-10-08 09:50:37,49500.0,1000.0,106100.0
131,2021-10-08 09:48:48,49300.0,100.0,105100.0
132,2021-10-08 09:47:39,49300.0,700.0,105000.0
133,2021-10-08 09:47:34,49300.0,700.0,104300.0
134,2021-10-08 09:47:14,49300.0,100.0,103600.0
135,2021-10-08 09:46:45,49000.0,2300.0,103500.0
136,2021-10-08 09:46:20,49000.0,600.0,101200.0
137,2021-10-08 09:45:54,49000.0,600.0,100600.0
138,2021-10-08 09:45:40,48800.0,100.0,100000.0
139,2021-10-08 09:44:48,48800.0,500.0,99900.0
140,2021-10-08 09:44:13,49000.0,400.0,99400.0
141,2021-10-08 09:44:12,49000.0,300.0,99000.0
142,2021-10-08 09:42:42,49000.0,2200.0,98700.0
143,2021-10-08 09:42:36,49000.0,200.0,96500.0
144,2021-10-08 09:42:26,49000.0,1000.0,96300.0
145,2021-10-08 09:42:12,49000.0,200.0,95300.0
146,2021-10-08 09:41:57,49000.0,4300.0,95100.0
147,2021-10-08 09:41:09,49200.0,100.0,90800.0
148,2021-10-08 09:40:53,49200.0,100.0,90700.0
149,2021-10-08 09:40:09,49300.0,200.0,90600.0
150,2021-10-08 09:39:35,49600.0,400.0,90400.0
151,2021-10-08 09:38:52,49600.0,300.0,90000.0
152,2021-10-08 09:38:49,49700.0,200.0,89700.0
153,2021-10-08 09:34:40,49800.0,100.0,89500.0
154,2021-10-08 09:34:32,49800.0,1000.0,89400.0
155,2021-10-08 09:34:29,49800.0,200.0,88400.0
156,2021-10-08 09:34:24,49800.0,1200.0,88200.0
157,2021-10-08 09:34:22,49800.0,500.0,87000.0
158,2021-10-08 09:34:20,49800.0,2000.0,86500.0
159,2021-10-08 09:34:03,49800.0,1000.0,84500.0
160,2021-10-08 09:33:31,49900.0,100.0,83500.0
161,2021-10-08 09:33:29,49900.0,500.0,83400.0
162,2021-10-08 09:33:09,49900.0,200.0,82900.0
163,2021-10-08 09:33:03,49900.0,200.0,82700.0
164,2021-10-08 09:32:38,49900.0,100.0,82500.0
165,2021-10-08 09:32:17,49900.0,13000.0,82400.0
166,2021-10-08 09:31:52,49900.0,100.0,69400.0
167,2021-10-08 09:31:47,50000.0,100.0,69300.0
168,2021-10-08 09:30:26,50000.0,3000.0,69200.0
169,2021-10-08 09:29:23,50000.0,100.0,66200.0
170,2021-10-08 09:28:21,50000.0,100.0,66100.0
171,2021-10-08 09:28:15,50000.0,7000.0,66000.0
172,2021-10-08 09:27:39,50000.0,1700.0,59000.0
173,2021-10-08 09:26:57,50000.0,2000.0,57300.0
174,2021-10-08 09:26:50,50000.0,600.0,55300.0
175,2021-10-08 09:26:34,50000.0,1800.0,54700.0
176,2021-10-08 09:25:22,50000.0,4500.0,52900.0
177,2021-10-08 09:25:00,50000.0,500.0,48400.0
178,2021-10-08 09:24:31,50000.0,4400.0,47900.0
179,2021-10-08 09:24:29,50000.0,2000.0,43500.0
180,2021-10-08 09:24:07,50000.0,1100.0,41500.0
181,2021-10-08 09:24:05,50000.0,2900.0,40400.0
182,2021-10-08 09:23:35,50000.0,1200.0,37500.0
183,2021-10-08 09:23:34,50000.0,2000.0,36300.0
184,2021-10-08 09:23:32,49900.0,300.0,34300.0
185,2021-10-08 09:23:21,50000.0,3700.0,34000.0
186,2021-10-08 09:23:03,49900.0,300.0,30300.0
187,2021-10-08 09:22:45,49900.0,100.0,30000.0
188,2021-10-08 09:22:27,49800.0,100.0,29900.0
189,2021-10-08 09:22:01,49800.0,2000.0,29800.0
190,2021-10-08 09:21:44,49800.0,1000.0,27800.0
191,2021-10-08 09:21:38,49700.0,1000.0,26800.0
192,2021-10-08 09:21:36,49700.0,100.0,25800.0
193,2021-10-08 09:21:30,49700.0,300.0,25700.0
194,2021-10-08 09:21:02,49600.0,100.0,25400.0
195,2021-10-08 09:20:56,49500.0,1400.0,25300.0
196,2021-10-08 09:20:35,49500.0,200.0,23900.0
197,2021-10-08 09:20:20,49500.0,500.0,23700.0
198,2021-10-08 09:19:58,49300.0,300.0,23200.0
199,2021-10-08 09:19:57,49600.0,500.0,22900.0
200,2021-10-08 09:19:33,49300.0,300.0,22400.0
201,2021-10-08 09:19:31,49300.0,700.0,22100.0
202,2021-10-08 09:19:27,49200.0,500.0,21400.0
203,2021-10-08 09:19:19,49300.0,100.0,20900.0
204,2021-10-08 09:18:51,49300.0,100.0,20800.0
205,2021-10-08 09:18:49,49300.0,500.0,20700.0
206,2021-10-08 09:18:37,49200.0,2800.0,20200.0
207,2021-10-08 09:17:19,49000.0,1900.0,17400.0
208,2021-10-08 09:17:07,49000.0,500.0,15500.0
209,2021-10-08 09:17:03,49000.0,500.0,15000.0
210,2021-10-08 09:15:04,49000.0,400.0,14500.0
211,2021-10-08 09:14:14,48500.0,1000.0,14100.0
212,2021-10-08 09:14:01,48600.0,100.0,13100.0
213,2021-10-08 09:11:33,48500.0,100.0,13000.0
214,2021-10-08 09:10:49,48500.0,200.0,12900.0
215,2021-10-08 09:10:36,48500.0,200.0,12700.0
216,2021-10-08 09:10:10,48500.0,1700.0,12500.0
217,2021-10-08 09:10:01,48500.0,700.0,10800.0
218,2021-10-08 09:09:06,48500.0,3700.0,10100.0
219,2021-10-08 09:08:58,48600.0,800.0,6400.0
220,2021-10-08 09:08:49,48600.0,1900.0,5600.0
221,2021-10-08 09:08:16,48800.0,300.0,3700.0
222,2021-10-08 09:08:15,48800.0,300.0,3400.0
223,2021-10-08 09:07:19,48500.0,100.0,3100.0
224,2021-10-08 09:07:13,48500.0,200.0,3000.0
225,2021-10-08 09:07:07,48500.0,200.0,2800.0
226,2021-10-08 09:04:17,48500.0,2200.0,2600.0
227,2021-10-08 09:03:37,48200.0,200.0,400.0
228,2021-10-08 09:02:31,48100.0,200.0,200.0
