,Time,Price,Volume_per_trade,Volume
0,2021-10-06 07:45:01,88600.0,2000.0,1736800.0
1,2021-10-06 07:45:01,88600.0,100.0,1734800.0
2,2021-10-06 07:45:01,88600.0,2000.0,1734700.0
3,2021-10-06 07:45:01,88600.0,300.0,1732700.0
4,2021-10-06 07:45:01,88600.0,100.0,1732400.0
5,2021-10-06 07:45:01,88600.0,4400.0,1732300.0
6,2021-10-06 07:45:01,88600.0,300.0,1727900.0
7,2021-10-06 07:45:01,88600.0,4400.0,1727600.0
8,2021-10-06 07:45:01,88600.0,100.0,1723200.0
9,2021-10-06 07:45:01,88600.0,5000.0,1723100.0
10,2021-10-06 07:45:01,88600.0,3000.0,1718100.0
11,2021-10-06 07:45:01,88600.0,1300.0,1715100.0
12,2021-10-06 07:45:01,88600.0,900.0,1713800.0
13,2021-10-06 07:45:01,88600.0,100.0,1712900.0
14,2021-10-06 07:45:01,88600.0,800.0,1712800.0
15,2021-10-06 07:45:01,88600.0,100.0,1712000.0
16,2021-10-06 07:45:01,88600.0,100.0,1711900.0
17,2021-10-06 07:45:01,88600.0,1000.0,1711800.0
18,2021-10-06 07:45:01,88600.0,2000.0,1710800.0
19,2021-10-06 07:45:01,88600.0,100.0,1708800.0
20,2021-10-06 07:45:01,88600.0,200.0,1708700.0
21,2021-10-06 07:45:01,88600.0,100.0,1708500.0
22,2021-10-06 07:45:01,88600.0,200.0,1708400.0
23,2021-10-06 07:45:01,88600.0,600.0,1708200.0
24,2021-10-06 07:45:01,88600.0,1000.0,1707600.0
25,2021-10-06 07:45:01,88600.0,2000.0,1706600.0
26,2021-10-06 07:45:01,88600.0,900.0,1704600.0
27,2021-10-06 07:45:01,88600.0,100.0,1703700.0
28,2021-10-06 07:45:01,88600.0,1500.0,1703600.0
29,2021-10-06 07:45:01,88600.0,100.0,1702100.0
30,2021-10-06 07:45:01,88600.0,10000.0,1702000.0
31,2021-10-06 07:45:01,88600.0,2000.0,1692000.0
32,2021-10-06 07:45:01,88600.0,600.0,1690000.0
33,2021-10-06 07:45:01,88600.0,1000.0,1689400.0
34,2021-10-06 07:45:01,88600.0,900.0,1688400.0
35,2021-10-06 07:45:01,88600.0,500.0,1687500.0
36,2021-10-06 07:45:01,88600.0,2200.0,1687000.0
37,2021-10-06 07:45:01,88600.0,1100.0,1684800.0
38,2021-10-06 07:45:01,88600.0,4000.0,1683700.0
39,2021-10-06 07:45:01,88600.0,100.0,1679700.0
40,2021-10-06 07:45:01,88600.0,1000.0,1679600.0
41,2021-10-06 07:45:01,88600.0,100.0,1678600.0
42,2021-10-06 07:29:46,88700.0,100.0,1678500.0
43,2021-10-06 07:29:34,88700.0,300.0,1678400.0
44,2021-10-06 07:29:34,88700.0,900.0,1678100.0
45,2021-10-06 07:29:34,88700.0,100.0,1677200.0
46,2021-10-06 07:29:34,88700.0,100.0,1677100.0
47,2021-10-06 07:29:34,88700.0,100.0,1677000.0
48,2021-10-06 07:29:34,88700.0,200.0,1676900.0
49,2021-10-06 07:29:34,88700.0,900.0,1676700.0
50,2021-10-06 07:29:34,88700.0,300.0,1675800.0
51,2021-10-06 07:29:34,88700.0,100.0,1675500.0
52,2021-10-06 07:29:34,88700.0,1500.0,1675400.0
53,2021-10-06 07:29:34,88700.0,100.0,1673900.0
54,2021-10-06 07:29:34,88700.0,300.0,1673800.0
55,2021-10-06 07:29:34,88700.0,200.0,1673500.0
56,2021-10-06 07:29:34,88700.0,1000.0,1673300.0
57,2021-10-06 07:29:34,88700.0,100.0,1672300.0
58,2021-10-06 07:29:34,88700.0,100.0,1672200.0
59,2021-10-06 07:29:34,88700.0,300.0,1672100.0
60,2021-10-06 07:29:25,88700.0,1700.0,1671800.0
61,2021-10-06 07:29:25,88700.0,200.0,1670100.0
62,2021-10-06 07:29:25,88700.0,600.0,1669900.0
63,2021-10-06 07:29:25,88700.0,100.0,1669300.0
64,2021-10-06 07:29:25,88700.0,500.0,1669200.0
65,2021-10-06 07:29:25,88700.0,200.0,1668700.0
66,2021-10-06 07:29:25,88700.0,1000.0,1668500.0
67,2021-10-06 07:29:25,88700.0,1000.0,1667500.0
68,2021-10-06 07:29:25,88700.0,300.0,1666500.0
69,2021-10-06 07:29:25,88700.0,200.0,1666200.0
70,2021-10-06 07:29:25,88700.0,200.0,1666000.0
71,2021-10-06 07:29:17,88600.0,100.0,1665800.0
72,2021-10-06 07:29:17,88600.0,500.0,1665700.0
73,2021-10-06 07:29:02,88600.0,500.0,1665200.0
74,2021-10-06 07:29:01,88600.0,200.0,1664700.0
75,2021-10-06 07:28:38,88600.0,100.0,1664500.0
76,2021-10-06 07:28:37,88600.0,100.0,1664400.0
77,2021-10-06 07:28:34,88600.0,500.0,1664300.0
78,2021-10-06 07:28:33,88600.0,100.0,1663800.0
79,2021-10-06 07:28:30,88600.0,3700.0,1663700.0
80,2021-10-06 07:28:30,88600.0,500.0,1660000.0
81,2021-10-06 07:28:22,88600.0,1000.0,1659500.0
82,2021-10-06 07:28:22,88600.0,100.0,1658500.0
83,2021-10-06 07:28:22,88600.0,1000.0,1658400.0
84,2021-10-06 07:28:22,88600.0,100.0,1657400.0
85,2021-10-06 07:28:14,88600.0,300.0,1657300.0
86,2021-10-06 07:28:14,88600.0,1100.0,1657000.0
87,2021-10-06 07:28:14,88600.0,1400.0,1655900.0
88,2021-10-06 07:28:14,88600.0,100.0,1654500.0
89,2021-10-06 07:28:14,88600.0,100.0,1654400.0
90,2021-10-06 07:28:14,88600.0,100.0,1654300.0
91,2021-10-06 07:28:14,88600.0,100.0,1654200.0
92,2021-10-06 07:28:14,88600.0,1000.0,1654100.0
93,2021-10-06 07:28:14,88600.0,1800.0,1653100.0
94,2021-10-06 07:28:03,88600.0,200.0,1651300.0
95,2021-10-06 07:28:03,88600.0,200.0,1651100.0
96,2021-10-06 07:28:03,88600.0,1000.0,1650900.0
97,2021-10-06 07:28:03,88600.0,6600.0,1649900.0
98,2021-10-06 07:27:48,88500.0,1000.0,1643300.0
99,2021-10-06 07:27:48,88500.0,4200.0,1642300.0
100,2021-10-06 07:27:37,88400.0,1200.0,1638100.0
101,2021-10-06 07:27:30,88500.0,800.0,1636900.0
102,2021-10-06 07:26:59,88400.0,600.0,1636100.0
103,2021-10-06 07:26:38,88400.0,500.0,1635500.0
104,2021-10-06 07:26:23,88400.0,600.0,1635000.0
105,2021-10-06 07:26:23,88400.0,400.0,1634400.0
106,2021-10-06 07:26:23,88400.0,200.0,1634000.0
107,2021-10-06 07:26:23,88400.0,1000.0,1633800.0
108,2021-10-06 07:26:23,88400.0,100.0,1632800.0
109,2021-10-06 07:26:23,88400.0,100.0,1632700.0
110,2021-10-06 07:26:23,88400.0,3000.0,1632600.0
111,2021-10-06 07:26:23,88400.0,100.0,1629600.0
112,2021-10-06 07:26:23,88400.0,1200.0,1629500.0
113,2021-10-06 07:26:23,88400.0,100.0,1628300.0
114,2021-10-06 07:26:23,88400.0,100.0,1628200.0
115,2021-10-06 07:26:23,88400.0,100.0,1628100.0
116,2021-10-06 07:26:23,88400.0,100.0,1628000.0
117,2021-10-06 07:26:23,88400.0,100.0,1627900.0
118,2021-10-06 07:26:23,88400.0,100.0,1627800.0
119,2021-10-06 07:26:23,88400.0,200.0,1627700.0
120,2021-10-06 07:26:23,88400.0,100.0,1627500.0
121,2021-10-06 07:26:23,88400.0,6600.0,1627400.0
122,2021-10-06 07:26:08,88600.0,3400.0,1620800.0
123,2021-10-06 07:26:08,88600.0,600.0,1617400.0
124,2021-10-06 07:26:06,88400.0,1500.0,1616800.0
125,2021-10-06 07:26:03,88400.0,1000.0,1615300.0
126,2021-10-06 07:25:54,88400.0,900.0,1614300.0
127,2021-10-06 07:25:54,88400.0,100.0,1613400.0
128,2021-10-06 07:25:54,88400.0,100.0,1613300.0
129,2021-10-06 07:25:31,88400.0,1000.0,1613200.0
130,2021-10-06 07:25:31,88400.0,100.0,1612200.0
131,2021-10-06 07:25:31,88400.0,200.0,1612100.0
132,2021-10-06 07:25:31,88400.0,700.0,1611900.0
133,2021-10-06 07:25:31,88500.0,500.0,1611200.0
134,2021-10-06 07:25:28,88500.0,400.0,1610700.0
135,2021-10-06 07:25:28,88500.0,400.0,1610300.0
136,2021-10-06 07:25:28,88500.0,100.0,1609900.0
137,2021-10-06 07:25:28,88500.0,7500.0,1609800.0
138,2021-10-06 07:25:27,88500.0,500.0,1602300.0
139,2021-10-06 07:25:16,88500.0,100.0,1601800.0
140,2021-10-06 07:24:39,88500.0,400.0,1601700.0
141,2021-10-06 07:24:39,88500.0,500.0,1601300.0
142,2021-10-06 07:24:39,88500.0,100.0,1600800.0
143,2021-10-06 07:24:39,88500.0,100.0,1600700.0
144,2021-10-06 07:24:39,88500.0,10000.0,1600600.0
145,2021-10-06 07:24:39,88500.0,300.0,1590600.0
146,2021-10-06 07:24:39,88500.0,100.0,1590300.0
147,2021-10-06 07:24:39,88500.0,1000.0,1590200.0
148,2021-10-06 07:24:39,88500.0,100.0,1589200.0
149,2021-10-06 07:24:39,88500.0,4300.0,1589100.0
150,2021-10-06 07:24:32,88500.0,100.0,1584800.0
151,2021-10-06 07:24:24,88600.0,400.0,1584700.0
152,2021-10-06 07:23:46,88500.0,500.0,1584300.0
153,2021-10-06 07:21:44,88600.0,100.0,1583800.0
154,2021-10-06 07:20:54,88600.0,100.0,1583700.0
155,2021-10-06 07:20:49,88600.0,900.0,1583600.0
156,2021-10-06 07:20:49,88600.0,100.0,1582700.0
157,2021-10-06 07:20:44,88600.0,200.0,1582600.0
158,2021-10-06 07:19:53,88600.0,2000.0,1582400.0
159,2021-10-06 07:19:44,88600.0,200.0,1580400.0
160,2021-10-06 07:19:44,88600.0,100.0,1580200.0
161,2021-10-06 07:19:44,88600.0,400.0,1580100.0
162,2021-10-06 07:19:14,88600.0,100.0,1579700.0
163,2021-10-06 07:18:51,88600.0,1000.0,1579600.0
164,2021-10-06 07:18:37,88600.0,300.0,1578600.0
165,2021-10-06 07:18:26,88600.0,100.0,1578300.0
166,2021-10-06 07:18:26,88600.0,100.0,1578200.0
167,2021-10-06 07:18:24,88600.0,800.0,1578100.0
168,2021-10-06 07:18:24,88600.0,2500.0,1577300.0
169,2021-10-06 07:18:24,88600.0,1700.0,1574800.0
170,2021-10-06 07:18:16,88600.0,500.0,1573100.0
171,2021-10-06 07:18:16,88600.0,2000.0,1572600.0
172,2021-10-06 07:18:16,88600.0,300.0,1570600.0
173,2021-10-06 07:18:16,88600.0,1100.0,1570300.0
174,2021-10-06 07:18:16,88600.0,200.0,1569200.0
175,2021-10-06 07:18:16,88600.0,1900.0,1569000.0
176,2021-10-06 07:18:07,88600.0,100.0,1567100.0
177,2021-10-06 07:18:07,88600.0,100.0,1567000.0
178,2021-10-06 07:18:07,88600.0,1000.0,1566900.0
179,2021-10-06 07:18:07,88600.0,100.0,1565900.0
180,2021-10-06 07:18:07,88600.0,1000.0,1565800.0
181,2021-10-06 07:18:07,88600.0,100.0,1564800.0
182,2021-10-06 07:18:07,88600.0,500.0,1564700.0
183,2021-10-06 07:18:07,88600.0,100.0,1564200.0
184,2021-10-06 07:18:07,88600.0,1000.0,1564100.0
185,2021-10-06 07:18:07,88600.0,300.0,1563100.0
186,2021-10-06 07:18:07,88600.0,2000.0,1562800.0
187,2021-10-06 07:18:07,88600.0,200.0,1560800.0
188,2021-10-06 07:18:07,88600.0,200.0,1560600.0
189,2021-10-06 07:18:07,88600.0,300.0,1560400.0
190,2021-10-06 07:17:57,88600.0,200.0,1560100.0
191,2021-10-06 07:17:57,88600.0,1000.0,1559900.0
192,2021-10-06 07:17:57,88600.0,100.0,1558900.0
193,2021-10-06 07:17:57,88600.0,4700.0,1558800.0
194,2021-10-06 07:17:48,88500.0,500.0,1554100.0
195,2021-10-06 07:17:48,88500.0,600.0,1553600.0
196,2021-10-06 07:17:30,88500.0,1000.0,1553000.0
197,2021-10-06 07:17:27,88500.0,100.0,1552000.0
198,2021-10-06 07:17:25,88500.0,400.0,1551900.0
199,2021-10-06 07:17:25,88500.0,600.0,1551500.0
200,2021-10-06 07:17:25,88500.0,700.0,1550900.0
201,2021-10-06 07:17:22,88500.0,300.0,1550200.0
202,2021-10-06 07:17:22,88500.0,200.0,1549900.0
203,2021-10-06 07:17:04,88500.0,500.0,1549700.0
204,2021-10-06 07:16:47,88500.0,100.0,1549200.0
205,2021-10-06 07:16:29,88500.0,200.0,1549100.0
206,2021-10-06 07:16:29,88500.0,100.0,1548900.0
207,2021-10-06 07:16:03,88500.0,100.0,1548800.0
208,2021-10-06 07:15:56,88500.0,1000.0,1548700.0
209,2021-10-06 07:15:42,88500.0,500.0,1547700.0
210,2021-10-06 07:15:22,88500.0,100.0,1547200.0
211,2021-10-06 07:15:22,88500.0,1300.0,1547100.0
212,2021-10-06 07:15:12,88500.0,400.0,1545800.0
213,2021-10-06 07:14:55,88500.0,2000.0,1545400.0
214,2021-10-06 07:14:22,88600.0,300.0,1543400.0
215,2021-10-06 07:14:22,88600.0,100.0,1543100.0
216,2021-10-06 07:14:22,88600.0,5600.0,1543000.0
217,2021-10-06 07:14:13,88600.0,4400.0,1537400.0
218,2021-10-06 07:14:13,88600.0,1600.0,1533000.0
219,2021-10-06 07:14:05,88600.0,7000.0,1531400.0
220,2021-10-06 07:14:02,88500.0,100.0,1524400.0
221,2021-10-06 07:13:55,88500.0,1200.0,1524300.0
222,2021-10-06 07:13:46,88500.0,200.0,1523100.0
223,2021-10-06 07:13:23,88500.0,500.0,1522900.0
224,2021-10-06 07:13:23,88500.0,300.0,1522400.0
225,2021-10-06 07:13:23,88500.0,100.0,1522100.0
226,2021-10-06 07:13:23,88500.0,100.0,1522000.0
227,2021-10-06 07:13:13,88500.0,400.0,1521900.0
228,2021-10-06 07:13:13,88500.0,1200.0,1521500.0
229,2021-10-06 07:12:49,88500.0,500.0,1520300.0
230,2021-10-06 07:12:45,88500.0,700.0,1519800.0
231,2021-10-06 07:12:13,88500.0,300.0,1519100.0
232,2021-10-06 07:12:04,88500.0,100.0,1518800.0
233,2021-10-06 07:12:04,88500.0,200.0,1518700.0
234,2021-10-06 07:12:02,88500.0,500.0,1518500.0
235,2021-10-06 07:11:28,88500.0,500.0,1518000.0
236,2021-10-06 07:11:14,88500.0,100.0,1517500.0
237,2021-10-06 07:11:14,88500.0,300.0,1517400.0
238,2021-10-06 07:11:14,88500.0,200.0,1517100.0
239,2021-10-06 07:09:58,88500.0,200.0,1516900.0
240,2021-10-06 07:09:58,88500.0,100.0,1516700.0
241,2021-10-06 07:09:58,88500.0,800.0,1516600.0
242,2021-10-06 07:09:23,88500.0,1300.0,1515800.0
243,2021-10-06 07:09:23,88500.0,400.0,1514500.0
244,2021-10-06 07:07:57,88500.0,300.0,1514100.0
245,2021-10-06 07:07:23,88500.0,200.0,1513800.0
246,2021-10-06 07:07:23,88500.0,100.0,1513600.0
247,2021-10-06 07:07:17,88500.0,100.0,1513500.0
248,2021-10-06 07:06:40,88500.0,500.0,1513400.0
249,2021-10-06 07:06:36,88500.0,2300.0,1512900.0
250,2021-10-06 07:06:36,88500.0,100.0,1510600.0
251,2021-10-06 07:06:36,88500.0,500.0,1510500.0
252,2021-10-06 07:06:36,88500.0,400.0,1510000.0
253,2021-10-06 07:06:36,88500.0,1700.0,1509600.0
254,2021-10-06 07:05:49,88400.0,400.0,1507900.0
255,2021-10-06 07:05:41,88400.0,100.0,1507500.0
256,2021-10-06 07:05:18,88500.0,200.0,1507400.0
257,2021-10-06 07:05:10,88500.0,100.0,1507200.0
258,2021-10-06 07:05:10,88500.0,200.0,1507100.0
259,2021-10-06 07:05:10,88500.0,100.0,1506900.0
260,2021-10-06 07:05:10,88500.0,100.0,1506800.0
261,2021-10-06 07:05:10,88500.0,500.0,1506700.0
262,2021-10-06 07:03:50,88500.0,100.0,1506200.0
263,2021-10-06 07:03:50,88500.0,300.0,1506100.0
264,2021-10-06 07:03:50,88500.0,600.0,1505800.0
265,2021-10-06 07:03:48,88500.0,400.0,1505200.0
266,2021-10-06 07:03:11,88500.0,4500.0,1504800.0
267,2021-10-06 07:02:28,88500.0,100.0,1500300.0
268,2021-10-06 07:01:44,88400.0,800.0,1500200.0
269,2021-10-06 07:01:44,88400.0,500.0,1499400.0
270,2021-10-06 07:01:42,88500.0,100.0,1498900.0
271,2021-10-06 07:01:33,88500.0,200.0,1498800.0
272,2021-10-06 07:00:57,88500.0,100.0,1498600.0
273,2021-10-06 07:00:54,88600.0,500.0,1498500.0
274,2021-10-06 07:00:47,88500.0,1000.0,1498000.0
275,2021-10-06 07:00:45,88500.0,700.0,1497000.0
276,2021-10-06 07:00:32,88500.0,200.0,1496300.0
277,2021-10-06 07:00:29,88500.0,200.0,1496100.0
278,2021-10-06 07:00:05,88500.0,100.0,1495900.0
279,2021-10-06 06:59:45,88500.0,1000.0,1495800.0
280,2021-10-06 06:59:45,88500.0,500.0,1494800.0
281,2021-10-06 06:59:36,88500.0,3000.0,1494300.0
282,2021-10-06 06:59:03,88600.0,900.0,1491300.0
283,2021-10-06 06:59:03,88600.0,2600.0,1490400.0
284,2021-10-06 06:59:03,88400.0,200.0,1487800.0
285,2021-10-06 06:59:03,88400.0,300.0,1487600.0
286,2021-10-06 06:59:03,88400.0,100.0,1487300.0
287,2021-10-06 06:59:03,88400.0,200.0,1487200.0
288,2021-10-06 06:58:54,88500.0,1100.0,1487000.0
289,2021-10-06 06:58:41,88400.0,300.0,1485900.0
290,2021-10-06 06:58:41,88400.0,100.0,1485600.0
291,2021-10-06 06:58:41,88400.0,300.0,1485500.0
292,2021-10-06 06:58:41,88400.0,400.0,1485200.0
293,2021-10-06 06:58:32,88400.0,900.0,1484800.0
294,2021-10-06 06:58:32,88500.0,100.0,1483900.0
295,2021-10-06 06:58:23,88600.0,2700.0,1483800.0
296,2021-10-06 06:58:23,88500.0,900.0,1481100.0
297,2021-10-06 06:58:15,88500.0,2000.0,1480200.0
298,2021-10-06 06:58:10,88400.0,400.0,1478200.0
299,2021-10-06 06:58:10,88500.0,300.0,1477800.0
300,2021-10-06 06:58:10,88500.0,300.0,1477500.0
301,2021-10-06 06:58:03,88600.0,2900.0,1477200.0
302,2021-10-06 06:58:02,88500.0,700.0,1474300.0
303,2021-10-06 06:58:02,88500.0,100.0,1473600.0
304,2021-10-06 06:58:02,88500.0,400.0,1473500.0
305,2021-10-06 06:57:44,88600.0,100.0,1473100.0
306,2021-10-06 06:57:38,88500.0,100.0,1473000.0
307,2021-10-06 06:57:38,88500.0,600.0,1472900.0
308,2021-10-06 06:57:34,88600.0,1700.0,1472300.0
309,2021-10-06 06:57:34,88600.0,1200.0,1470600.0
310,2021-10-06 06:57:29,88500.0,100.0,1469400.0
311,2021-10-06 06:57:28,88500.0,1000.0,1469300.0
312,2021-10-06 06:57:25,88600.0,3000.0,1468300.0
313,2021-10-06 06:57:17,88500.0,300.0,1465300.0
314,2021-10-06 06:57:12,88500.0,900.0,1465000.0
315,2021-10-06 06:56:58,88500.0,1000.0,1464100.0
316,2021-10-06 06:56:55,88500.0,100.0,1463100.0
317,2021-10-06 06:56:46,88500.0,100.0,1463000.0
318,2021-10-06 06:56:46,88500.0,1000.0,1462900.0
319,2021-10-06 06:56:46,88500.0,100.0,1461900.0
320,2021-10-06 06:56:46,88500.0,1800.0,1461800.0
321,2021-10-06 06:56:07,88500.0,200.0,1460000.0
322,2021-10-06 06:56:07,88500.0,100.0,1459800.0
323,2021-10-06 06:55:20,88400.0,1500.0,1459700.0
324,2021-10-06 06:55:20,88500.0,100.0,1458200.0
325,2021-10-06 06:54:31,88600.0,100.0,1458100.0
326,2021-10-06 06:54:05,88600.0,3000.0,1458000.0
327,2021-10-06 06:53:50,88600.0,2700.0,1455000.0
328,2021-10-06 06:53:50,88600.0,300.0,1452300.0
329,2021-10-06 06:53:42,88600.0,2400.0,1452000.0
330,2021-10-06 06:53:32,88600.0,2600.0,1449600.0
331,2021-10-06 06:53:32,88500.0,400.0,1447000.0
332,2021-10-06 06:53:31,88500.0,600.0,1446600.0
333,2021-10-06 06:53:30,88500.0,1100.0,1446000.0
334,2021-10-06 06:53:23,88500.0,200.0,1444900.0
335,2021-10-06 06:53:06,88500.0,3100.0,1444700.0
336,2021-10-06 06:53:06,88500.0,300.0,1441600.0
337,2021-10-06 06:53:06,88500.0,100.0,1441300.0
338,2021-10-06 06:53:06,88500.0,200.0,1441200.0
339,2021-10-06 06:53:06,88500.0,100.0,1441000.0
340,2021-10-06 06:53:06,88500.0,100.0,1440900.0
341,2021-10-06 06:53:06,88500.0,100.0,1440800.0
342,2021-10-06 06:53:01,88500.0,300.0,1440700.0
343,2021-10-06 06:52:03,88500.0,200.0,1440400.0
344,2021-10-06 06:52:00,88600.0,3400.0,1440200.0
345,2021-10-06 06:51:47,88600.0,1300.0,1436800.0
346,2021-10-06 06:51:47,88600.0,1200.0,1435500.0
347,2021-10-06 06:51:35,88500.0,900.0,1434300.0
348,2021-10-06 06:51:34,88600.0,2800.0,1433400.0
349,2021-10-06 06:51:25,88500.0,500.0,1430600.0
350,2021-10-06 06:51:25,88600.0,1000.0,1430100.0
351,2021-10-06 06:51:25,88600.0,2000.0,1429100.0
352,2021-10-06 06:51:23,88600.0,100.0,1427100.0
353,2021-10-06 06:50:54,88600.0,500.0,1427000.0
354,2021-10-06 06:50:54,88600.0,2000.0,1426500.0
355,2021-10-06 06:50:54,88600.0,400.0,1424500.0
356,2021-10-06 06:50:53,88600.0,300.0,1424100.0
357,2021-10-06 06:50:52,88600.0,1000.0,1423800.0
358,2021-10-06 06:50:51,88600.0,100.0,1422800.0
359,2021-10-06 06:50:07,88600.0,100.0,1422700.0
360,2021-10-06 06:49:12,88600.0,1100.0,1422600.0
361,2021-10-06 06:49:12,88600.0,300.0,1421500.0
362,2021-10-06 06:49:06,88600.0,400.0,1421200.0
363,2021-10-06 06:49:02,88600.0,2300.0,1420800.0
364,2021-10-06 06:49:02,88600.0,2700.0,1418500.0
365,2021-10-06 06:48:45,88600.0,300.0,1415800.0
366,2021-10-06 06:48:27,88600.0,1500.0,1415500.0
367,2021-10-06 06:48:19,88600.0,800.0,1414000.0
368,2021-10-06 06:47:54,88600.0,800.0,1413200.0
369,2021-10-06 06:47:47,88600.0,1300.0,1412400.0
370,2021-10-06 06:47:47,88600.0,400.0,1411100.0
371,2021-10-06 06:47:47,88600.0,200.0,1410700.0
372,2021-10-06 06:47:43,88600.0,600.0,1410500.0
373,2021-10-06 06:47:43,88600.0,300.0,1409900.0
374,2021-10-06 06:47:43,88600.0,100.0,1409600.0
375,2021-10-06 06:47:43,88600.0,2000.0,1409500.0
376,2021-10-06 06:47:40,88600.0,2200.0,1407500.0
377,2021-10-06 06:47:32,88600.0,2200.0,1405300.0
378,2021-10-06 06:47:21,88600.0,1900.0,1403100.0
379,2021-10-06 06:47:11,88600.0,2500.0,1401200.0
380,2021-10-06 06:46:44,88600.0,2900.0,1398700.0
381,2021-10-06 06:46:33,88600.0,2800.0,1395800.0
382,2021-10-06 06:46:25,88600.0,1500.0,1393000.0
383,2021-10-06 06:46:25,88600.0,300.0,1391500.0
384,2021-10-06 06:46:25,88600.0,100.0,1391200.0
385,2021-10-06 06:46:25,88600.0,200.0,1391100.0
386,2021-10-06 06:46:25,88600.0,900.0,1390900.0
387,2021-10-06 06:45:36,88500.0,100.0,1390000.0
388,2021-10-06 06:44:46,88600.0,2300.0,1389900.0
389,2021-10-06 06:44:46,88600.0,200.0,1387600.0
390,2021-10-06 06:44:46,88600.0,100.0,1387400.0
391,2021-10-06 06:44:46,88600.0,100.0,1387300.0
392,2021-10-06 06:44:27,88600.0,100.0,1387200.0
393,2021-10-06 06:43:28,88600.0,100.0,1387100.0
394,2021-10-06 06:43:01,88500.0,600.0,1387000.0
395,2021-10-06 06:43:01,88500.0,200.0,1386400.0
396,2021-10-06 06:43:01,88500.0,1000.0,1386200.0
397,2021-10-06 06:42:40,88500.0,100.0,1385200.0
398,2021-10-06 06:42:29,88500.0,400.0,1385100.0
399,2021-10-06 06:42:21,88500.0,200.0,1384700.0
400,2021-10-06 06:42:21,88500.0,100.0,1384500.0
401,2021-10-06 06:42:20,88500.0,400.0,1384400.0
402,2021-10-06 06:42:20,88500.0,500.0,1384000.0
403,2021-10-06 06:42:10,88500.0,700.0,1383500.0
404,2021-10-06 06:41:58,88500.0,600.0,1382800.0
405,2021-10-06 06:41:46,88500.0,300.0,1382200.0
406,2021-10-06 06:41:46,88500.0,500.0,1381900.0
407,2021-10-06 06:41:39,88500.0,800.0,1381400.0
408,2021-10-06 06:41:27,88500.0,700.0,1380600.0
409,2021-10-06 06:41:27,88500.0,200.0,1379900.0
410,2021-10-06 06:41:01,88500.0,800.0,1379700.0
411,2021-10-06 06:40:54,88500.0,100.0,1378900.0
412,2021-10-06 06:40:43,88500.0,1200.0,1378800.0
413,2021-10-06 06:40:31,88500.0,1300.0,1377600.0
414,2021-10-06 06:40:13,88600.0,100.0,1376300.0
415,2021-10-06 06:39:58,88600.0,1000.0,1376200.0
416,2021-10-06 06:39:48,88600.0,700.0,1375200.0
417,2021-10-06 06:39:36,88600.0,700.0,1374500.0
418,2021-10-06 06:38:51,88600.0,100.0,1373800.0
419,2021-10-06 06:38:33,88600.0,700.0,1373700.0
420,2021-10-06 06:38:33,88600.0,300.0,1373000.0
421,2021-10-06 06:38:33,88600.0,1400.0,1372700.0
422,2021-10-06 06:38:31,88500.0,300.0,1371300.0
423,2021-10-06 06:38:28,88500.0,100.0,1371000.0
424,2021-10-06 06:37:36,88600.0,100.0,1370900.0
425,2021-10-06 06:36:57,88700.0,1900.0,1370800.0
426,2021-10-06 06:36:57,88600.0,100.0,1368900.0
427,2021-10-06 06:36:56,88600.0,800.0,1368800.0
428,2021-10-06 06:36:54,88600.0,200.0,1368000.0
429,2021-10-06 06:36:54,88600.0,1100.0,1367800.0
430,2021-10-06 06:36:20,88600.0,200.0,1366700.0
431,2021-10-06 06:35:57,88600.0,300.0,1366500.0
432,2021-10-06 06:35:49,88600.0,400.0,1366200.0
433,2021-10-06 06:35:40,88600.0,600.0,1365800.0
434,2021-10-06 06:35:39,88600.0,2000.0,1365200.0
435,2021-10-06 06:35:35,88600.0,400.0,1363200.0
436,2021-10-06 06:35:35,88600.0,500.0,1362800.0
437,2021-10-06 06:35:35,88600.0,300.0,1362300.0
438,2021-10-06 06:35:35,88600.0,1200.0,1362000.0
439,2021-10-06 06:35:22,88600.0,2000.0,1360800.0
440,2021-10-06 06:34:15,88600.0,100.0,1358800.0
441,2021-10-06 06:33:39,88600.0,400.0,1358700.0
442,2021-10-06 06:33:18,88600.0,100.0,1358300.0
443,2021-10-06 06:33:18,88600.0,900.0,1358200.0
444,2021-10-06 06:32:32,88600.0,300.0,1357300.0
445,2021-10-06 06:32:10,88600.0,600.0,1357000.0
446,2021-10-06 06:32:10,88700.0,300.0,1356400.0
447,2021-10-06 06:31:58,88700.0,200.0,1356100.0
448,2021-10-06 06:31:58,88700.0,700.0,1355900.0
449,2021-10-06 06:31:51,88700.0,300.0,1355200.0
450,2021-10-06 06:31:51,88700.0,100.0,1354900.0
451,2021-10-06 06:31:51,88700.0,100.0,1354800.0
452,2021-10-06 06:31:51,88700.0,700.0,1354700.0
453,2021-10-06 06:31:51,88700.0,3000.0,1354000.0
454,2021-10-06 06:31:51,88700.0,100.0,1351000.0
455,2021-10-06 06:31:51,88700.0,300.0,1350900.0
456,2021-10-06 06:31:51,88700.0,100.0,1350600.0
457,2021-10-06 06:31:51,88700.0,1100.0,1350500.0
458,2021-10-06 06:31:48,88600.0,1000.0,1349400.0
459,2021-10-06 06:31:11,88700.0,1900.0,1348400.0
460,2021-10-06 06:31:11,88700.0,100.0,1346500.0
461,2021-10-06 06:31:11,88700.0,200.0,1346400.0
462,2021-10-06 06:31:11,88700.0,300.0,1346200.0
463,2021-10-06 06:30:46,88700.0,200.0,1345900.0
464,2021-10-06 06:30:46,88700.0,400.0,1345700.0
465,2021-10-06 06:30:46,88700.0,100.0,1345300.0
466,2021-10-06 06:30:46,88700.0,500.0,1345200.0
467,2021-10-06 06:30:46,88700.0,100.0,1344700.0
468,2021-10-06 06:30:46,88700.0,1200.0,1344600.0
469,2021-10-06 06:30:46,88600.0,200.0,1343400.0
470,2021-10-06 06:30:41,88600.0,200.0,1343200.0
471,2021-10-06 06:30:36,88700.0,100.0,1343000.0
472,2021-10-06 06:30:36,88700.0,2900.0,1342900.0
473,2021-10-06 06:30:28,88600.0,100.0,1340000.0
474,2021-10-06 06:30:23,88600.0,100.0,1339900.0
475,2021-10-06 06:30:23,88600.0,100.0,1339800.0
476,2021-10-06 06:30:23,88600.0,100.0,1339700.0
477,2021-10-06 06:30:23,88600.0,400.0,1339600.0
478,2021-10-06 06:30:03,88400.0,300.0,1339200.0
479,2021-10-06 06:30:03,88400.0,500.0,1338900.0
480,2021-10-06 06:29:28,88400.0,100.0,1338400.0
481,2021-10-06 06:29:28,88600.0,100.0,1338300.0
482,2021-10-06 06:29:01,88300.0,200.0,1338200.0
483,2021-10-06 06:29:01,88400.0,100.0,1338000.0
484,2021-10-06 06:29:01,88400.0,100.0,1337900.0
485,2021-10-06 06:29:01,88400.0,100.0,1337800.0
486,2021-10-06 06:29:01,88400.0,200.0,1337700.0
487,2021-10-06 06:28:50,88400.0,700.0,1337500.0
488,2021-10-06 06:28:40,88400.0,300.0,1336800.0
489,2021-10-06 06:28:40,88400.0,200.0,1336500.0
490,2021-10-06 06:28:40,88400.0,100.0,1336300.0
491,2021-10-06 06:28:40,88400.0,200.0,1336200.0
492,2021-10-06 06:28:37,88600.0,100.0,1336000.0
493,2021-10-06 06:28:21,88600.0,500.0,1335900.0
494,2021-10-06 06:28:14,88600.0,100.0,1335400.0
495,2021-10-06 06:28:00,88400.0,700.0,1335300.0
496,2021-10-06 06:28:00,88500.0,200.0,1334600.0
497,2021-10-06 06:27:57,88600.0,600.0,1334400.0
498,2021-10-06 06:27:52,88600.0,1000.0,1333800.0
499,2021-10-06 06:27:43,88600.0,900.0,1332800.0
500,2021-10-06 06:27:37,88600.0,500.0,1331900.0
501,2021-10-06 06:27:37,88600.0,900.0,1331400.0
502,2021-10-06 06:27:37,88600.0,100.0,1330500.0
503,2021-10-06 06:27:36,88600.0,100.0,1330400.0
504,2021-10-06 06:27:30,88500.0,700.0,1330300.0
505,2021-10-06 06:27:25,88500.0,300.0,1329600.0
506,2021-10-06 06:27:13,88500.0,600.0,1329300.0
507,2021-10-06 06:27:13,88600.0,400.0,1328700.0
508,2021-10-06 06:27:06,88500.0,1000.0,1328300.0
509,2021-10-06 06:27:06,88600.0,200.0,1327300.0
510,2021-10-06 06:27:00,88600.0,100.0,1327100.0
511,2021-10-06 06:27:00,88600.0,100.0,1327000.0
512,2021-10-06 06:26:52,88600.0,200.0,1326900.0
513,2021-10-06 06:26:47,88600.0,1100.0,1326700.0
514,2021-10-06 06:26:45,88600.0,3300.0,1325600.0
515,2021-10-06 06:26:43,88600.0,2000.0,1322300.0
516,2021-10-06 06:26:38,88500.0,1000.0,1320300.0
517,2021-10-06 06:26:34,88500.0,200.0,1319300.0
518,2021-10-06 06:26:09,88400.0,100.0,1319100.0
519,2021-10-06 06:26:09,88600.0,800.0,1319000.0
520,2021-10-06 06:25:59,88600.0,100.0,1318200.0
521,2021-10-06 06:25:47,88600.0,700.0,1318100.0
522,2021-10-06 06:25:38,88600.0,100.0,1317400.0
523,2021-10-06 06:25:36,88600.0,1000.0,1317300.0
524,2021-10-06 06:25:30,88600.0,100.0,1316300.0
525,2021-10-06 06:25:30,88600.0,1100.0,1316200.0
526,2021-10-06 06:25:30,88400.0,1100.0,1315100.0
527,2021-10-06 06:25:23,88400.0,100.0,1314000.0
528,2021-10-06 06:25:23,88400.0,100.0,1313900.0
529,2021-10-06 06:25:23,88400.0,200.0,1313800.0
530,2021-10-06 06:25:23,88400.0,100.0,1313600.0
531,2021-10-06 06:25:23,88400.0,400.0,1313500.0
532,2021-10-06 06:25:23,88400.0,100.0,1313100.0
533,2021-10-06 06:25:23,88400.0,800.0,1313000.0
534,2021-10-06 06:25:17,88400.0,300.0,1312200.0
535,2021-10-06 06:25:14,88400.0,900.0,1311900.0
536,2021-10-06 06:25:14,88400.0,100.0,1311000.0
537,2021-10-06 06:25:14,88400.0,200.0,1310900.0
538,2021-10-06 06:25:12,88600.0,100.0,1310700.0
539,2021-10-06 06:25:12,88600.0,200.0,1310600.0
540,2021-10-06 06:25:12,88600.0,1300.0,1310400.0
541,2021-10-06 06:25:12,88600.0,1000.0,1309100.0
542,2021-10-06 06:25:12,88600.0,100.0,1308100.0
543,2021-10-06 06:25:12,88600.0,300.0,1308000.0
544,2021-10-06 06:25:06,88400.0,200.0,1307700.0
545,2021-10-06 06:25:06,88400.0,500.0,1307500.0
546,2021-10-06 06:24:53,88400.0,500.0,1307000.0
547,2021-10-06 06:24:53,88500.0,700.0,1306500.0
548,2021-10-06 06:24:50,88600.0,200.0,1305800.0
549,2021-10-06 06:24:50,88600.0,2800.0,1305600.0
550,2021-10-06 06:24:46,88500.0,900.0,1302800.0
551,2021-10-06 06:24:46,88500.0,200.0,1301900.0
552,2021-10-06 06:24:35,88500.0,1100.0,1301700.0
553,2021-10-06 06:24:24,88500.0,100.0,1300600.0
554,2021-10-06 06:24:24,88500.0,2000.0,1300500.0
555,2021-10-06 06:24:24,88400.0,500.0,1298500.0
556,2021-10-06 06:24:24,88400.0,100.0,1298000.0
557,2021-10-06 06:24:24,88400.0,600.0,1297900.0
558,2021-10-06 06:24:15,88400.0,200.0,1297300.0
559,2021-10-06 06:24:09,88400.0,200.0,1297100.0
560,2021-10-06 06:24:09,88400.0,300.0,1296900.0
561,2021-10-06 06:24:09,88400.0,100.0,1296600.0
562,2021-10-06 06:24:09,88400.0,500.0,1296500.0
563,2021-10-06 06:24:04,88400.0,300.0,1296000.0
564,2021-10-06 06:24:04,88400.0,700.0,1295700.0
565,2021-10-06 06:23:54,88400.0,700.0,1295000.0
566,2021-10-06 06:23:44,88400.0,1100.0,1294300.0
567,2021-10-06 06:23:34,88400.0,1000.0,1293200.0
568,2021-10-06 06:23:23,88400.0,700.0,1292200.0
569,2021-10-06 06:23:14,88400.0,1100.0,1291500.0
570,2021-10-06 06:23:12,88400.0,300.0,1290400.0
571,2021-10-06 06:23:09,88400.0,200.0,1290100.0
572,2021-10-06 06:23:03,88400.0,800.0,1289900.0
573,2021-10-06 06:22:54,88400.0,1100.0,1289100.0
574,2021-10-06 06:22:44,88400.0,1200.0,1288000.0
575,2021-10-06 06:22:43,88400.0,400.0,1286800.0
576,2021-10-06 06:22:33,88400.0,700.0,1286400.0
577,2021-10-06 06:22:33,88400.0,200.0,1285700.0
578,2021-10-06 06:22:22,88400.0,1000.0,1285500.0
579,2021-10-06 06:22:14,88400.0,1200.0,1284500.0
580,2021-10-06 06:22:13,88400.0,100.0,1283300.0
581,2021-10-06 06:22:03,88400.0,100.0,1283200.0
582,2021-10-06 06:22:03,88400.0,1000.0,1283100.0
583,2021-10-06 06:21:54,88400.0,700.0,1282100.0
584,2021-10-06 06:21:49,88400.0,1000.0,1281400.0
585,2021-10-06 06:21:44,88400.0,1000.0,1280400.0
586,2021-10-06 06:21:34,88400.0,300.0,1279400.0
587,2021-10-06 06:21:33,88400.0,1200.0,1279100.0
588,2021-10-06 06:21:23,88400.0,1100.0,1277900.0
589,2021-10-06 06:21:22,88400.0,800.0,1276800.0
590,2021-10-06 06:21:11,88400.0,300.0,1276000.0
591,2021-10-06 06:21:11,88400.0,100.0,1275700.0
592,2021-10-06 06:21:11,88400.0,500.0,1275600.0
593,2021-10-06 06:21:11,88400.0,100.0,1275100.0
594,2021-10-06 06:21:11,88400.0,200.0,1275000.0
595,2021-10-06 06:21:02,88400.0,800.0,1274800.0
596,2021-10-06 06:21:01,88400.0,1400.0,1274000.0
597,2021-10-06 06:20:44,88400.0,1100.0,1272600.0
598,2021-10-06 06:20:31,88400.0,100.0,1271500.0
599,2021-10-06 06:20:31,88500.0,1100.0,1271400.0
600,2021-10-06 06:20:24,88500.0,800.0,1270300.0
601,2021-10-06 06:20:22,88500.0,100.0,1269500.0
602,2021-10-06 06:20:22,88500.0,300.0,1269400.0
603,2021-10-06 06:20:22,88500.0,700.0,1269100.0
604,2021-10-06 06:20:13,88500.0,3000.0,1268400.0
605,2021-10-06 06:20:10,88400.0,900.0,1265400.0
606,2021-10-06 06:20:10,88400.0,100.0,1264500.0
607,2021-10-06 06:20:04,88500.0,2100.0,1264400.0
608,2021-10-06 06:20:04,88500.0,900.0,1262300.0
609,2021-10-06 06:20:01,88400.0,900.0,1261400.0
610,2021-10-06 06:19:48,88400.0,100.0,1260500.0
611,2021-10-06 06:19:48,88400.0,500.0,1260400.0
612,2021-10-06 06:19:48,88400.0,300.0,1259900.0
613,2021-10-06 06:19:41,88400.0,700.0,1259600.0
614,2021-10-06 06:19:23,88400.0,1200.0,1258900.0
615,2021-10-06 06:19:08,88400.0,700.0,1257700.0
616,2021-10-06 06:19:00,88400.0,900.0,1257000.0
617,2021-10-06 06:18:53,88400.0,300.0,1256100.0
618,2021-10-06 06:18:29,88400.0,600.0,1255800.0
619,2021-10-06 06:18:14,88400.0,300.0,1255200.0
620,2021-10-06 06:18:14,88400.0,300.0,1254900.0
621,2021-10-06 06:18:14,88400.0,100.0,1254600.0
622,2021-10-06 06:18:01,88400.0,1300.0,1254500.0
623,2021-10-06 06:17:45,88500.0,100.0,1253200.0
624,2021-10-06 06:17:30,88500.0,100.0,1253100.0
625,2021-10-06 06:17:30,88500.0,200.0,1253000.0
626,2021-10-06 06:17:30,88500.0,1000.0,1252800.0
627,2021-10-06 06:17:30,88500.0,100.0,1251800.0
628,2021-10-06 06:17:30,88500.0,100.0,1251700.0
629,2021-10-06 06:17:30,88500.0,800.0,1251600.0
630,2021-10-06 06:17:30,88500.0,400.0,1250800.0
631,2021-10-06 06:17:30,88500.0,100.0,1250400.0
632,2021-10-06 06:17:30,88500.0,200.0,1250300.0
633,2021-10-06 06:17:30,88500.0,100.0,1250100.0
634,2021-10-06 06:17:30,88500.0,300.0,1250000.0
635,2021-10-06 06:17:30,88500.0,1000.0,1249700.0
636,2021-10-06 06:17:30,88500.0,200.0,1248700.0
637,2021-10-06 06:17:30,88500.0,100.0,1248500.0
638,2021-10-06 06:17:30,88500.0,300.0,1248400.0
639,2021-10-06 06:17:26,88500.0,800.0,1248100.0
640,2021-10-06 06:17:08,88500.0,200.0,1247300.0
641,2021-10-06 06:16:53,88500.0,1200.0,1247100.0
642,2021-10-06 06:16:45,88500.0,300.0,1245900.0
643,2021-10-06 06:16:39,88500.0,300.0,1245600.0
644,2021-10-06 06:16:33,88500.0,900.0,1245300.0
645,2021-10-06 06:16:25,88500.0,700.0,1244400.0
646,2021-10-06 06:16:25,88600.0,100.0,1243700.0
647,2021-10-06 06:16:17,88500.0,2000.0,1243600.0
648,2021-10-06 06:16:15,88500.0,1000.0,1241600.0
649,2021-10-06 06:16:13,88600.0,2100.0,1240600.0
650,2021-10-06 06:16:13,88600.0,100.0,1238500.0
651,2021-10-06 06:16:13,88600.0,300.0,1238400.0
652,2021-10-06 06:16:08,88600.0,500.0,1238100.0
653,2021-10-06 06:16:06,88500.0,3200.0,1237600.0
654,2021-10-06 06:16:03,88500.0,1200.0,1234400.0
655,2021-10-06 06:16:00,88500.0,100.0,1233200.0
656,2021-10-06 06:15:55,88500.0,1100.0,1233100.0
657,2021-10-06 06:15:43,88500.0,700.0,1232000.0
658,2021-10-06 06:15:29,88500.0,1200.0,1231300.0
659,2021-10-06 06:15:20,88500.0,300.0,1230100.0
660,2021-10-06 06:15:20,88500.0,900.0,1229800.0
661,2021-10-06 06:15:06,88500.0,1100.0,1228900.0
662,2021-10-06 06:14:53,88500.0,300.0,1227800.0
663,2021-10-06 06:14:46,88500.0,900.0,1227500.0
664,2021-10-06 06:14:37,88500.0,300.0,1226600.0
665,2021-10-06 06:14:37,88500.0,900.0,1226300.0
666,2021-10-06 06:14:27,88500.0,100.0,1225400.0
667,2021-10-06 06:14:27,88500.0,100.0,1225300.0
668,2021-10-06 06:14:27,88500.0,100.0,1225200.0
669,2021-10-06 06:14:27,88500.0,400.0,1225100.0
670,2021-10-06 06:14:27,88500.0,200.0,1224700.0
671,2021-10-06 06:14:18,88500.0,200.0,1224500.0
672,2021-10-06 06:14:18,88500.0,100.0,1224300.0
673,2021-10-06 06:14:18,88500.0,200.0,1224200.0
674,2021-10-06 06:14:18,88500.0,400.0,1224000.0
675,2021-10-06 06:14:18,88500.0,100.0,1223600.0
676,2021-10-06 06:14:05,88500.0,700.0,1223500.0
677,2021-10-06 06:13:58,88500.0,200.0,1222800.0
678,2021-10-06 06:13:58,88500.0,100.0,1222600.0
679,2021-10-06 06:13:58,88500.0,500.0,1222500.0
680,2021-10-06 06:13:49,88500.0,1100.0,1222000.0
681,2021-10-06 06:13:21,88500.0,300.0,1220900.0
682,2021-10-06 06:12:36,88600.0,500.0,1220600.0
683,2021-10-06 06:12:24,88600.0,900.0,1220100.0
684,2021-10-06 06:12:24,88600.0,100.0,1219200.0
685,2021-10-06 06:12:24,88600.0,3000.0,1219100.0
686,2021-10-06 06:12:06,88600.0,1300.0,1216100.0
687,2021-10-06 06:11:59,88600.0,1700.0,1214800.0
688,2021-10-06 06:11:59,88600.0,600.0,1213100.0
689,2021-10-06 06:11:30,88600.0,400.0,1212500.0
690,2021-10-06 06:11:30,88600.0,100.0,1212100.0
691,2021-10-06 06:11:30,88600.0,800.0,1212000.0
692,2021-10-06 06:11:10,88600.0,100.0,1211200.0
693,2021-10-06 06:10:21,88600.0,300.0,1211100.0
694,2021-10-06 06:09:49,88600.0,800.0,1210800.0
695,2021-10-06 06:09:49,88600.0,600.0,1210000.0
696,2021-10-06 06:08:47,88600.0,400.0,1209400.0
697,2021-10-06 06:08:27,88600.0,500.0,1209000.0
698,2021-10-06 06:08:13,88600.0,300.0,1208500.0
699,2021-10-06 06:08:08,88600.0,1000.0,1208200.0
700,2021-10-06 06:07:54,88600.0,1000.0,1207200.0
701,2021-10-06 06:07:44,88700.0,400.0,1206200.0
702,2021-10-06 06:07:41,88600.0,700.0,1205800.0
703,2021-10-06 06:07:30,88600.0,1200.0,1205100.0
704,2021-10-06 06:07:24,88600.0,100.0,1203900.0
705,2021-10-06 06:07:21,88600.0,1100.0,1203800.0
706,2021-10-06 06:07:06,88600.0,600.0,1202700.0
707,2021-10-06 06:07:06,88600.0,100.0,1202100.0
708,2021-10-06 06:07:06,88600.0,600.0,1202000.0
709,2021-10-06 06:06:44,88700.0,500.0,1201400.0
710,2021-10-06 06:06:42,88600.0,400.0,1200900.0
711,2021-10-06 06:06:42,88600.0,600.0,1200500.0
712,2021-10-06 06:06:42,88600.0,3000.0,1199900.0
713,2021-10-06 06:06:42,88600.0,1000.0,1196900.0
714,2021-10-06 06:06:08,88600.0,1000.0,1195900.0
715,2021-10-06 06:06:08,88600.0,100.0,1194900.0
716,2021-10-06 06:06:08,88600.0,300.0,1194800.0
717,2021-10-06 06:06:08,88600.0,1000.0,1194500.0
718,2021-10-06 06:06:08,88600.0,1000.0,1193500.0
719,2021-10-06 06:06:08,88600.0,500.0,1192500.0
720,2021-10-06 06:06:08,88600.0,100.0,1192000.0
721,2021-10-06 06:06:05,88700.0,10000.0,1191900.0
722,2021-10-06 06:06:05,88600.0,200.0,1181900.0
723,2021-10-06 06:06:05,88600.0,100.0,1181700.0
724,2021-10-06 06:05:44,88600.0,100.0,1181600.0
725,2021-10-06 06:05:07,88600.0,900.0,1181500.0
726,2021-10-06 06:05:07,88600.0,100.0,1180600.0
727,2021-10-06 06:04:54,88600.0,100.0,1180500.0
728,2021-10-06 06:03:57,88600.0,300.0,1180400.0
729,2021-10-06 06:03:35,88600.0,2000.0,1180100.0
730,2021-10-06 06:02:59,88600.0,2600.0,1178100.0
731,2021-10-06 06:02:59,88600.0,200.0,1175500.0
732,2021-10-06 06:02:59,88600.0,1200.0,1175300.0
733,2021-10-06 06:02:55,88700.0,100.0,1174100.0
734,2021-10-06 06:02:32,88700.0,1100.0,1174000.0
735,2021-10-06 06:01:49,88600.0,300.0,1172900.0
736,2021-10-06 06:00:18,88600.0,700.0,1172600.0
737,2021-10-06 06:00:11,88700.0,200.0,1171900.0
738,2021-10-06 06:00:08,88700.0,100.0,1171700.0
739,2021-10-06 06:00:07,88700.0,100.0,1171600.0
740,2021-10-06 06:00:07,88700.0,100.0,1171500.0
741,2021-10-06 06:00:07,88700.0,100.0,1171400.0
742,2021-10-06 06:00:07,88700.0,500.0,1171300.0
743,2021-10-06 06:00:07,88700.0,100.0,1170800.0
744,2021-10-06 06:00:07,88700.0,400.0,1170700.0
745,2021-10-06 06:00:07,88700.0,3400.0,1170300.0
746,2021-10-06 06:00:03,88700.0,100.0,1166900.0
747,2021-10-06 06:00:03,88700.0,1900.0,1166800.0
748,2021-10-06 06:00:00,88700.0,200.0,1164900.0
749,2021-10-06 06:00:00,88700.0,100.0,1164700.0
750,2021-10-06 04:29:53,88700.0,300.0,1164600.0
751,2021-10-06 04:29:53,88700.0,100.0,1164300.0
752,2021-10-06 04:29:53,88700.0,500.0,1164200.0
753,2021-10-06 04:29:53,88700.0,500.0,1163700.0
754,2021-10-06 04:29:53,88700.0,300.0,1163200.0
755,2021-10-06 04:29:53,88700.0,500.0,1162900.0
756,2021-10-06 04:29:53,88700.0,600.0,1162400.0
757,2021-10-06 04:29:44,88700.0,2800.0,1161800.0
758,2021-10-06 04:29:44,88700.0,2200.0,1159000.0
759,2021-10-06 04:29:36,88700.0,2000.0,1156800.0
760,2021-10-06 04:29:29,88600.0,100.0,1154800.0
761,2021-10-06 04:29:24,88600.0,300.0,1154700.0
762,2021-10-06 04:29:24,88600.0,800.0,1154400.0
763,2021-10-06 04:29:24,88600.0,100.0,1153600.0
764,2021-10-06 04:29:24,88600.0,100.0,1153500.0
765,2021-10-06 04:29:24,88600.0,300.0,1153400.0
766,2021-10-06 04:29:24,88600.0,1100.0,1153100.0
767,2021-10-06 04:28:47,88500.0,2000.0,1152000.0
768,2021-10-06 04:28:31,88600.0,200.0,1150000.0
769,2021-10-06 04:28:15,88500.0,500.0,1149800.0
770,2021-10-06 04:27:32,88500.0,300.0,1149300.0
771,2021-10-06 04:27:31,88500.0,100.0,1149000.0
772,2021-10-06 04:27:25,88600.0,200.0,1148900.0
773,2021-10-06 04:27:00,88600.0,100.0,1148700.0
774,2021-10-06 04:26:50,88600.0,100.0,1148600.0
775,2021-10-06 04:26:03,88600.0,300.0,1148500.0
776,2021-10-06 04:24:51,88600.0,200.0,1148200.0
777,2021-10-06 04:24:46,88600.0,1800.0,1148000.0
778,2021-10-06 04:24:46,88600.0,200.0,1146200.0
779,2021-10-06 04:24:46,88600.0,2000.0,1146000.0
780,2021-10-06 04:24:31,88600.0,400.0,1144000.0
781,2021-10-06 04:23:45,88600.0,200.0,1143600.0
782,2021-10-06 04:23:16,88600.0,300.0,1143400.0
783,2021-10-06 04:23:12,88600.0,700.0,1143100.0
784,2021-10-06 04:22:58,88600.0,400.0,1142400.0
785,2021-10-06 04:22:58,88600.0,100.0,1142000.0
786,2021-10-06 04:22:58,88600.0,100.0,1141900.0
787,2021-10-06 04:22:25,88600.0,100.0,1141800.0
788,2021-10-06 04:22:25,88600.0,100.0,1141700.0
789,2021-10-06 04:22:25,88600.0,100.0,1141600.0
790,2021-10-06 04:22:04,88600.0,200.0,1141500.0
791,2021-10-06 04:22:04,88600.0,100.0,1141300.0
792,2021-10-06 04:22:04,88600.0,200.0,1141200.0
793,2021-10-06 04:22:04,88600.0,900.0,1141000.0
794,2021-10-06 04:21:22,88600.0,100.0,1140100.0
795,2021-10-06 04:21:22,88600.0,100.0,1140000.0
796,2021-10-06 04:21:22,88600.0,100.0,1139900.0
797,2021-10-06 04:21:08,88600.0,100.0,1139800.0
798,2021-10-06 04:21:08,88600.0,200.0,1139700.0
799,2021-10-06 04:21:08,88600.0,100.0,1139500.0
800,2021-10-06 04:21:08,88600.0,200.0,1139400.0
801,2021-10-06 04:21:08,88600.0,200.0,1139200.0
802,2021-10-06 04:21:08,88600.0,100.0,1139000.0
803,2021-10-06 04:21:03,88600.0,100.0,1138900.0
804,2021-10-06 04:21:03,88600.0,500.0,1138800.0
805,2021-10-06 04:19:50,88700.0,100.0,1138300.0
806,2021-10-06 04:18:26,88700.0,700.0,1138200.0
807,2021-10-06 04:18:26,88700.0,1800.0,1137500.0
808,2021-10-06 04:17:39,88700.0,1800.0,1135700.0
809,2021-10-06 04:17:27,88700.0,100.0,1133900.0
810,2021-10-06 04:17:15,88700.0,100.0,1133800.0
811,2021-10-06 04:16:52,88700.0,300.0,1133700.0
812,2021-10-06 04:16:51,88700.0,100.0,1133400.0
813,2021-10-06 04:16:47,88700.0,1600.0,1133300.0
814,2021-10-06 04:16:32,88700.0,600.0,1131700.0
815,2021-10-06 04:16:29,88700.0,100.0,1131100.0
816,2021-10-06 04:16:26,88700.0,200.0,1131000.0
817,2021-10-06 04:16:23,88700.0,1000.0,1130800.0
818,2021-10-06 04:16:22,88700.0,500.0,1129800.0
819,2021-10-06 04:16:13,88700.0,100.0,1129300.0
820,2021-10-06 04:15:37,88700.0,200.0,1129200.0
821,2021-10-06 04:15:28,88700.0,100.0,1129000.0
822,2021-10-06 04:15:28,88700.0,100.0,1128900.0
823,2021-10-06 04:15:28,88700.0,100.0,1128800.0
824,2021-10-06 04:14:44,88600.0,300.0,1128700.0
825,2021-10-06 04:14:21,88600.0,100.0,1128400.0
826,2021-10-06 04:14:21,88600.0,200.0,1128300.0
827,2021-10-06 04:14:08,88700.0,800.0,1128100.0
828,2021-10-06 04:14:08,88700.0,300.0,1127300.0
829,2021-10-06 04:14:08,88700.0,1600.0,1127000.0
830,2021-10-06 04:13:49,88700.0,1400.0,1125400.0
831,2021-10-06 04:13:49,88700.0,600.0,1124000.0
832,2021-10-06 04:13:12,88600.0,300.0,1123400.0
833,2021-10-06 04:13:12,88600.0,100.0,1123100.0
834,2021-10-06 04:13:12,88600.0,100.0,1123000.0
835,2021-10-06 04:13:12,88600.0,600.0,1122900.0
836,2021-10-06 04:11:53,88700.0,100.0,1122300.0
837,2021-10-06 04:11:53,88700.0,300.0,1122200.0
838,2021-10-06 04:11:50,88700.0,100.0,1121900.0
839,2021-10-06 04:11:50,88700.0,800.0,1121800.0
840,2021-10-06 04:11:44,88700.0,1600.0,1121000.0
841,2021-10-06 04:11:32,88700.0,600.0,1119400.0
842,2021-10-06 04:11:32,88700.0,400.0,1118800.0
843,2021-10-06 04:11:06,88700.0,100.0,1118400.0
844,2021-10-06 04:11:05,88700.0,200.0,1118300.0
845,2021-10-06 04:10:36,88700.0,100.0,1118100.0
846,2021-10-06 04:10:28,88700.0,300.0,1118000.0
847,2021-10-06 04:10:18,88700.0,200.0,1117700.0
848,2021-10-06 04:09:48,88700.0,100.0,1117500.0
849,2021-10-06 04:09:37,88700.0,100.0,1117400.0
850,2021-10-06 04:08:41,88700.0,200.0,1117300.0
851,2021-10-06 04:08:11,88800.0,1700.0,1117100.0
852,2021-10-06 04:07:57,88800.0,1200.0,1115400.0
853,2021-10-06 04:07:57,88800.0,100.0,1114200.0
854,2021-10-06 04:07:57,88800.0,600.0,1114100.0
855,2021-10-06 04:07:45,88700.0,500.0,1113500.0
856,2021-10-06 04:07:44,88700.0,500.0,1113000.0
857,2021-10-06 04:07:40,88800.0,1400.0,1112500.0
858,2021-10-06 04:07:40,88800.0,1000.0,1111100.0
859,2021-10-06 04:07:40,88800.0,100.0,1110100.0
860,2021-10-06 04:07:36,88700.0,300.0,1110000.0
861,2021-10-06 04:07:36,88700.0,800.0,1109700.0
862,2021-10-06 04:07:02,88700.0,1500.0,1108900.0
863,2021-10-06 04:06:50,88700.0,1800.0,1107400.0
864,2021-10-06 04:06:27,88700.0,200.0,1105600.0
865,2021-10-06 04:06:18,88700.0,100.0,1105400.0
866,2021-10-06 04:06:18,88700.0,200.0,1105300.0
867,2021-10-06 04:06:12,88700.0,300.0,1105100.0
868,2021-10-06 04:06:11,88700.0,100.0,1104800.0
869,2021-10-06 04:06:02,88700.0,200.0,1104700.0
870,2021-10-06 04:05:35,88700.0,1000.0,1104500.0
871,2021-10-06 04:05:32,88800.0,100.0,1103500.0
872,2021-10-06 04:05:26,88800.0,100.0,1103400.0
873,2021-10-06 04:05:26,88800.0,200.0,1103300.0
874,2021-10-06 04:05:26,88800.0,2200.0,1103100.0
875,2021-10-06 04:05:16,88800.0,2500.0,1100900.0
876,2021-10-06 04:05:06,88700.0,100.0,1098400.0
877,2021-10-06 04:05:01,88700.0,200.0,1098300.0
878,2021-10-06 04:04:56,88700.0,400.0,1098100.0
879,2021-10-06 04:04:53,88700.0,300.0,1097700.0
880,2021-10-06 04:04:51,88800.0,2100.0,1097400.0
881,2021-10-06 04:04:27,88800.0,1800.0,1095300.0
882,2021-10-06 04:04:07,88800.0,1400.0,1093500.0
883,2021-10-06 04:04:07,88800.0,700.0,1092100.0
884,2021-10-06 04:03:52,88800.0,2500.0,1091400.0
885,2021-10-06 04:03:41,88700.0,1300.0,1088900.0
886,2021-10-06 04:03:41,88700.0,500.0,1087600.0
887,2021-10-06 04:03:28,88600.0,100.0,1087100.0
888,2021-10-06 04:03:13,88600.0,100.0,1087000.0
889,2021-10-06 04:03:02,88600.0,2200.0,1086900.0
890,2021-10-06 04:02:49,88700.0,100.0,1084700.0
891,2021-10-06 04:02:49,88700.0,200.0,1084600.0
892,2021-10-06 04:02:49,88700.0,300.0,1084400.0
893,2021-10-06 04:02:49,88700.0,100.0,1084100.0
894,2021-10-06 04:02:49,88700.0,100.0,1084000.0
895,2021-10-06 04:02:49,88700.0,500.0,1083900.0
896,2021-10-06 04:02:49,88700.0,100.0,1083400.0
897,2021-10-06 04:02:49,88700.0,100.0,1083300.0
898,2021-10-06 04:02:49,88700.0,1000.0,1083200.0
899,2021-10-06 04:02:42,88800.0,1000.0,1082200.0
900,2021-10-06 04:02:42,88800.0,100.0,1081200.0
901,2021-10-06 04:02:42,88800.0,100.0,1081100.0
902,2021-10-06 04:02:42,88800.0,300.0,1081000.0
903,2021-10-06 04:02:42,88800.0,300.0,1080700.0
904,2021-10-06 04:02:05,88900.0,100.0,1080400.0
905,2021-10-06 04:01:56,88800.0,300.0,1080300.0
906,2021-10-06 04:01:45,88800.0,500.0,1080000.0
907,2021-10-06 04:01:27,88900.0,100.0,1079500.0
908,2021-10-06 04:01:18,88800.0,400.0,1079400.0
909,2021-10-06 04:01:06,88800.0,2100.0,1079000.0
910,2021-10-06 04:00:19,88800.0,100.0,1076900.0
911,2021-10-06 04:00:12,88800.0,100.0,1076800.0
912,2021-10-06 03:59:48,88800.0,300.0,1076700.0
913,2021-10-06 03:59:31,88800.0,1100.0,1076400.0
914,2021-10-06 03:59:28,88900.0,200.0,1075300.0
915,2021-10-06 03:59:21,88800.0,200.0,1075100.0
916,2021-10-06 03:59:20,88800.0,100.0,1074900.0
917,2021-10-06 03:59:16,88900.0,1100.0,1074800.0
918,2021-10-06 03:59:16,88900.0,900.0,1073700.0
919,2021-10-06 03:59:08,88800.0,700.0,1072800.0
920,2021-10-06 03:58:52,88800.0,300.0,1072100.0
921,2021-10-06 03:57:40,88900.0,100.0,1071800.0
922,2021-10-06 03:57:28,88900.0,100.0,1071700.0
923,2021-10-06 03:56:41,88900.0,100.0,1071600.0
924,2021-10-06 03:56:40,88900.0,400.0,1071500.0
925,2021-10-06 03:56:26,88900.0,200.0,1071100.0
926,2021-10-06 03:56:22,88900.0,300.0,1070900.0
927,2021-10-06 03:56:12,88900.0,700.0,1070600.0
928,2021-10-06 03:56:04,88900.0,100.0,1069900.0
929,2021-10-06 03:55:59,88900.0,200.0,1069800.0
930,2021-10-06 03:55:54,88900.0,100.0,1069600.0
931,2021-10-06 03:55:53,88900.0,300.0,1069500.0
932,2021-10-06 03:55:53,88900.0,100.0,1069200.0
933,2021-10-06 03:55:53,88900.0,300.0,1069100.0
934,2021-10-06 03:55:53,88900.0,200.0,1068800.0
935,2021-10-06 03:55:50,88800.0,300.0,1068600.0
936,2021-10-06 03:55:49,88900.0,100.0,1068300.0
937,2021-10-06 03:55:49,88900.0,400.0,1068200.0
938,2021-10-06 03:55:48,88900.0,900.0,1067800.0
939,2021-10-06 03:55:43,88900.0,400.0,1066900.0
940,2021-10-06 03:55:43,88900.0,500.0,1066500.0
941,2021-10-06 03:55:43,88900.0,1500.0,1066000.0
942,2021-10-06 03:55:15,88900.0,500.0,1064500.0
943,2021-10-06 03:55:15,88900.0,100.0,1064000.0
944,2021-10-06 03:55:15,88900.0,500.0,1063900.0
945,2021-10-06 03:55:15,88900.0,1000.0,1063400.0
946,2021-10-06 03:55:15,88900.0,100.0,1062400.0
947,2021-10-06 03:55:15,88900.0,300.0,1062300.0
948,2021-10-06 03:55:01,88900.0,300.0,1062000.0
949,2021-10-06 03:55:01,88900.0,100.0,1061700.0
950,2021-10-06 03:55:01,88900.0,600.0,1061600.0
951,2021-10-06 03:55:01,88900.0,1000.0,1061000.0
952,2021-10-06 03:55:01,88900.0,100.0,1060000.0
953,2021-10-06 03:55:01,88900.0,400.0,1059900.0
954,2021-10-06 03:54:55,88800.0,600.0,1059500.0
955,2021-10-06 03:54:53,88800.0,100.0,1058900.0
956,2021-10-06 03:54:46,88900.0,100.0,1058800.0
957,2021-10-06 03:54:13,88900.0,1500.0,1058700.0
958,2021-10-06 03:54:13,88900.0,100.0,1057200.0
959,2021-10-06 03:54:13,88900.0,200.0,1057100.0
960,2021-10-06 03:54:13,88900.0,300.0,1056900.0
961,2021-10-06 03:54:13,88900.0,100.0,1056600.0
962,2021-10-06 03:54:13,88900.0,300.0,1056500.0
963,2021-10-06 03:54:04,88900.0,200.0,1056200.0
964,2021-10-06 03:54:04,88900.0,500.0,1056000.0
965,2021-10-06 03:54:04,88900.0,1600.0,1055500.0
966,2021-10-06 03:54:04,88900.0,100.0,1053900.0
967,2021-10-06 03:54:04,88900.0,100.0,1053800.0
968,2021-10-06 03:54:04,88900.0,500.0,1053700.0
969,2021-10-06 03:53:44,88800.0,700.0,1053200.0
970,2021-10-06 03:53:24,88800.0,300.0,1052500.0
971,2021-10-06 03:53:11,88800.0,1000.0,1052200.0
972,2021-10-06 03:53:05,88900.0,500.0,1051200.0
973,2021-10-06 03:53:05,88900.0,100.0,1050700.0
974,2021-10-06 03:53:05,88900.0,100.0,1050600.0
975,2021-10-06 03:53:05,88900.0,1000.0,1050500.0
976,2021-10-06 03:53:05,88900.0,100.0,1049500.0
977,2021-10-06 03:53:05,88900.0,100.0,1049400.0
978,2021-10-06 03:53:05,88900.0,500.0,1049300.0
979,2021-10-06 03:53:05,88900.0,200.0,1048800.0
980,2021-10-06 03:53:05,88900.0,100.0,1048600.0
981,2021-10-06 03:53:05,88900.0,100.0,1048500.0
982,2021-10-06 03:53:05,88900.0,100.0,1048400.0
983,2021-10-06 03:53:05,88900.0,300.0,1048300.0
984,2021-10-06 03:52:57,88800.0,500.0,1048000.0
985,2021-10-06 03:52:54,88900.0,700.0,1047500.0
986,2021-10-06 03:52:54,88900.0,100.0,1046800.0
987,2021-10-06 03:52:54,88900.0,100.0,1046700.0
988,2021-10-06 03:52:54,88900.0,500.0,1046600.0
989,2021-10-06 03:52:54,88900.0,100.0,1046100.0
990,2021-10-06 03:52:54,88900.0,200.0,1046000.0
991,2021-10-06 03:52:54,88900.0,200.0,1045800.0
992,2021-10-06 03:52:54,88900.0,100.0,1045600.0
993,2021-10-06 03:52:54,88900.0,600.0,1045500.0
994,2021-10-06 03:52:54,88900.0,200.0,1044900.0
995,2021-10-06 03:52:45,88900.0,900.0,1044700.0
996,2021-10-06 03:52:45,88900.0,500.0,1043800.0
997,2021-10-06 03:52:45,88900.0,300.0,1043300.0
998,2021-10-06 03:52:45,88900.0,1300.0,1043000.0
999,2021-10-06 03:52:43,88800.0,100.0,1041700.0
1000,2021-10-06 03:52:42,88800.0,100.0,1041600.0
1001,2021-10-06 03:52:22,88800.0,100.0,1041500.0
1002,2021-10-06 03:52:13,88800.0,100.0,1041400.0
1003,2021-10-06 03:52:03,88800.0,700.0,1041300.0
1004,2021-10-06 03:52:03,88800.0,100.0,1040600.0
1005,2021-10-06 03:52:03,88800.0,200.0,1040500.0
1006,2021-10-06 03:51:56,88800.0,100.0,1040300.0
1007,2021-10-06 03:51:55,88800.0,3000.0,1040200.0
1008,2021-10-06 03:51:16,88800.0,300.0,1037200.0
1009,2021-10-06 03:50:53,88800.0,100.0,1036900.0
1010,2021-10-06 03:50:52,88800.0,100.0,1036800.0
1011,2021-10-06 03:50:52,88800.0,200.0,1036700.0
1012,2021-10-06 03:50:43,88800.0,100.0,1036500.0
1013,2021-10-06 03:50:27,88800.0,100.0,1036400.0
1014,2021-10-06 03:50:14,88800.0,100.0,1036300.0
1015,2021-10-06 03:50:14,88800.0,500.0,1036200.0
1016,2021-10-06 03:49:45,88900.0,100.0,1035700.0
1017,2021-10-06 03:49:20,88900.0,1700.0,1035600.0
1018,2021-10-06 03:49:20,88800.0,100.0,1033900.0
1019,2021-10-06 03:49:20,88800.0,1000.0,1033800.0
1020,2021-10-06 03:49:20,88800.0,300.0,1032800.0
1021,2021-10-06 03:49:20,88800.0,700.0,1032500.0
1022,2021-10-06 03:49:01,88800.0,100.0,1031800.0
1023,2021-10-06 03:49:01,88800.0,500.0,1031700.0
1024,2021-10-06 03:49:01,88800.0,1700.0,1031200.0
1025,2021-10-06 03:48:52,88800.0,100.0,1029500.0
1026,2021-10-06 03:48:49,88800.0,100.0,1029400.0
1027,2021-10-06 03:48:05,88800.0,500.0,1029300.0
1028,2021-10-06 03:48:02,88800.0,200.0,1028800.0
1029,2021-10-06 03:47:59,88800.0,1000.0,1028600.0
1030,2021-10-06 03:47:59,88800.0,100.0,1027600.0
1031,2021-10-06 03:47:59,88800.0,300.0,1027500.0
1032,2021-10-06 03:47:49,88800.0,200.0,1027200.0
1033,2021-10-06 03:47:49,88800.0,2800.0,1027000.0
1034,2021-10-06 03:47:39,88800.0,2200.0,1024200.0
1035,2021-10-06 03:47:39,88800.0,300.0,1022000.0
1036,2021-10-06 03:47:25,88700.0,1000.0,1021700.0
1037,2021-10-06 03:47:13,88700.0,1000.0,1020700.0
1038,2021-10-06 03:47:00,88700.0,300.0,1019700.0
1039,2021-10-06 03:46:48,88700.0,100.0,1019400.0
1040,2021-10-06 03:46:41,88800.0,100.0,1019300.0
1041,2021-10-06 03:46:41,88800.0,1000.0,1019200.0
1042,2021-10-06 03:46:41,88800.0,400.0,1018200.0
1043,2021-10-06 03:46:38,88900.0,100.0,1017800.0
1044,2021-10-06 03:46:04,88800.0,100.0,1017700.0
1045,2021-10-06 03:46:01,88900.0,2500.0,1017600.0
1046,2021-10-06 03:45:54,88800.0,1000.0,1015100.0
1047,2021-10-06 03:45:53,88900.0,3000.0,1014100.0
1048,2021-10-06 03:45:42,88900.0,1300.0,1011100.0
1049,2021-10-06 03:45:42,88900.0,100.0,1009800.0
1050,2021-10-06 03:45:42,88900.0,300.0,1009700.0
1051,2021-10-06 03:45:42,88900.0,800.0,1009400.0
1052,2021-10-06 03:45:38,88800.0,500.0,1008600.0
1053,2021-10-06 03:45:35,88800.0,500.0,1008100.0
1054,2021-10-06 03:45:35,88800.0,100.0,1007600.0
1055,2021-10-06 03:45:35,88800.0,2400.0,1007500.0
1056,2021-10-06 03:45:35,88900.0,3000.0,1005100.0
1057,2021-10-06 03:45:34,88800.0,100.0,1002100.0
1058,2021-10-06 03:45:18,88800.0,100.0,1002000.0
1059,2021-10-06 03:45:14,88800.0,200.0,1001900.0
1060,2021-10-06 03:45:11,88800.0,500.0,1001700.0
1061,2021-10-06 03:45:02,88800.0,5000.0,1001200.0
1062,2021-10-06 03:44:52,88800.0,500.0,996200.0
1063,2021-10-06 03:44:52,88800.0,300.0,995700.0
1064,2021-10-06 03:44:49,88800.0,100.0,995400.0
1065,2021-10-06 03:44:34,88800.0,800.0,995300.0
1066,2021-10-06 03:44:34,88800.0,200.0,994500.0
1067,2021-10-06 03:44:24,88800.0,100.0,994300.0
1068,2021-10-06 03:43:54,88800.0,1200.0,994200.0
1069,2021-10-06 03:43:51,88800.0,500.0,993000.0
1070,2021-10-06 03:43:51,88800.0,1500.0,992500.0
1071,2021-10-06 03:43:49,88800.0,1500.0,991000.0
1072,2021-10-06 03:43:49,88800.0,600.0,989500.0
1073,2021-10-06 03:43:37,88800.0,200.0,988900.0
1074,2021-10-06 03:43:37,88800.0,400.0,988700.0
1075,2021-10-06 03:43:03,88800.0,1000.0,988300.0
1076,2021-10-06 03:42:56,88800.0,500.0,987300.0
1077,2021-10-06 03:42:44,88800.0,300.0,986800.0
1078,2021-10-06 03:42:21,88800.0,100.0,986500.0
1079,2021-10-06 03:42:05,88800.0,500.0,986400.0
1080,2021-10-06 03:41:45,88800.0,300.0,985900.0
1081,2021-10-06 03:41:44,88800.0,100.0,985600.0
1082,2021-10-06 03:41:44,88800.0,400.0,985500.0
1083,2021-10-06 03:41:23,88800.0,400.0,985100.0
1084,2021-10-06 03:41:18,88800.0,500.0,984700.0
1085,2021-10-06 03:41:15,88800.0,100.0,984200.0
1086,2021-10-06 03:41:10,88800.0,1300.0,984100.0
1087,2021-10-06 03:41:10,88800.0,100.0,982800.0
1088,2021-10-06 03:41:10,88800.0,100.0,982700.0
1089,2021-10-06 03:41:10,88800.0,100.0,982600.0
1090,2021-10-06 03:40:57,88700.0,600.0,982500.0
1091,2021-10-06 03:40:57,88700.0,700.0,981900.0
1092,2021-10-06 03:40:52,88800.0,100.0,981200.0
1093,2021-10-06 03:40:36,88800.0,100.0,981100.0
1094,2021-10-06 03:40:21,88800.0,200.0,981000.0
1095,2021-10-06 03:40:15,88800.0,100.0,980800.0
1096,2021-10-06 03:39:56,88800.0,400.0,980700.0
1097,2021-10-06 03:39:47,88800.0,600.0,980300.0
1098,2021-10-06 03:39:38,88800.0,100.0,979700.0
1099,2021-10-06 03:39:36,88800.0,300.0,979600.0
1100,2021-10-06 03:39:22,88900.0,1200.0,979300.0
1101,2021-10-06 03:39:22,88900.0,100.0,978100.0
1102,2021-10-06 03:39:22,88900.0,300.0,978000.0
1103,2021-10-06 03:39:22,88900.0,800.0,977700.0
1104,2021-10-06 03:39:14,88800.0,500.0,976900.0
1105,2021-10-06 03:39:03,88900.0,2000.0,976400.0
1106,2021-10-06 03:38:17,88900.0,1200.0,974400.0
1107,2021-10-06 03:38:17,88900.0,1400.0,973200.0
1108,2021-10-06 03:38:06,88900.0,4600.0,971800.0
1109,2021-10-06 03:38:06,88900.0,100.0,967200.0
1110,2021-10-06 03:38:06,88900.0,100.0,967100.0
1111,2021-10-06 03:38:06,88900.0,300.0,967000.0
1112,2021-10-06 03:38:06,88900.0,200.0,966700.0
1113,2021-10-06 03:38:06,88900.0,200.0,966500.0
1114,2021-10-06 03:38:06,88900.0,700.0,966300.0
1115,2021-10-06 03:38:06,88900.0,800.0,965600.0
1116,2021-10-06 03:38:06,88900.0,100.0,964800.0
1117,2021-10-06 03:38:06,88900.0,100.0,964700.0
1118,2021-10-06 03:38:06,88900.0,100.0,964600.0
1119,2021-10-06 03:38:06,88900.0,100.0,964500.0
1120,2021-10-06 03:38:06,88900.0,1000.0,964400.0
1121,2021-10-06 03:38:06,88900.0,100.0,963400.0
1122,2021-10-06 03:38:06,88900.0,100.0,963300.0
1123,2021-10-06 03:38:06,88900.0,200.0,963200.0
1124,2021-10-06 03:38:06,88900.0,100.0,963000.0
1125,2021-10-06 03:38:06,88900.0,100.0,962900.0
1126,2021-10-06 03:38:06,88900.0,800.0,962800.0
1127,2021-10-06 03:38:02,88900.0,400.0,962000.0
1128,2021-10-06 03:38:02,88900.0,300.0,961600.0
1129,2021-10-06 03:38:02,88900.0,1300.0,961300.0
1130,2021-10-06 03:38:02,88900.0,100.0,960000.0
1131,2021-10-06 03:38:02,88900.0,600.0,959900.0
1132,2021-10-06 03:38:02,88900.0,200.0,959300.0
1133,2021-10-06 03:38:02,88900.0,100.0,959100.0
1134,2021-10-06 03:37:53,88900.0,1100.0,959000.0
1135,2021-10-06 03:37:53,88900.0,200.0,957900.0
1136,2021-10-06 03:37:53,88900.0,300.0,957700.0
1137,2021-10-06 03:37:53,88900.0,500.0,957400.0
1138,2021-10-06 03:37:53,88900.0,100.0,956900.0
1139,2021-10-06 03:37:53,88900.0,100.0,956800.0
1140,2021-10-06 03:37:53,88900.0,100.0,956700.0
1141,2021-10-06 03:37:53,88900.0,100.0,956600.0
1142,2021-10-06 03:37:45,88800.0,1000.0,956500.0
1143,2021-10-06 03:37:45,88900.0,100.0,955500.0
1144,2021-10-06 03:37:45,88900.0,100.0,955400.0
1145,2021-10-06 03:37:45,88900.0,100.0,955300.0
1146,2021-10-06 03:37:45,88900.0,300.0,955200.0
1147,2021-10-06 03:37:45,88900.0,300.0,954900.0
1148,2021-10-06 03:37:45,88900.0,200.0,954600.0
1149,2021-10-06 03:37:45,88900.0,100.0,954400.0
1150,2021-10-06 03:37:45,88900.0,100.0,954300.0
1151,2021-10-06 03:37:45,88900.0,1700.0,954200.0
1152,2021-10-06 03:37:27,88900.0,2500.0,952500.0
1153,2021-10-06 03:37:19,88800.0,200.0,950000.0
1154,2021-10-06 03:37:14,88800.0,300.0,949800.0
1155,2021-10-06 03:37:07,88900.0,100.0,949500.0
1156,2021-10-06 03:37:07,88800.0,1000.0,949400.0
1157,2021-10-06 03:36:38,88800.0,100.0,948400.0
1158,2021-10-06 03:36:26,88900.0,1900.0,948300.0
1159,2021-10-06 03:36:26,88900.0,100.0,946400.0
1160,2021-10-06 03:36:26,88900.0,100.0,946300.0
1161,2021-10-06 03:36:26,88900.0,700.0,946200.0
1162,2021-10-06 03:36:26,88900.0,100.0,945500.0
1163,2021-10-06 03:36:26,88900.0,200.0,945400.0
1164,2021-10-06 03:36:26,88900.0,100.0,945200.0
1165,2021-10-06 03:36:26,88900.0,700.0,945100.0
1166,2021-10-06 03:36:26,88800.0,300.0,944400.0
1167,2021-10-06 03:36:14,88800.0,100.0,944100.0
1168,2021-10-06 03:36:14,88800.0,100.0,944000.0
1169,2021-10-06 03:36:02,88800.0,200.0,943900.0
1170,2021-10-06 03:35:58,88800.0,300.0,943700.0
1171,2021-10-06 03:35:54,88900.0,1300.0,943400.0
1172,2021-10-06 03:35:54,88900.0,100.0,942100.0
1173,2021-10-06 03:35:54,88900.0,100.0,942000.0
1174,2021-10-06 03:35:54,88900.0,100.0,941900.0
1175,2021-10-06 03:35:54,88900.0,200.0,941800.0
1176,2021-10-06 03:35:54,88900.0,700.0,941600.0
1177,2021-10-06 03:35:50,88800.0,100.0,940900.0
1178,2021-10-06 03:35:49,88800.0,1300.0,940800.0
1179,2021-10-06 03:35:47,88800.0,500.0,939500.0
1180,2021-10-06 03:35:46,88800.0,500.0,939000.0
1181,2021-10-06 03:35:41,88800.0,100.0,938500.0
1182,2021-10-06 03:35:39,88800.0,100.0,938400.0
1183,2021-10-06 03:35:39,88800.0,300.0,938300.0
1184,2021-10-06 03:35:14,88800.0,100.0,938000.0
1185,2021-10-06 03:35:10,88800.0,200.0,937900.0
1186,2021-10-06 03:35:02,88800.0,100.0,937700.0
1187,2021-10-06 03:35:01,88800.0,100.0,937600.0
1188,2021-10-06 03:35:00,88800.0,500.0,937500.0
1189,2021-10-06 03:34:33,88800.0,1000.0,937000.0
1190,2021-10-06 03:34:12,88800.0,300.0,936000.0
1191,2021-10-06 03:34:03,88800.0,300.0,935700.0
1192,2021-10-06 03:33:58,88900.0,100.0,935400.0
1193,2021-10-06 03:33:40,88900.0,100.0,935300.0
1194,2021-10-06 03:33:40,88900.0,100.0,935200.0
1195,2021-10-06 03:33:40,88900.0,200.0,935100.0
1196,2021-10-06 03:33:40,88900.0,2600.0,934900.0
1197,2021-10-06 03:33:39,88900.0,600.0,932300.0
1198,2021-10-06 03:33:31,88900.0,1700.0,931700.0
1199,2021-10-06 03:33:26,88800.0,300.0,930000.0
1200,2021-10-06 03:33:26,88800.0,700.0,929700.0
1201,2021-10-06 03:33:20,88900.0,2000.0,929000.0
1202,2021-10-06 03:32:58,88800.0,1000.0,927000.0
1203,2021-10-06 03:32:45,88900.0,2500.0,926000.0
1204,2021-10-06 03:32:33,88900.0,3000.0,923500.0
1205,2021-10-06 03:31:50,88900.0,2000.0,920500.0
1206,2021-10-06 03:31:20,88900.0,10000.0,918500.0
1207,2021-10-06 03:30:52,88800.0,600.0,908500.0
1208,2021-10-06 03:30:40,88900.0,2300.0,907900.0
1209,2021-10-06 03:30:31,88900.0,2000.0,905600.0
1210,2021-10-06 03:30:24,88800.0,500.0,903600.0
1211,2021-10-06 03:30:20,88800.0,200.0,903100.0
1212,2021-10-06 03:29:37,88900.0,1300.0,902900.0
1213,2021-10-06 03:29:37,88900.0,700.0,901600.0
1214,2021-10-06 03:29:18,88900.0,2200.0,900900.0
1215,2021-10-06 03:29:18,88800.0,300.0,898700.0
1216,2021-10-06 03:29:17,88800.0,700.0,898400.0
1217,2021-10-06 03:29:09,88900.0,100.0,897700.0
1218,2021-10-06 03:29:09,88900.0,100.0,897600.0
1219,2021-10-06 03:29:09,88900.0,100.0,897500.0
1220,2021-10-06 03:29:09,88900.0,1700.0,897400.0
1221,2021-10-06 03:29:05,88800.0,2000.0,895700.0
1222,2021-10-06 03:28:55,88800.0,200.0,893700.0
1223,2021-10-06 03:28:53,88800.0,100.0,893500.0
1224,2021-10-06 03:28:53,88800.0,200.0,893400.0
1225,2021-10-06 03:28:53,88800.0,700.0,893200.0
1226,2021-10-06 03:28:38,88800.0,200.0,892500.0
1227,2021-10-06 03:28:27,88800.0,2100.0,892300.0
1228,2021-10-06 03:28:25,88700.0,500.0,890200.0
1229,2021-10-06 03:28:20,88800.0,600.0,889700.0
1230,2021-10-06 03:28:16,88800.0,500.0,889100.0
1231,2021-10-06 03:28:16,88800.0,200.0,888600.0
1232,2021-10-06 03:28:16,88800.0,100.0,888400.0
1233,2021-10-06 03:28:16,88800.0,1600.0,888300.0
1234,2021-10-06 03:28:12,88700.0,300.0,886700.0
1235,2021-10-06 03:27:50,88700.0,100.0,886400.0
1236,2021-10-06 03:27:37,88800.0,400.0,886300.0
1237,2021-10-06 03:27:37,88800.0,2000.0,885900.0
1238,2021-10-06 03:27:37,88800.0,100.0,883900.0
1239,2021-10-06 03:27:37,88800.0,100.0,883800.0
1240,2021-10-06 03:27:37,88800.0,400.0,883700.0
1241,2021-10-06 03:26:16,88800.0,100.0,883300.0
1242,2021-10-06 03:26:16,88800.0,200.0,883200.0
1243,2021-10-06 03:26:16,88800.0,100.0,883000.0
1244,2021-10-06 03:26:12,88800.0,700.0,882900.0
1245,2021-10-06 03:26:00,88900.0,200.0,882200.0
1246,2021-10-06 03:26:00,88900.0,100.0,882000.0
1247,2021-10-06 03:26:00,88900.0,100.0,881900.0
1248,2021-10-06 03:26:00,88900.0,100.0,881800.0
1249,2021-10-06 03:26:00,88900.0,100.0,881700.0
1250,2021-10-06 03:26:00,88900.0,200.0,881600.0
1251,2021-10-06 03:26:00,88900.0,100.0,881400.0
1252,2021-10-06 03:26:00,88900.0,100.0,881300.0
1253,2021-10-06 03:26:00,88900.0,500.0,881200.0
1254,2021-10-06 03:26:00,88900.0,100.0,880700.0
1255,2021-10-06 03:26:00,88900.0,200.0,880600.0
1256,2021-10-06 03:26:00,88900.0,1000.0,880400.0
1257,2021-10-06 03:26:00,88900.0,200.0,879400.0
1258,2021-10-06 03:25:50,88800.0,400.0,879200.0
1259,2021-10-06 03:25:50,88800.0,100.0,878800.0
1260,2021-10-06 03:25:47,88900.0,300.0,878700.0
1261,2021-10-06 03:25:47,88900.0,2200.0,878400.0
1262,2021-10-06 03:25:46,88800.0,100.0,876200.0
1263,2021-10-06 03:25:37,88900.0,2800.0,876100.0
1264,2021-10-06 03:25:37,88900.0,200.0,873300.0
1265,2021-10-06 03:25:26,88900.0,100.0,873100.0
1266,2021-10-06 03:25:26,88900.0,100.0,873000.0
1267,2021-10-06 03:25:26,88900.0,900.0,872900.0
1268,2021-10-06 03:25:26,88900.0,300.0,872000.0
1269,2021-10-06 03:25:26,88900.0,100.0,871700.0
1270,2021-10-06 03:25:26,88900.0,200.0,871600.0
1271,2021-10-06 03:25:26,88900.0,100.0,871400.0
1272,2021-10-06 03:25:26,88900.0,200.0,871300.0
1273,2021-10-06 03:25:14,88800.0,1500.0,871100.0
1274,2021-10-06 03:25:07,88800.0,200.0,869600.0
1275,2021-10-06 03:24:41,88800.0,100.0,869400.0
1276,2021-10-06 03:24:32,88900.0,2000.0,869300.0
1277,2021-10-06 03:24:30,88800.0,100.0,867300.0
1278,2021-10-06 03:24:27,88800.0,200.0,867200.0
1279,2021-10-06 03:24:12,88800.0,200.0,867000.0
1280,2021-10-06 03:24:07,88800.0,200.0,866800.0
1281,2021-10-06 03:24:04,88800.0,1000.0,866600.0
1282,2021-10-06 03:24:04,88800.0,1000.0,865600.0
1283,2021-10-06 03:24:04,88800.0,300.0,864600.0
1284,2021-10-06 03:23:51,88800.0,1700.0,864300.0
1285,2021-10-06 03:23:51,88800.0,300.0,862600.0
1286,2021-10-06 03:23:46,88800.0,100.0,862300.0
1287,2021-10-06 03:23:46,88800.0,300.0,862200.0
1288,2021-10-06 03:23:41,88900.0,2500.0,861900.0
1289,2021-10-06 03:23:35,88800.0,700.0,859400.0
1290,2021-10-06 03:23:32,88800.0,300.0,858700.0
1291,2021-10-06 03:23:30,88800.0,100.0,858400.0
1292,2021-10-06 03:23:30,88800.0,600.0,858300.0
1293,2021-10-06 03:23:28,88800.0,100.0,857700.0
1294,2021-10-06 03:23:21,88800.0,1400.0,857600.0
1295,2021-10-06 03:23:21,88800.0,1000.0,856200.0
1296,2021-10-06 03:23:21,88800.0,600.0,855200.0
1297,2021-10-06 03:22:59,88800.0,400.0,854600.0
1298,2021-10-06 03:22:59,88800.0,200.0,854200.0
1299,2021-10-06 03:22:59,88800.0,200.0,854000.0
1300,2021-10-06 03:22:59,88800.0,100.0,853800.0
1301,2021-10-06 03:22:59,88800.0,200.0,853700.0
1302,2021-10-06 03:22:59,88800.0,3200.0,853500.0
1303,2021-10-06 03:22:39,88800.0,200.0,850300.0
1304,2021-10-06 03:22:39,88800.0,300.0,850100.0
1305,2021-10-06 03:22:39,88800.0,300.0,849800.0
1306,2021-10-06 03:22:39,88800.0,1300.0,849500.0
1307,2021-10-06 03:22:39,88800.0,100.0,848200.0
1308,2021-10-06 03:22:39,88800.0,300.0,848100.0
1309,2021-10-06 03:22:39,88800.0,100.0,847800.0
1310,2021-10-06 03:22:29,88800.0,100.0,847700.0
1311,2021-10-06 03:22:29,88800.0,500.0,847600.0
1312,2021-10-06 03:22:29,88800.0,100.0,847100.0
1313,2021-10-06 03:22:29,88800.0,100.0,847000.0
1314,2021-10-06 03:22:29,88800.0,100.0,846900.0
1315,2021-10-06 03:22:29,88800.0,1000.0,846800.0
1316,2021-10-06 03:22:29,88800.0,100.0,845800.0
1317,2021-10-06 03:22:29,88800.0,500.0,845700.0
1318,2021-10-06 03:22:29,88800.0,100.0,845200.0
1319,2021-10-06 03:22:29,88800.0,300.0,845100.0
1320,2021-10-06 03:22:28,88700.0,100.0,844800.0
1321,2021-10-06 03:22:26,88800.0,100.0,844700.0
1322,2021-10-06 03:22:14,88800.0,1100.0,844600.0
1323,2021-10-06 03:22:14,88800.0,700.0,843500.0
1324,2021-10-06 03:22:14,88800.0,500.0,842800.0
1325,2021-10-06 03:21:58,88800.0,2000.0,842300.0
1326,2021-10-06 03:21:29,88800.0,100.0,840300.0
1327,2021-10-06 03:21:29,88800.0,400.0,840200.0
1328,2021-10-06 03:21:29,88800.0,200.0,839800.0
1329,2021-10-06 03:21:29,88800.0,300.0,839600.0
1330,2021-10-06 03:21:29,88800.0,1000.0,839300.0
1331,2021-10-06 03:21:29,88800.0,200.0,838300.0
1332,2021-10-06 03:21:29,88800.0,100.0,838100.0
1333,2021-10-06 03:21:27,88800.0,300.0,838000.0
1334,2021-10-06 03:21:20,88800.0,200.0,837700.0
1335,2021-10-06 03:21:18,88800.0,600.0,837500.0
1336,2021-10-06 03:21:18,88800.0,500.0,836900.0
1337,2021-10-06 03:21:18,88800.0,100.0,836400.0
1338,2021-10-06 03:21:18,88800.0,100.0,836300.0
1339,2021-10-06 03:21:18,88800.0,200.0,836200.0
1340,2021-10-06 03:20:55,88700.0,1300.0,836000.0
1341,2021-10-06 03:20:49,88800.0,2100.0,834700.0
1342,2021-10-06 03:20:36,88800.0,700.0,832600.0
1343,2021-10-06 03:20:36,88800.0,500.0,831900.0
1344,2021-10-06 03:20:36,88800.0,500.0,831400.0
1345,2021-10-06 03:20:36,88800.0,400.0,830900.0
1346,2021-10-06 03:20:30,88700.0,400.0,830500.0
1347,2021-10-06 03:20:09,88700.0,100.0,830100.0
1348,2021-10-06 03:20:09,88700.0,1800.0,830000.0
1349,2021-10-06 03:19:52,88800.0,600.0,828200.0
1350,2021-10-06 03:19:52,88800.0,100.0,827600.0
1351,2021-10-06 03:19:52,88800.0,1100.0,827500.0
1352,2021-10-06 03:19:41,88800.0,800.0,826400.0
1353,2021-10-06 03:19:41,88800.0,1000.0,825600.0
1354,2021-10-06 03:19:41,88800.0,100.0,824600.0
1355,2021-10-06 03:19:29,88800.0,900.0,824500.0
1356,2021-10-06 03:19:29,88800.0,1000.0,823600.0
1357,2021-10-06 03:19:29,88800.0,100.0,822600.0
1358,2021-10-06 03:19:19,88700.0,300.0,822500.0
1359,2021-10-06 03:19:19,88700.0,400.0,822200.0
1360,2021-10-06 03:19:19,88700.0,100.0,821800.0
1361,2021-10-06 03:19:19,88700.0,100.0,821700.0
1362,2021-10-06 03:19:19,88700.0,300.0,821600.0
1363,2021-10-06 03:19:07,88700.0,200.0,821300.0
1364,2021-10-06 03:19:07,88700.0,100.0,821100.0
1365,2021-10-06 03:19:07,88700.0,700.0,821000.0
1366,2021-10-06 03:19:07,88700.0,1000.0,820300.0
1367,2021-10-06 03:19:07,88700.0,300.0,819300.0
1368,2021-10-06 03:19:07,88700.0,100.0,819000.0
1369,2021-10-06 03:19:07,88700.0,100.0,818900.0
1370,2021-10-06 03:18:54,88700.0,1000.0,818800.0
1371,2021-10-06 03:18:54,88700.0,100.0,817800.0
1372,2021-10-06 03:18:54,88700.0,1000.0,817700.0
1373,2021-10-06 03:18:54,88700.0,300.0,816700.0
1374,2021-10-06 03:18:54,88700.0,300.0,816400.0
1375,2021-10-06 03:18:45,88700.0,2500.0,816100.0
1376,2021-10-06 03:18:34,88700.0,3000.0,813600.0
1377,2021-10-06 03:18:21,88700.0,2500.0,810600.0
1378,2021-10-06 03:18:11,88600.0,800.0,808100.0
1379,2021-10-06 03:18:09,88700.0,1800.0,807300.0
1380,2021-10-06 03:18:09,88700.0,300.0,805500.0
1381,2021-10-06 03:18:09,88700.0,100.0,805200.0
1382,2021-10-06 03:18:09,88700.0,100.0,805100.0
1383,2021-10-06 03:17:52,88700.0,2000.0,805000.0
1384,2021-10-06 03:17:28,88700.0,100.0,803000.0
1385,2021-10-06 03:17:23,88600.0,200.0,802900.0
1386,2021-10-06 03:17:20,88700.0,2000.0,802700.0
1387,2021-10-06 03:17:12,88600.0,300.0,800700.0
1388,2021-10-06 03:17:12,88600.0,400.0,800400.0
1389,2021-10-06 03:17:12,88600.0,400.0,800000.0
1390,2021-10-06 03:17:12,88600.0,100.0,799600.0
1391,2021-10-06 03:17:12,88600.0,800.0,799500.0
1392,2021-10-06 03:17:09,88500.0,200.0,798700.0
1393,2021-10-06 03:16:14,88600.0,100.0,798500.0
1394,2021-10-06 03:16:00,88600.0,100.0,798400.0
1395,2021-10-06 03:15:45,88400.0,2600.0,798300.0
1396,2021-10-06 03:15:45,88400.0,2100.0,795700.0
1397,2021-10-06 03:15:45,88500.0,500.0,793600.0
1398,2021-10-06 03:15:45,88500.0,2200.0,793100.0
1399,2021-10-06 03:15:45,88600.0,600.0,790900.0
1400,2021-10-06 03:15:35,88600.0,100.0,790300.0
1401,2021-10-06 03:15:16,88600.0,1300.0,790200.0
1402,2021-10-06 03:15:00,88600.0,100.0,788900.0
1403,2021-10-06 03:14:01,88700.0,500.0,788800.0
1404,2021-10-06 03:13:52,88700.0,100.0,788300.0
1405,2021-10-06 03:13:48,88500.0,2800.0,788200.0
1406,2021-10-06 03:13:48,88500.0,100.0,785400.0
1407,2021-10-06 03:13:48,88500.0,200.0,785300.0
1408,2021-10-06 03:13:48,88600.0,4900.0,785100.0
1409,2021-10-06 03:13:12,88700.0,200.0,780200.0
1410,2021-10-06 03:13:12,88700.0,1000.0,780000.0
1411,2021-10-06 03:13:12,88700.0,500.0,779000.0
1412,2021-10-06 03:13:12,88700.0,100.0,778500.0
1413,2021-10-06 03:13:12,88700.0,500.0,778400.0
1414,2021-10-06 03:13:12,88700.0,100.0,777900.0
1415,2021-10-06 03:13:12,88700.0,100.0,777800.0
1416,2021-10-06 03:13:12,88700.0,1500.0,777700.0
1417,2021-10-06 03:12:59,88600.0,100.0,776200.0
1418,2021-10-06 03:12:39,88700.0,2000.0,776100.0
1419,2021-10-06 03:12:37,88400.0,900.0,774100.0
1420,2021-10-06 03:12:37,88400.0,700.0,773200.0
1421,2021-10-06 03:12:37,88500.0,100.0,772500.0
1422,2021-10-06 03:12:37,88500.0,100.0,772400.0
1423,2021-10-06 03:12:37,88500.0,100.0,772300.0
1424,2021-10-06 03:12:37,88500.0,400.0,772200.0
1425,2021-10-06 03:12:37,88500.0,100.0,771800.0
1426,2021-10-06 03:12:37,88500.0,100.0,771700.0
1427,2021-10-06 03:12:37,88500.0,100.0,771600.0
1428,2021-10-06 03:12:37,88500.0,300.0,771500.0
1429,2021-10-06 03:12:37,88500.0,3100.0,771200.0
1430,2021-10-06 03:12:37,88600.0,2000.0,768100.0
1431,2021-10-06 03:12:31,88700.0,1200.0,766100.0
1432,2021-10-06 03:12:31,88700.0,100.0,764900.0
1433,2021-10-06 03:12:31,88700.0,100.0,764800.0
1434,2021-10-06 03:12:31,88700.0,500.0,764700.0
1435,2021-10-06 03:12:31,88700.0,500.0,764200.0
1436,2021-10-06 03:12:31,88700.0,100.0,763700.0
1437,2021-10-06 03:12:31,88700.0,100.0,763600.0
1438,2021-10-06 03:12:31,88700.0,100.0,763500.0
1439,2021-10-06 03:12:31,88700.0,100.0,763400.0
1440,2021-10-06 03:12:31,88700.0,100.0,763300.0
1441,2021-10-06 03:12:31,88700.0,100.0,763200.0
1442,2021-10-06 03:12:31,88700.0,100.0,763100.0
1443,2021-10-06 03:12:31,88700.0,100.0,763000.0
1444,2021-10-06 03:12:31,88700.0,300.0,762900.0
1445,2021-10-06 03:12:31,88700.0,100.0,762600.0
1446,2021-10-06 03:12:31,88700.0,300.0,762500.0
1447,2021-10-06 03:12:31,88700.0,100.0,762200.0
1448,2021-10-06 03:12:30,88600.0,200.0,762100.0
1449,2021-10-06 03:12:25,88600.0,100.0,761900.0
1450,2021-10-06 03:12:23,88700.0,2000.0,761800.0
1451,2021-10-06 03:12:17,88600.0,200.0,759800.0
1452,2021-10-06 03:12:12,88600.0,100.0,759600.0
1453,2021-10-06 03:12:12,88600.0,1000.0,759500.0
1454,2021-10-06 03:12:12,88600.0,400.0,758500.0
1455,2021-10-06 03:11:39,88500.0,200.0,758100.0
1456,2021-10-06 03:11:35,88500.0,400.0,757900.0
1457,2021-10-06 03:11:32,88500.0,300.0,757500.0
1458,2021-10-06 03:11:32,88500.0,100.0,757200.0
1459,2021-10-06 03:11:29,88500.0,200.0,757100.0
1460,2021-10-06 03:11:29,88600.0,200.0,756900.0
1461,2021-10-06 03:11:26,88600.0,400.0,756700.0
1462,2021-10-06 03:11:24,88600.0,1000.0,756300.0
1463,2021-10-06 03:11:23,88600.0,400.0,755300.0
1464,2021-10-06 03:11:20,88600.0,400.0,754900.0
1465,2021-10-06 03:11:16,88600.0,200.0,754500.0
1466,2021-10-06 03:11:12,88600.0,200.0,754300.0
1467,2021-10-06 03:11:09,88600.0,200.0,754100.0
1468,2021-10-06 03:11:05,88600.0,200.0,753900.0
1469,2021-10-06 03:11:01,88600.0,300.0,753700.0
1470,2021-10-06 03:11:01,88600.0,500.0,753400.0
1471,2021-10-06 03:11:00,88500.0,200.0,752900.0
1472,2021-10-06 03:10:57,88500.0,200.0,752700.0
1473,2021-10-06 03:10:56,88600.0,500.0,752500.0
1474,2021-10-06 03:10:52,88500.0,200.0,752000.0
1475,2021-10-06 03:09:49,88600.0,100.0,751800.0
1476,2021-10-06 03:09:49,88600.0,900.0,751700.0
1477,2021-10-06 03:09:34,88600.0,1300.0,750800.0
1478,2021-10-06 03:09:27,88600.0,100.0,749500.0
1479,2021-10-06 03:09:17,88700.0,1500.0,749400.0
1480,2021-10-06 03:09:03,88700.0,2000.0,747900.0
1481,2021-10-06 03:08:36,88600.0,300.0,745900.0
1482,2021-10-06 03:08:19,88600.0,2000.0,745600.0
1483,2021-10-06 03:07:33,88600.0,300.0,743600.0
1484,2021-10-06 03:07:18,88700.0,2000.0,743300.0
1485,2021-10-06 03:07:16,88600.0,100.0,741300.0
1486,2021-10-06 03:06:54,88500.0,200.0,741200.0
1487,2021-10-06 03:06:51,88600.0,200.0,741000.0
1488,2021-10-06 03:06:47,88500.0,200.0,740800.0
1489,2021-10-06 03:06:47,88600.0,1000.0,740600.0
1490,2021-10-06 03:06:43,88600.0,200.0,739600.0
1491,2021-10-06 03:06:40,88600.0,200.0,739400.0
1492,2021-10-06 03:06:40,88600.0,400.0,739200.0
1493,2021-10-06 03:06:39,88700.0,1500.0,738800.0
1494,2021-10-06 03:06:37,88600.0,200.0,737300.0
1495,2021-10-06 03:06:33,88600.0,200.0,737100.0
1496,2021-10-06 03:06:30,88600.0,200.0,736900.0
1497,2021-10-06 03:06:28,88600.0,300.0,736700.0
1498,2021-10-06 03:06:27,88600.0,200.0,736400.0
1499,2021-10-06 03:06:24,88600.0,100.0,736200.0
1500,2021-10-06 03:06:24,88600.0,100.0,736100.0
1501,2021-10-06 03:06:21,88600.0,200.0,736000.0
1502,2021-10-06 03:06:17,88600.0,200.0,735800.0
1503,2021-10-06 03:06:14,88600.0,200.0,735600.0
1504,2021-10-06 03:06:09,88600.0,200.0,735400.0
1505,2021-10-06 03:06:06,88600.0,200.0,735200.0
1506,2021-10-06 03:06:02,88600.0,200.0,735000.0
1507,2021-10-06 03:05:59,88600.0,200.0,734800.0
1508,2021-10-06 03:05:58,88500.0,200.0,734600.0
1509,2021-10-06 03:05:53,88500.0,200.0,734400.0
1510,2021-10-06 03:05:49,88500.0,200.0,734200.0
1511,2021-10-06 03:05:48,88500.0,200.0,734000.0
1512,2021-10-06 03:05:48,88500.0,1400.0,733800.0
1513,2021-10-06 03:05:48,88600.0,100.0,732400.0
1514,2021-10-06 03:05:48,88600.0,4000.0,732300.0
1515,2021-10-06 03:05:48,88600.0,2300.0,728300.0
1516,2021-10-06 03:05:44,88600.0,200.0,726000.0
1517,2021-10-06 03:05:38,88600.0,100.0,725800.0
1518,2021-10-06 03:05:38,88700.0,1500.0,725700.0
1519,2021-10-06 03:05:37,88700.0,1500.0,724200.0
1520,2021-10-06 03:05:26,88700.0,200.0,722700.0
1521,2021-10-06 03:05:20,88700.0,300.0,722500.0
1522,2021-10-06 03:05:13,88700.0,500.0,722200.0
1523,2021-10-06 03:05:13,88700.0,500.0,721700.0
1524,2021-10-06 03:05:03,88700.0,500.0,721200.0
1525,2021-10-06 03:05:03,88700.0,1000.0,720700.0
1526,2021-10-06 03:05:03,88700.0,100.0,719700.0
1527,2021-10-06 03:05:03,88700.0,1000.0,719600.0
1528,2021-10-06 03:05:03,88700.0,200.0,718600.0
1529,2021-10-06 03:05:03,88700.0,100.0,718400.0
1530,2021-10-06 03:05:03,88700.0,100.0,718300.0
1531,2021-10-06 03:04:59,88600.0,100.0,718200.0
1532,2021-10-06 03:04:18,88600.0,100.0,718100.0
1533,2021-10-06 03:04:18,88600.0,200.0,718000.0
1534,2021-10-06 03:04:10,88500.0,200.0,717800.0
1535,2021-10-06 03:03:46,88500.0,300.0,717600.0
1536,2021-10-06 03:03:46,88500.0,500.0,717300.0
1537,2021-10-06 03:03:46,88500.0,100.0,716800.0
1538,2021-10-06 03:03:46,88500.0,500.0,716700.0
1539,2021-10-06 03:03:42,88400.0,1000.0,716200.0
1540,2021-10-06 03:03:34,88500.0,500.0,715200.0
1541,2021-10-06 03:03:34,88500.0,100.0,714700.0
1542,2021-10-06 03:03:34,88500.0,100.0,714600.0
1543,2021-10-06 03:03:34,88500.0,1300.0,714500.0
1544,2021-10-06 03:03:32,88400.0,1300.0,713200.0
1545,2021-10-06 03:03:25,88400.0,300.0,711900.0
1546,2021-10-06 03:03:22,88400.0,100.0,711600.0
1547,2021-10-06 03:03:22,88400.0,1600.0,711500.0
1548,2021-10-06 03:03:22,88400.0,2500.0,709900.0
1549,2021-10-06 03:03:17,88200.0,800.0,707400.0
1550,2021-10-06 03:03:17,88300.0,100.0,706600.0
1551,2021-10-06 03:03:17,88300.0,5000.0,706500.0
1552,2021-10-06 03:03:17,88300.0,2100.0,701500.0
1553,2021-10-06 03:03:14,88400.0,3000.0,699400.0
1554,2021-10-06 03:03:12,88300.0,100.0,696400.0
1555,2021-10-06 03:03:02,88400.0,1500.0,696300.0
1556,2021-10-06 03:02:48,88400.0,1600.0,694800.0
1557,2021-10-06 03:02:31,88400.0,1500.0,693200.0
1558,2021-10-06 03:02:19,88300.0,2800.0,691700.0
1559,2021-10-06 03:02:19,88300.0,4000.0,688900.0
1560,2021-10-06 03:02:19,88300.0,100.0,684900.0
1561,2021-10-06 03:02:19,88300.0,1100.0,684800.0
1562,2021-10-06 03:02:10,88400.0,2000.0,683700.0
1563,2021-10-06 03:01:57,88400.0,100.0,681700.0
1564,2021-10-06 03:01:47,88400.0,1900.0,681600.0
1565,2021-10-06 03:01:34,88300.0,200.0,679700.0
1566,2021-10-06 03:01:31,88300.0,200.0,679500.0
1567,2021-10-06 03:01:29,88400.0,2000.0,679300.0
1568,2021-10-06 03:01:29,88300.0,200.0,677300.0
1569,2021-10-06 03:01:26,88300.0,200.0,677100.0
1570,2021-10-06 03:01:23,88300.0,100.0,676900.0
1571,2021-10-06 03:01:23,88300.0,100.0,676800.0
1572,2021-10-06 03:01:20,88300.0,100.0,676700.0
1573,2021-10-06 03:01:20,88300.0,100.0,676600.0
1574,2021-10-06 03:01:16,88300.0,200.0,676500.0
1575,2021-10-06 03:01:13,88300.0,200.0,676300.0
1576,2021-10-06 03:01:09,88300.0,200.0,676100.0
1577,2021-10-06 03:01:06,88300.0,200.0,675900.0
1578,2021-10-06 03:01:02,88300.0,200.0,675700.0
1579,2021-10-06 03:01:01,88400.0,100.0,675500.0
1580,2021-10-06 03:00:59,88300.0,200.0,675400.0
1581,2021-10-06 03:00:58,88400.0,2000.0,675200.0
1582,2021-10-06 03:00:55,88300.0,200.0,673200.0
1583,2021-10-06 03:00:50,88300.0,200.0,673000.0
1584,2021-10-06 03:00:45,88300.0,200.0,672800.0
1585,2021-10-06 03:00:43,88300.0,8000.0,672600.0
1586,2021-10-06 03:00:40,88300.0,200.0,664600.0
1587,2021-10-06 03:00:36,88300.0,200.0,664400.0
1588,2021-10-06 03:00:32,88300.0,200.0,664200.0
1589,2021-10-06 03:00:29,88300.0,200.0,664000.0
1590,2021-10-06 03:00:24,88300.0,200.0,663800.0
1591,2021-10-06 03:00:22,88400.0,100.0,663600.0
1592,2021-10-06 03:00:09,88400.0,100.0,663500.0
1593,2021-10-06 03:00:02,88300.0,100.0,663400.0
1594,2021-10-06 03:00:02,88300.0,9000.0,663300.0
1595,2021-10-06 02:59:58,88300.0,500.0,654300.0
1596,2021-10-06 02:59:44,88300.0,500.0,653800.0
1597,2021-10-06 02:59:44,88300.0,1000.0,653300.0
1598,2021-10-06 02:59:44,88300.0,900.0,652300.0
1599,2021-10-06 02:59:36,88300.0,300.0,651400.0
1600,2021-10-06 02:59:26,88300.0,2500.0,651100.0
1601,2021-10-06 02:59:14,88300.0,200.0,648600.0
1602,2021-10-06 02:59:12,88300.0,300.0,648400.0
1603,2021-10-06 02:59:04,88300.0,1000.0,648100.0
1604,2021-10-06 02:59:04,88300.0,1000.0,647100.0
1605,2021-10-06 02:59:02,88300.0,1000.0,646100.0
1606,2021-10-06 02:58:58,88300.0,1000.0,645100.0
1607,2021-10-06 02:58:48,88300.0,1300.0,644100.0
1608,2021-10-06 02:58:39,88200.0,8000.0,642800.0
1609,2021-10-06 02:58:36,88300.0,200.0,634800.0
1610,2021-10-06 02:58:34,88300.0,100.0,634600.0
1611,2021-10-06 02:58:33,88300.0,2000.0,634500.0
1612,2021-10-06 02:58:23,88300.0,500.0,632500.0
1613,2021-10-06 02:58:11,88300.0,4000.0,632000.0
1614,2021-10-06 02:58:09,88300.0,200.0,628000.0
1615,2021-10-06 02:58:08,88300.0,200.0,627800.0
1616,2021-10-06 02:58:07,88300.0,100.0,627600.0
1617,2021-10-06 02:58:00,88300.0,3000.0,627500.0
1618,2021-10-06 02:57:55,88300.0,200.0,624500.0
1619,2021-10-06 02:57:15,88200.0,1400.0,624300.0
1620,2021-10-06 02:57:12,88200.0,400.0,622900.0
1621,2021-10-06 02:57:11,88200.0,200.0,622500.0
1622,2021-10-06 02:57:09,88200.0,100.0,622300.0
1623,2021-10-06 02:57:08,88200.0,100.0,622200.0
1624,2021-10-06 02:57:07,88200.0,100.0,622100.0
1625,2021-10-06 02:57:06,88200.0,1000.0,622000.0
1626,2021-10-06 02:56:58,88200.0,2400.0,621000.0
1627,2021-10-06 02:56:57,88200.0,100.0,618600.0
1628,2021-10-06 02:56:56,88200.0,200.0,618500.0
1629,2021-10-06 02:56:51,88200.0,1900.0,618300.0
1630,2021-10-06 02:56:40,88200.0,100.0,616400.0
1631,2021-10-06 02:56:40,88200.0,1900.0,616300.0
1632,2021-10-06 02:56:30,88200.0,5000.0,614400.0
1633,2021-10-06 02:56:28,88200.0,100.0,609400.0
1634,2021-10-06 02:56:17,88200.0,600.0,609300.0
1635,2021-10-06 02:56:14,88200.0,100.0,608700.0
1636,2021-10-06 02:56:14,88200.0,500.0,608600.0
1637,2021-10-06 02:56:14,88200.0,1000.0,608100.0
1638,2021-10-06 02:56:14,88200.0,200.0,607100.0
1639,2021-10-06 02:56:14,88200.0,200.0,606900.0
1640,2021-10-06 02:56:14,88200.0,100.0,606700.0
1641,2021-10-06 02:56:14,88200.0,2000.0,606600.0
1642,2021-10-06 02:56:14,88200.0,100.0,604600.0
1643,2021-10-06 02:56:14,88200.0,2000.0,604500.0
1644,2021-10-06 02:56:14,88200.0,1900.0,602500.0
1645,2021-10-06 02:56:14,88200.0,4300.0,600600.0
1646,2021-10-06 02:56:06,88400.0,2000.0,596300.0
1647,2021-10-06 02:55:57,88400.0,1600.0,594300.0
1648,2021-10-06 02:55:52,88400.0,300.0,592700.0
1649,2021-10-06 02:55:43,88400.0,3000.0,592400.0
1650,2021-10-06 02:55:31,88400.0,2700.0,589400.0
1651,2021-10-06 02:55:31,88300.0,300.0,586700.0
1652,2021-10-06 02:55:24,88200.0,500.0,586400.0
1653,2021-10-06 02:55:13,88200.0,1900.0,585900.0
1654,2021-10-06 02:55:13,88200.0,3300.0,584000.0
1655,2021-10-06 02:55:09,88200.0,1000.0,580700.0
1656,2021-10-06 02:55:08,88200.0,1000.0,579700.0
1657,2021-10-06 02:55:07,88200.0,100.0,578700.0
1658,2021-10-06 02:55:04,88200.0,100.0,578600.0
1659,2021-10-06 02:55:03,88200.0,10000.0,578500.0
1660,2021-10-06 02:55:01,88100.0,3000.0,568500.0
1661,2021-10-06 02:55:01,88100.0,5000.0,565500.0
1662,2021-10-06 02:54:59,88200.0,1900.0,560500.0
1663,2021-10-06 02:54:51,88200.0,100.0,558600.0
1664,2021-10-06 02:54:49,88200.0,1000.0,558500.0
1665,2021-10-06 02:54:48,88200.0,1500.0,557500.0
1666,2021-10-06 02:54:48,88200.0,1500.0,556000.0
1667,2021-10-06 02:54:40,88200.0,100.0,554500.0
1668,2021-10-06 02:54:36,88200.0,1000.0,554400.0
1669,2021-10-06 02:54:31,88200.0,400.0,553400.0
1670,2021-10-06 02:54:31,88200.0,1000.0,553000.0
1671,2021-10-06 02:54:31,88200.0,1600.0,552000.0
1672,2021-10-06 02:54:29,88200.0,5000.0,550400.0
1673,2021-10-06 02:54:26,88200.0,300.0,545400.0
1674,2021-10-06 02:54:24,88200.0,3900.0,545100.0
1675,2021-10-06 02:54:21,88200.0,2500.0,541200.0
1676,2021-10-06 02:54:17,88200.0,100.0,538700.0
1677,2021-10-06 02:54:07,88200.0,3000.0,538600.0
1678,2021-10-06 02:54:07,88200.0,100.0,535600.0
1679,2021-10-06 02:54:07,88200.0,100.0,535500.0
1680,2021-10-06 02:54:07,88200.0,3400.0,535400.0
1681,2021-10-06 02:53:53,88200.0,1600.0,532000.0
1682,2021-10-06 02:53:53,88300.0,500.0,530400.0
1683,2021-10-06 02:53:53,88300.0,100.0,529900.0
1684,2021-10-06 02:53:53,88300.0,100.0,529800.0
1685,2021-10-06 02:53:53,88300.0,100.0,529700.0
1686,2021-10-06 02:53:53,88300.0,100.0,529600.0
1687,2021-10-06 02:53:53,88300.0,200.0,529500.0
1688,2021-10-06 02:53:53,88300.0,100.0,529300.0
1689,2021-10-06 02:53:53,88300.0,200.0,529200.0
1690,2021-10-06 02:53:53,88300.0,5000.0,529000.0
1691,2021-10-06 02:53:46,88400.0,100.0,524000.0
1692,2021-10-06 02:53:41,88400.0,100.0,523900.0
1693,2021-10-06 02:53:32,88400.0,500.0,523800.0
1694,2021-10-06 02:53:32,88400.0,1000.0,523300.0
1695,2021-10-06 02:53:32,88400.0,1000.0,522300.0
1696,2021-10-06 02:53:32,88400.0,100.0,521300.0
1697,2021-10-06 02:53:32,88400.0,1000.0,521200.0
1698,2021-10-06 02:53:26,88500.0,100.0,520200.0
1699,2021-10-06 02:53:22,88400.0,10000.0,520100.0
1700,2021-10-06 02:53:21,88400.0,6000.0,510100.0
1701,2021-10-06 02:53:21,88400.0,700.0,504100.0
1702,2021-10-06 02:53:21,88400.0,1300.0,503400.0
1703,2021-10-06 02:53:12,88400.0,1000.0,502100.0
1704,2021-10-06 02:52:43,88500.0,2000.0,501100.0
1705,2021-10-06 02:52:20,88500.0,200.0,499100.0
1706,2021-10-06 02:52:19,88400.0,100.0,498900.0
1707,2021-10-06 02:52:19,88400.0,1000.0,498800.0
1708,2021-10-06 02:52:19,88400.0,200.0,497800.0
1709,2021-10-06 02:52:19,88400.0,100.0,497600.0
1710,2021-10-06 02:52:19,88400.0,1000.0,497500.0
1711,2021-10-06 02:52:19,88400.0,100.0,496500.0
1712,2021-10-06 02:52:19,88400.0,200.0,496400.0
1713,2021-10-06 02:52:19,88400.0,100.0,496200.0
1714,2021-10-06 02:52:19,88400.0,300.0,496100.0
1715,2021-10-06 02:52:19,88400.0,100.0,495800.0
1716,2021-10-06 02:52:19,88400.0,1000.0,495700.0
1717,2021-10-06 02:52:19,88400.0,300.0,494700.0
1718,2021-10-06 02:52:19,88400.0,100.0,494400.0
1719,2021-10-06 02:52:19,88400.0,500.0,494300.0
1720,2021-10-06 02:52:19,88400.0,500.0,493800.0
1721,2021-10-06 02:52:19,88400.0,2400.0,493300.0
1722,2021-10-06 02:52:03,88500.0,300.0,490900.0
1723,2021-10-06 02:51:36,88400.0,3100.0,490600.0
1724,2021-10-06 02:51:36,88500.0,1000.0,487500.0
1725,2021-10-06 02:51:36,88500.0,100.0,486500.0
1726,2021-10-06 02:51:36,88500.0,100.0,486400.0
1727,2021-10-06 02:51:36,88500.0,300.0,486300.0
1728,2021-10-06 02:51:36,88500.0,500.0,486000.0
1729,2021-10-06 02:51:36,88500.0,100.0,485500.0
1730,2021-10-06 02:51:36,88500.0,100.0,485400.0
1731,2021-10-06 02:51:36,88500.0,300.0,485300.0
1732,2021-10-06 02:51:36,88500.0,100.0,485000.0
1733,2021-10-06 02:51:36,88500.0,300.0,484900.0
1734,2021-10-06 02:51:36,88500.0,400.0,484600.0
1735,2021-10-06 02:51:36,88500.0,500.0,484200.0
1736,2021-10-06 02:51:36,88600.0,1100.0,483700.0
1737,2021-10-06 02:51:05,88500.0,7500.0,482600.0
1738,2021-10-06 02:51:05,88600.0,500.0,475100.0
1739,2021-10-06 02:50:34,88500.0,200.0,474600.0
1740,2021-10-06 02:50:31,88500.0,100.0,474400.0
1741,2021-10-06 02:50:31,88600.0,100.0,474300.0
1742,2021-10-06 02:50:27,88600.0,200.0,474200.0
1743,2021-10-06 02:50:23,88600.0,200.0,474000.0
1744,2021-10-06 02:50:19,88500.0,200.0,473800.0
1745,2021-10-06 02:50:15,88500.0,200.0,473600.0
1746,2021-10-06 02:50:12,88500.0,7200.0,473400.0
1747,2021-10-06 02:50:12,88600.0,800.0,466200.0
1748,2021-10-06 02:50:12,88600.0,200.0,465400.0
1749,2021-10-06 02:50:03,88800.0,900.0,465200.0
1750,2021-10-06 02:50:03,88800.0,300.0,464300.0
1751,2021-10-06 02:50:03,88800.0,100.0,464000.0
1752,2021-10-06 02:50:03,88800.0,200.0,463900.0
1753,2021-10-06 02:50:03,88500.0,200.0,463700.0
1754,2021-10-06 02:50:00,88500.0,200.0,463500.0
1755,2021-10-06 02:49:57,88500.0,200.0,463300.0
1756,2021-10-06 02:49:53,88800.0,600.0,463100.0
1757,2021-10-06 02:49:53,88800.0,1000.0,462500.0
1758,2021-10-06 02:49:53,88800.0,200.0,461500.0
1759,2021-10-06 02:49:53,88800.0,200.0,461300.0
1760,2021-10-06 02:49:52,88500.0,200.0,461100.0
1761,2021-10-06 02:49:49,88500.0,200.0,460900.0
1762,2021-10-06 02:49:45,88500.0,200.0,460700.0
1763,2021-10-06 02:49:40,88500.0,200.0,460500.0
1764,2021-10-06 02:49:39,88500.0,2700.0,460300.0
1765,2021-10-06 02:49:39,88500.0,2000.0,457600.0
1766,2021-10-06 02:49:39,88500.0,100.0,455600.0
1767,2021-10-06 02:49:39,88500.0,1000.0,455500.0
1768,2021-10-06 02:49:39,88600.0,100.0,454500.0
1769,2021-10-06 02:49:39,88600.0,1500.0,454400.0
1770,2021-10-06 02:49:39,88700.0,600.0,452900.0
1771,2021-10-06 02:49:37,88700.0,200.0,452300.0
1772,2021-10-06 02:49:32,88700.0,200.0,452100.0
1773,2021-10-06 02:49:28,88600.0,100.0,451900.0
1774,2021-10-06 02:49:28,88700.0,100.0,451800.0
1775,2021-10-06 02:49:26,88700.0,100.0,451700.0
1776,2021-10-06 02:49:16,88600.0,1400.0,451600.0
1777,2021-10-06 02:48:52,88600.0,3000.0,450200.0
1778,2021-10-06 02:48:51,88500.0,200.0,447200.0
1779,2021-10-06 02:48:48,88500.0,200.0,447000.0
1780,2021-10-06 02:48:48,88600.0,1600.0,446800.0
1781,2021-10-06 02:48:43,88500.0,200.0,445200.0
1782,2021-10-06 02:48:34,88800.0,800.0,445000.0
1783,2021-10-06 02:48:34,88800.0,400.0,444200.0
1784,2021-10-06 02:48:34,88800.0,500.0,443800.0
1785,2021-10-06 02:48:34,88800.0,300.0,443300.0
1786,2021-10-06 02:48:31,88500.0,400.0,443000.0
1787,2021-10-06 02:48:31,88500.0,4200.0,442600.0
1788,2021-10-06 02:48:31,88600.0,100.0,438400.0
1789,2021-10-06 02:48:31,88600.0,700.0,438300.0
1790,2021-10-06 02:48:31,88700.0,2000.0,437600.0
1791,2021-10-06 02:48:31,88700.0,600.0,435600.0
1792,2021-10-06 02:47:59,88600.0,1300.0,435000.0
1793,2021-10-06 02:47:59,88700.0,1200.0,433700.0
1794,2021-10-06 02:47:59,88700.0,5500.0,432500.0
1795,2021-10-06 02:47:43,88800.0,100.0,427000.0
1796,2021-10-06 02:47:43,88800.0,1000.0,426900.0
1797,2021-10-06 02:47:43,88800.0,400.0,425900.0
1798,2021-10-06 02:47:34,88800.0,1600.0,425500.0
1799,2021-10-06 02:47:34,88800.0,100.0,423900.0
1800,2021-10-06 02:46:12,88700.0,4500.0,423800.0
1801,2021-10-06 02:46:12,88700.0,2000.0,419300.0
1802,2021-10-06 02:46:12,88700.0,700.0,417300.0
1803,2021-10-06 02:46:12,88800.0,800.0,416600.0
1804,2021-10-06 02:46:10,88800.0,200.0,415800.0
1805,2021-10-06 02:45:56,88800.0,200.0,415600.0
1806,2021-10-06 02:45:24,88800.0,100.0,415400.0
1807,2021-10-06 02:45:20,88800.0,200.0,415300.0
1808,2021-10-06 02:45:20,88800.0,100.0,415100.0
1809,2021-10-06 02:45:20,88800.0,200.0,415000.0
1810,2021-10-06 02:45:20,88800.0,100.0,414800.0
1811,2021-10-06 02:45:20,88800.0,100.0,414700.0
1812,2021-10-06 02:45:20,88800.0,500.0,414600.0
1813,2021-10-06 02:45:20,88800.0,500.0,414100.0
1814,2021-10-06 02:45:10,88800.0,500.0,413600.0
1815,2021-10-06 02:45:10,88800.0,1000.0,413100.0
1816,2021-10-06 02:44:54,88800.0,1000.0,412100.0
1817,2021-10-06 02:44:54,88800.0,400.0,411100.0
1818,2021-10-06 02:44:32,88800.0,600.0,410700.0
1819,2021-10-06 02:44:32,88800.0,100.0,410100.0
1820,2021-10-06 02:44:32,88800.0,100.0,410000.0
1821,2021-10-06 02:44:32,88800.0,100.0,409900.0
1822,2021-10-06 02:44:32,88800.0,400.0,409800.0
1823,2021-10-06 02:44:32,88800.0,300.0,409400.0
1824,2021-10-06 02:44:32,88800.0,100.0,409100.0
1825,2021-10-06 02:44:32,88800.0,200.0,409000.0
1826,2021-10-06 02:44:20,88800.0,1100.0,408800.0
1827,2021-10-06 02:44:20,88800.0,400.0,407700.0
1828,2021-10-06 02:44:19,88700.0,500.0,407300.0
1829,2021-10-06 02:43:57,88700.0,100.0,406800.0
1830,2021-10-06 02:43:57,88700.0,300.0,406700.0
1831,2021-10-06 02:43:57,88700.0,100.0,406400.0
1832,2021-10-06 02:43:57,88700.0,100.0,406300.0
1833,2021-10-06 02:43:57,88700.0,200.0,406200.0
1834,2021-10-06 02:43:37,88600.0,1000.0,406000.0
1835,2021-10-06 02:43:36,88500.0,400.0,405000.0
1836,2021-10-06 02:43:25,88500.0,400.0,404600.0
1837,2021-10-06 02:43:07,88400.0,1000.0,404200.0
1838,2021-10-06 02:42:58,88400.0,500.0,403200.0
1839,2021-10-06 02:42:58,88400.0,200.0,402700.0
1840,2021-10-06 02:42:58,88400.0,100.0,402500.0
1841,2021-10-06 02:42:58,88400.0,500.0,402400.0
1842,2021-10-06 02:42:58,88400.0,100.0,401900.0
1843,2021-10-06 02:42:42,88400.0,200.0,401800.0
1844,2021-10-06 02:42:22,88500.0,200.0,401600.0
1845,2021-10-06 02:42:22,88500.0,100.0,401400.0
1846,2021-10-06 02:42:22,88500.0,100.0,401300.0
1847,2021-10-06 02:42:22,88500.0,100.0,401200.0
1848,2021-10-06 02:42:22,88500.0,500.0,401100.0
1849,2021-10-06 02:41:21,88500.0,200.0,400600.0
1850,2021-10-06 02:41:18,88400.0,200.0,400400.0
1851,2021-10-06 02:41:17,88600.0,1000.0,400200.0
1852,2021-10-06 02:41:14,88400.0,100.0,399200.0
1853,2021-10-06 02:41:14,88400.0,100.0,399100.0
1854,2021-10-06 02:41:12,88400.0,100.0,399000.0
1855,2021-10-06 02:41:12,88500.0,100.0,398900.0
1856,2021-10-06 02:41:08,88500.0,200.0,398800.0
1857,2021-10-06 02:41:06,88500.0,100.0,398600.0
1858,2021-10-06 02:41:06,88500.0,100.0,398500.0
1859,2021-10-06 02:41:04,88600.0,500.0,398400.0
1860,2021-10-06 02:41:03,88500.0,1000.0,397900.0
1861,2021-10-06 02:41:03,88500.0,200.0,396900.0
1862,2021-10-06 02:41:00,88500.0,200.0,396700.0
1863,2021-10-06 02:41:00,88600.0,1000.0,396500.0
1864,2021-10-06 02:40:57,88600.0,1500.0,395500.0
1865,2021-10-06 02:40:56,88600.0,200.0,394000.0
1866,2021-10-06 02:40:53,88600.0,200.0,393800.0
1867,2021-10-06 02:40:51,88600.0,100.0,393600.0
1868,2021-10-06 02:40:51,88500.0,200.0,393500.0
1869,2021-10-06 02:40:48,88500.0,200.0,393300.0
1870,2021-10-06 02:40:45,88600.0,100.0,393100.0
1871,2021-10-06 02:40:45,88600.0,100.0,393000.0
1872,2021-10-06 02:40:42,88600.0,200.0,392900.0
1873,2021-10-06 02:40:40,88600.0,200.0,392700.0
1874,2021-10-06 02:40:38,88700.0,1800.0,392500.0
1875,2021-10-06 02:40:38,88700.0,200.0,390700.0
1876,2021-10-06 02:40:37,88600.0,200.0,390500.0
1877,2021-10-06 02:40:34,88600.0,200.0,390300.0
1878,2021-10-06 02:40:31,88600.0,200.0,390100.0
1879,2021-10-06 02:40:27,88600.0,200.0,389900.0
1880,2021-10-06 02:40:24,88600.0,200.0,389700.0
1881,2021-10-06 02:40:20,88600.0,1200.0,389500.0
1882,2021-10-06 02:40:20,88600.0,300.0,388300.0
1883,2021-10-06 02:40:10,88500.0,100.0,388000.0
1884,2021-10-06 02:40:10,88500.0,100.0,387900.0
1885,2021-10-06 02:40:10,88500.0,900.0,387800.0
1886,2021-10-06 02:40:06,88500.0,200.0,386900.0
1887,2021-10-06 02:40:00,88500.0,100.0,386700.0
1888,2021-10-06 02:39:48,88500.0,2000.0,386600.0
1889,2021-10-06 02:39:46,88500.0,500.0,384600.0
1890,2021-10-06 02:39:46,88500.0,2300.0,384100.0
1891,2021-10-06 02:39:39,88600.0,1700.0,381800.0
1892,2021-10-06 02:39:37,88600.0,200.0,380100.0
1893,2021-10-06 02:39:35,88600.0,100.0,379900.0
1894,2021-10-06 02:39:21,88500.0,3000.0,379800.0
1895,2021-10-06 02:39:11,88500.0,300.0,376800.0
1896,2021-10-06 02:39:11,88600.0,500.0,376500.0
1897,2021-10-06 02:38:59,88500.0,14400.0,376000.0
1898,2021-10-06 02:38:59,88500.0,100.0,361600.0
1899,2021-10-06 02:38:59,88500.0,1000.0,361500.0
1900,2021-10-06 02:38:59,88500.0,200.0,360500.0
1901,2021-10-06 02:38:59,88600.0,2000.0,360300.0
1902,2021-10-06 02:38:59,88600.0,200.0,358300.0
1903,2021-10-06 02:38:59,88600.0,1000.0,358100.0
1904,2021-10-06 02:38:59,88600.0,1500.0,357100.0
1905,2021-10-06 02:38:59,88600.0,200.0,355600.0
1906,2021-10-06 02:38:59,88600.0,100.0,355400.0
1907,2021-10-06 02:38:59,88600.0,300.0,355300.0
1908,2021-10-06 02:38:59,88600.0,1300.0,355000.0
1909,2021-10-06 02:38:59,88600.0,500.0,353700.0
1910,2021-10-06 02:38:59,88600.0,100.0,353200.0
1911,2021-10-06 02:38:59,88600.0,100.0,353100.0
1912,2021-10-06 02:38:59,88600.0,5000.0,353000.0
1913,2021-10-06 02:38:59,88600.0,100.0,348000.0
1914,2021-10-06 02:38:59,88600.0,4500.0,347900.0
1915,2021-10-06 02:38:59,88600.0,100.0,343400.0
1916,2021-10-06 02:38:59,88600.0,300.0,343300.0
1917,2021-10-06 02:38:59,88600.0,300.0,343000.0
1918,2021-10-06 02:38:59,88600.0,1000.0,342700.0
1919,2021-10-06 02:38:59,88600.0,300.0,341700.0
1920,2021-10-06 02:38:59,88600.0,200.0,341400.0
1921,2021-10-06 02:38:59,88600.0,100.0,341200.0
1922,2021-10-06 02:38:59,88600.0,100.0,341100.0
1923,2021-10-06 02:38:59,88600.0,100.0,341000.0
1924,2021-10-06 02:38:59,88600.0,500.0,340900.0
1925,2021-10-06 02:38:59,88600.0,500.0,340400.0
1926,2021-10-06 02:38:59,88600.0,23900.0,339900.0
1927,2021-10-06 02:38:57,88800.0,100.0,316000.0
1928,2021-10-06 02:38:57,88800.0,100.0,315900.0
1929,2021-10-06 02:38:57,88800.0,100.0,315800.0
1930,2021-10-06 02:38:57,88800.0,200.0,315700.0
1931,2021-10-06 02:38:57,88800.0,200.0,315500.0
1932,2021-10-06 02:38:57,88800.0,100.0,315300.0
1933,2021-10-06 02:38:57,88800.0,100.0,315200.0
1934,2021-10-06 02:38:57,88800.0,2000.0,315100.0
1935,2021-10-06 02:38:57,88800.0,100.0,313100.0
1936,2021-10-06 02:38:57,88700.0,1000.0,313000.0
1937,2021-10-06 02:38:57,88700.0,1000.0,312000.0
1938,2021-10-06 02:38:55,88600.0,2700.0,311000.0
1939,2021-10-06 02:38:33,88600.0,1300.0,308300.0
1940,2021-10-06 02:38:21,88600.0,2700.0,307000.0
1941,2021-10-06 02:38:16,88800.0,200.0,304300.0
1942,2021-10-06 02:38:09,88700.0,500.0,304100.0
1943,2021-10-06 02:38:04,88600.0,1700.0,303600.0
1944,2021-10-06 02:38:04,88700.0,1000.0,301900.0
1945,2021-10-06 02:38:02,88700.0,300.0,300900.0
1946,2021-10-06 02:37:53,88800.0,100.0,300600.0
1947,2021-10-06 02:37:53,88800.0,100.0,300500.0
1948,2021-10-06 02:37:53,88800.0,500.0,300400.0
1949,2021-10-06 02:37:53,88800.0,200.0,299900.0
1950,2021-10-06 02:37:53,88800.0,500.0,299700.0
1951,2021-10-06 02:37:53,88700.0,300.0,299200.0
1952,2021-10-06 02:37:52,88600.0,2700.0,298900.0
1953,2021-10-06 02:37:45,88800.0,100.0,296200.0
1954,2021-10-06 02:37:45,88800.0,300.0,296100.0
1955,2021-10-06 02:37:45,88800.0,1500.0,295800.0
1956,2021-10-06 02:37:42,88600.0,2100.0,294300.0
1957,2021-10-06 02:37:42,88700.0,600.0,292200.0
1958,2021-10-06 02:37:41,88700.0,200.0,291600.0
1959,2021-10-06 02:37:38,88700.0,200.0,291400.0
1960,2021-10-06 02:37:37,88600.0,200.0,291200.0
1961,2021-10-06 02:37:35,88700.0,1100.0,291000.0
1962,2021-10-06 02:37:34,88700.0,200.0,289900.0
1963,2021-10-06 02:37:32,88700.0,500.0,289700.0
1964,2021-10-06 02:37:32,88700.0,200.0,289200.0
1965,2021-10-06 02:37:32,88700.0,1000.0,289000.0
1966,2021-10-06 02:37:32,88700.0,500.0,288000.0
1967,2021-10-06 02:37:32,88700.0,100.0,287500.0
1968,2021-10-06 02:37:32,88700.0,900.0,287400.0
1969,2021-10-06 02:37:31,88700.0,100.0,286500.0
1970,2021-10-06 02:37:30,88700.0,200.0,286400.0
1971,2021-10-06 02:37:28,88700.0,100.0,286200.0
1972,2021-10-06 02:37:27,88700.0,200.0,286100.0
1973,2021-10-06 02:37:27,88700.0,18500.0,285900.0
1974,2021-10-06 02:37:27,88700.0,100.0,267400.0
1975,2021-10-06 02:37:27,88700.0,400.0,267300.0
1976,2021-10-06 02:37:24,88700.0,200.0,266900.0
1977,2021-10-06 02:37:21,88700.0,300.0,266700.0
1978,2021-10-06 02:37:21,88700.0,2400.0,266400.0
1979,2021-10-06 02:37:20,88700.0,200.0,264000.0
1980,2021-10-06 02:37:16,88700.0,200.0,263800.0
1981,2021-10-06 02:37:15,88700.0,200.0,263600.0
1982,2021-10-06 02:37:11,88700.0,2700.0,263400.0
1983,2021-10-06 02:37:09,88700.0,200.0,260700.0
1984,2021-10-06 02:37:07,88700.0,200.0,260500.0
1985,2021-10-06 02:37:02,88700.0,200.0,260300.0
1986,2021-10-06 02:37:01,88700.0,2700.0,260100.0
1987,2021-10-06 02:36:59,88700.0,200.0,257400.0
1988,2021-10-06 02:36:55,88700.0,200.0,257200.0
1989,2021-10-06 02:36:51,88700.0,200.0,257000.0
1990,2021-10-06 02:36:51,88700.0,2700.0,256800.0
1991,2021-10-06 02:36:48,88700.0,200.0,254100.0
1992,2021-10-06 02:36:47,88800.0,200.0,253900.0
1993,2021-10-06 02:36:45,88700.0,200.0,253700.0
1994,2021-10-06 02:36:42,88700.0,200.0,253500.0
1995,2021-10-06 02:36:41,88700.0,2700.0,253300.0
1996,2021-10-06 02:36:39,88700.0,200.0,250600.0
1997,2021-10-06 02:36:37,88800.0,300.0,250400.0
1998,2021-10-06 02:36:37,88800.0,700.0,250100.0
1999,2021-10-06 02:36:34,88700.0,200.0,249400.0
2000,2021-10-06 02:36:33,88800.0,200.0,249200.0
2001,2021-10-06 02:36:30,88700.0,2700.0,249000.0
2002,2021-10-06 02:36:20,88800.0,500.0,246300.0
2003,2021-10-06 02:36:10,88700.0,1300.0,245800.0
2004,2021-10-06 02:36:10,88700.0,300.0,244500.0
2005,2021-10-06 02:36:10,88700.0,400.0,244200.0
2006,2021-10-06 02:36:10,88700.0,100.0,243800.0
2007,2021-10-06 02:36:10,88700.0,100.0,243700.0
2008,2021-10-06 02:36:10,88700.0,100.0,243600.0
2009,2021-10-06 02:36:10,88700.0,100.0,243500.0
2010,2021-10-06 02:36:10,88700.0,3000.0,243400.0
2011,2021-10-06 02:36:10,88700.0,200.0,240400.0
2012,2021-10-06 02:36:10,88700.0,200.0,240200.0
2013,2021-10-06 02:36:10,88700.0,100.0,240000.0
2014,2021-10-06 02:36:10,88700.0,100.0,239900.0
2015,2021-10-06 02:36:10,88700.0,500.0,239800.0
2016,2021-10-06 02:36:10,88700.0,100.0,239300.0
2017,2021-10-06 02:36:10,88700.0,1400.0,239200.0
2018,2021-10-06 02:36:03,88800.0,1500.0,237800.0
2019,2021-10-06 02:35:51,88700.0,600.0,236300.0
2020,2021-10-06 02:35:24,88700.0,8000.0,235700.0
2021,2021-10-06 02:35:17,88800.0,700.0,227700.0
2022,2021-10-06 02:35:17,88800.0,100.0,227000.0
2023,2021-10-06 02:35:17,88800.0,700.0,226900.0
2024,2021-10-06 02:35:15,88700.0,200.0,226200.0
2025,2021-10-06 02:35:15,88700.0,200.0,226000.0
2026,2021-10-06 02:35:12,88700.0,200.0,225800.0
2027,2021-10-06 02:35:09,88700.0,200.0,225600.0
2028,2021-10-06 02:35:06,88700.0,200.0,225400.0
2029,2021-10-06 02:35:03,88700.0,100.0,225200.0
2030,2021-10-06 02:35:02,88700.0,200.0,225100.0
2031,2021-10-06 02:34:59,88700.0,200.0,224900.0
2032,2021-10-06 02:34:54,88700.0,200.0,224700.0
2033,2021-10-06 02:34:49,88700.0,200.0,224500.0
2034,2021-10-06 02:34:44,88700.0,600.0,224300.0
2035,2021-10-06 02:34:42,88700.0,200.0,223700.0
2036,2021-10-06 02:34:39,88700.0,200.0,223500.0
2037,2021-10-06 02:34:35,88700.0,200.0,223300.0
2038,2021-10-06 02:34:33,88700.0,200.0,223100.0
2039,2021-10-06 02:34:32,88700.0,400.0,222900.0
2040,2021-10-06 02:34:29,88700.0,200.0,222500.0
2041,2021-10-06 02:34:26,88700.0,200.0,222300.0
2042,2021-10-06 02:34:23,88700.0,200.0,222100.0
2043,2021-10-06 02:34:18,88700.0,200.0,221900.0
2044,2021-10-06 02:34:16,88700.0,200.0,221700.0
2045,2021-10-06 02:34:12,88700.0,200.0,221500.0
2046,2021-10-06 02:34:11,88700.0,100.0,221300.0
2047,2021-10-06 02:34:10,88800.0,1300.0,221200.0
2048,2021-10-06 02:34:10,88800.0,200.0,219900.0
2049,2021-10-06 02:34:08,88700.0,8000.0,219700.0
2050,2021-10-06 02:34:08,88700.0,200.0,211700.0
2051,2021-10-06 02:34:03,88700.0,200.0,211500.0
2052,2021-10-06 02:33:43,88700.0,8000.0,211300.0
2053,2021-10-06 02:33:26,88700.0,300.0,203300.0
2054,2021-10-06 02:33:24,88900.0,1300.0,203000.0
2055,2021-10-06 02:33:24,88800.0,100.0,201700.0
2056,2021-10-06 02:33:21,88700.0,5000.0,201600.0
2057,2021-10-06 02:33:20,88800.0,100.0,196600.0
2058,2021-10-06 02:33:17,88700.0,13300.0,196500.0
2059,2021-10-06 02:33:17,88700.0,1700.0,183200.0
2060,2021-10-06 02:33:09,88700.0,600.0,181500.0
2061,2021-10-06 02:33:09,88800.0,700.0,180900.0
2062,2021-10-06 02:33:08,88900.0,1600.0,180200.0
2063,2021-10-06 02:33:08,88800.0,100.0,178600.0
2064,2021-10-06 02:33:08,88800.0,100.0,178500.0
2065,2021-10-06 02:33:06,88700.0,8000.0,178400.0
2066,2021-10-06 02:32:51,88800.0,900.0,170400.0
2067,2021-10-06 02:32:50,88900.0,1500.0,169500.0
2068,2021-10-06 02:32:39,88900.0,1100.0,168000.0
2069,2021-10-06 02:32:39,88900.0,200.0,166900.0
2070,2021-10-06 02:32:39,88900.0,100.0,166700.0
2071,2021-10-06 02:32:36,88800.0,100.0,166600.0
