,Time,Price,Volume_per_trade,Volume
0,2021-10-18 07:45:01,92600.0,5000.0,2039400.0
1,2021-10-18 07:45:01,92600.0,100.0,2034400.0
2,2021-10-18 07:45:01,92600.0,100.0,2034300.0
3,2021-10-18 07:45:01,92600.0,300.0,2034200.0
4,2021-10-18 07:45:01,92600.0,1000.0,2033900.0
5,2021-10-18 07:45:01,92600.0,400.0,2032900.0
6,2021-10-18 07:45:01,92600.0,3000.0,2032500.0
7,2021-10-18 07:45:01,92600.0,100.0,2029500.0
8,2021-10-18 07:45:01,92600.0,800.0,2029400.0
9,2021-10-18 07:45:01,92600.0,200.0,2028600.0
10,2021-10-18 07:45:01,92600.0,500.0,2028400.0
11,2021-10-18 07:45:01,92600.0,8500.0,2027900.0
12,2021-10-18 07:45:01,92600.0,200.0,2019400.0
13,2021-10-18 07:45:01,92600.0,100.0,2019200.0
14,2021-10-18 07:45:01,92600.0,400.0,2019100.0
15,2021-10-18 07:45:01,92600.0,300.0,2018700.0
16,2021-10-18 07:45:01,92600.0,800.0,2018400.0
17,2021-10-18 07:45:01,92600.0,100.0,2017600.0
18,2021-10-18 07:45:01,92600.0,300.0,2017500.0
19,2021-10-18 07:45:01,92600.0,4000.0,2017200.0
20,2021-10-18 07:45:01,92600.0,500.0,2013200.0
21,2021-10-18 07:45:01,92600.0,500.0,2012700.0
22,2021-10-18 07:45:01,92600.0,100.0,2012200.0
23,2021-10-18 07:45:01,92600.0,1000.0,2012100.0
24,2021-10-18 07:45:01,92600.0,2000.0,2011100.0
25,2021-10-18 07:45:01,92600.0,500.0,2009100.0
26,2021-10-18 07:45:01,92600.0,100.0,2008600.0
27,2021-10-18 07:45:01,92600.0,100.0,2008500.0
28,2021-10-18 07:45:01,92600.0,500.0,2008400.0
29,2021-10-18 07:45:01,92600.0,1000.0,2007900.0
30,2021-10-18 07:45:01,92600.0,100.0,2006900.0
31,2021-10-18 07:45:01,92600.0,300.0,2006800.0
32,2021-10-18 07:45:01,92600.0,300.0,2006500.0
33,2021-10-18 07:45:01,92600.0,500.0,2006200.0
34,2021-10-18 07:45:01,92600.0,100.0,2005700.0
35,2021-10-18 07:45:01,92600.0,100.0,2005600.0
36,2021-10-18 07:45:01,92600.0,7100.0,2005500.0
37,2021-10-18 07:45:01,92600.0,4000.0,1998400.0
38,2021-10-18 07:45:01,92600.0,3900.0,1994400.0
39,2021-10-18 07:45:01,92600.0,600.0,1990500.0
40,2021-10-18 07:45:01,92600.0,1000.0,1989900.0
41,2021-10-18 07:45:01,92600.0,700.0,1988900.0
42,2021-10-18 07:45:01,92600.0,400.0,1988200.0
43,2021-10-18 07:45:01,92600.0,1000.0,1987800.0
44,2021-10-18 07:45:01,92600.0,1400.0,1986800.0
45,2021-10-18 07:45:01,92600.0,200.0,1985400.0
46,2021-10-18 07:45:01,92600.0,500.0,1985200.0
47,2021-10-18 07:45:01,92600.0,300.0,1984700.0
48,2021-10-18 07:45:01,92600.0,9200.0,1984400.0
49,2021-10-18 07:45:01,92600.0,100.0,1975200.0
50,2021-10-18 07:45:01,92600.0,100.0,1975100.0
51,2021-10-18 07:45:01,92600.0,100.0,1975000.0
52,2021-10-18 07:45:01,92600.0,100.0,1974900.0
53,2021-10-18 07:45:01,92600.0,400.0,1974800.0
54,2021-10-18 07:45:01,92600.0,1200.0,1974400.0
55,2021-10-18 07:45:01,92600.0,100.0,1973200.0
56,2021-10-18 07:45:01,92600.0,500.0,1973100.0
57,2021-10-18 07:45:01,92600.0,4200.0,1972600.0
58,2021-10-18 07:45:01,92600.0,100.0,1968400.0
59,2021-10-18 07:45:01,92600.0,300.0,1968300.0
60,2021-10-18 07:45:01,92600.0,1000.0,1968000.0
61,2021-10-18 07:45:01,92600.0,500.0,1967000.0
62,2021-10-18 07:45:01,92600.0,200.0,1966500.0
63,2021-10-18 07:45:01,92600.0,3900.0,1966300.0
64,2021-10-18 07:45:01,92600.0,500.0,1962400.0
65,2021-10-18 07:45:01,92600.0,100.0,1961900.0
66,2021-10-18 07:45:01,92600.0,800.0,1961800.0
67,2021-10-18 07:45:01,92600.0,100.0,1961000.0
68,2021-10-18 07:45:01,92600.0,500.0,1960900.0
69,2021-10-18 07:29:54,92000.0,100.0,1960400.0
70,2021-10-18 07:29:37,92000.0,500.0,1960300.0
71,2021-10-18 07:29:30,92600.0,3900.0,1959800.0
72,2021-10-18 07:29:30,92500.0,100.0,1955900.0
73,2021-10-18 07:29:23,92600.0,1500.0,1955800.0
74,2021-10-18 07:29:23,92500.0,500.0,1954300.0
75,2021-10-18 07:29:23,92500.0,200.0,1953800.0
76,2021-10-18 07:29:23,92500.0,500.0,1953600.0
77,2021-10-18 07:29:23,92500.0,1000.0,1953100.0
78,2021-10-18 07:29:23,92500.0,1100.0,1952100.0
79,2021-10-18 07:29:23,92500.0,3200.0,1951000.0
80,2021-10-18 07:29:15,92500.0,1800.0,1947800.0
81,2021-10-18 07:29:15,92500.0,1000.0,1946000.0
82,2021-10-18 07:29:15,92500.0,1000.0,1945000.0
83,2021-10-18 07:29:15,92500.0,100.0,1944000.0
84,2021-10-18 07:29:15,92400.0,4100.0,1943900.0
85,2021-10-18 07:29:07,92400.0,5900.0,1939800.0
86,2021-10-18 07:29:07,92300.0,2000.0,1933900.0
87,2021-10-18 07:29:07,92200.0,100.0,1931900.0
88,2021-10-18 07:28:59,92000.0,1800.0,1931800.0
89,2021-10-18 07:28:52,92000.0,200.0,1930000.0
90,2021-10-18 07:28:52,92000.0,1300.0,1929800.0
91,2021-10-18 07:28:52,92000.0,1100.0,1928500.0
92,2021-10-18 07:28:52,92000.0,500.0,1927400.0
93,2021-10-18 07:28:52,92000.0,800.0,1926900.0
94,2021-10-18 07:28:52,92000.0,4100.0,1926100.0
95,2021-10-18 07:28:33,92000.0,4900.0,1922000.0
96,2021-10-18 07:28:33,91800.0,100.0,1917100.0
97,2021-10-18 07:28:33,91800.0,1000.0,1917000.0
98,2021-10-18 07:28:33,91800.0,2000.0,1916000.0
99,2021-10-18 07:28:26,91800.0,3500.0,1914000.0
100,2021-10-18 07:28:26,91800.0,200.0,1910500.0
101,2021-10-18 07:28:26,91800.0,4300.0,1910300.0
102,2021-10-18 07:27:27,91800.0,1500.0,1906000.0
103,2021-10-18 07:27:27,91800.0,1000.0,1904500.0
104,2021-10-18 07:27:27,91800.0,1000.0,1903500.0
105,2021-10-18 07:27:27,91800.0,1000.0,1902500.0
106,2021-10-18 07:27:27,91800.0,1000.0,1901500.0
107,2021-10-18 07:26:35,92000.0,1000.0,1900500.0
108,2021-10-18 07:26:21,92000.0,1000.0,1899500.0
109,2021-10-18 07:26:21,92000.0,3000.0,1898500.0
110,2021-10-18 07:26:15,91100.0,600.0,1895500.0
111,2021-10-18 07:26:15,91500.0,500.0,1894900.0
112,2021-10-18 07:26:14,91100.0,3400.0,1894400.0
113,2021-10-18 07:26:14,91100.0,200.0,1891000.0
114,2021-10-18 07:26:14,91200.0,200.0,1890800.0
115,2021-10-18 07:26:14,91200.0,100.0,1890600.0
116,2021-10-18 07:26:14,91200.0,500.0,1890500.0
117,2021-10-18 07:26:14,91200.0,100.0,1890000.0
118,2021-10-18 07:26:14,91200.0,1000.0,1889900.0
119,2021-10-18 07:26:14,91200.0,100.0,1888900.0
120,2021-10-18 07:26:14,91200.0,100.0,1888800.0
121,2021-10-18 07:26:14,91300.0,500.0,1888700.0
122,2021-10-18 07:26:14,91300.0,200.0,1888200.0
123,2021-10-18 07:26:14,91300.0,100.0,1888000.0
124,2021-10-18 07:26:14,91300.0,200.0,1887900.0
125,2021-10-18 07:26:14,91300.0,300.0,1887700.0
126,2021-10-18 07:26:14,91300.0,700.0,1887400.0
127,2021-10-18 07:26:14,91300.0,100.0,1886700.0
128,2021-10-18 07:26:14,91300.0,400.0,1886600.0
129,2021-10-18 07:26:14,91300.0,100.0,1886200.0
130,2021-10-18 07:26:14,91300.0,100.0,1886100.0
131,2021-10-18 07:26:14,91400.0,100.0,1886000.0
132,2021-10-18 07:26:14,91400.0,2000.0,1885900.0
133,2021-10-18 07:26:14,91400.0,100.0,1883900.0
134,2021-10-18 07:26:14,91400.0,100.0,1883800.0
135,2021-10-18 07:26:14,91400.0,200.0,1883700.0
136,2021-10-18 07:26:14,91500.0,100.0,1883500.0
137,2021-10-18 07:26:14,91500.0,1000.0,1883400.0
138,2021-10-18 07:26:09,91900.0,1200.0,1882400.0
139,2021-10-18 07:26:09,91900.0,100.0,1881200.0
140,2021-10-18 07:26:09,91700.0,3700.0,1881100.0
141,2021-10-18 07:26:08,91400.0,100.0,1877400.0
142,2021-10-18 07:26:08,91400.0,200.0,1877300.0
143,2021-10-18 07:26:08,91400.0,100.0,1877100.0
144,2021-10-18 07:26:08,91500.0,200.0,1877000.0
145,2021-10-18 07:26:02,91500.0,400.0,1876800.0
146,2021-10-18 07:25:59,91500.0,200.0,1876400.0
147,2021-10-18 07:25:59,91500.0,200.0,1876200.0
148,2021-10-18 07:25:59,91500.0,300.0,1876000.0
149,2021-10-18 07:25:59,91500.0,100.0,1875700.0
150,2021-10-18 07:25:59,91500.0,500.0,1875600.0
151,2021-10-18 07:25:59,91500.0,200.0,1875100.0
152,2021-10-18 07:25:59,91500.0,1000.0,1874900.0
153,2021-10-18 07:25:59,91500.0,300.0,1873900.0
154,2021-10-18 07:25:59,91500.0,200.0,1873600.0
155,2021-10-18 07:25:59,91500.0,2000.0,1873400.0
156,2021-10-18 07:25:59,91500.0,300.0,1871400.0
157,2021-10-18 07:25:59,91500.0,3000.0,1871100.0
158,2021-10-18 07:25:59,91500.0,100.0,1868100.0
159,2021-10-18 07:25:59,91500.0,100.0,1868000.0
160,2021-10-18 07:25:59,91500.0,100.0,1867900.0
161,2021-10-18 07:25:59,91500.0,100.0,1867800.0
162,2021-10-18 07:25:59,91500.0,100.0,1867700.0
163,2021-10-18 07:25:59,91500.0,100.0,1867600.0
164,2021-10-18 07:25:59,91500.0,300.0,1867500.0
165,2021-10-18 07:25:59,91600.0,100.0,1867200.0
166,2021-10-18 07:25:16,91500.0,100.0,1867100.0
167,2021-10-18 07:25:02,91500.0,200.0,1867000.0
168,2021-10-18 07:25:02,91500.0,100.0,1866800.0
169,2021-10-18 07:25:02,91500.0,100.0,1866700.0
170,2021-10-18 07:25:02,91500.0,100.0,1866600.0
171,2021-10-18 07:25:02,91500.0,300.0,1866500.0
172,2021-10-18 07:25:02,91500.0,100.0,1866200.0
173,2021-10-18 07:25:02,91500.0,200.0,1866100.0
174,2021-10-18 07:25:02,91500.0,800.0,1865900.0
175,2021-10-18 07:25:02,91500.0,100.0,1865100.0
176,2021-10-18 07:25:02,91500.0,100.0,1865000.0
177,2021-10-18 07:25:02,91500.0,200.0,1864900.0
178,2021-10-18 07:25:02,91500.0,100.0,1864700.0
179,2021-10-18 07:25:02,91500.0,5000.0,1864600.0
180,2021-10-18 07:25:02,91500.0,1000.0,1859600.0
181,2021-10-18 07:25:02,91500.0,3000.0,1858600.0
182,2021-10-18 07:25:02,91500.0,500.0,1855600.0
183,2021-10-18 07:25:02,91500.0,100.0,1855100.0
184,2021-10-18 07:25:02,91500.0,200.0,1855000.0
185,2021-10-18 07:25:02,91500.0,200.0,1854800.0
186,2021-10-18 07:25:02,91500.0,100.0,1854600.0
187,2021-10-18 07:25:02,91500.0,100.0,1854500.0
188,2021-10-18 07:25:02,91500.0,200.0,1854400.0
189,2021-10-18 07:25:02,91500.0,1000.0,1854200.0
190,2021-10-18 07:25:02,91500.0,5000.0,1853200.0
191,2021-10-18 07:25:02,91500.0,100.0,1848200.0
192,2021-10-18 07:25:02,91500.0,100.0,1848100.0
193,2021-10-18 07:25:02,91500.0,100.0,1848000.0
194,2021-10-18 07:25:02,91500.0,100.0,1847900.0
195,2021-10-18 07:25:02,91500.0,300.0,1847800.0
196,2021-10-18 07:25:02,91500.0,100.0,1847500.0
197,2021-10-18 07:25:02,91500.0,100.0,1847400.0
198,2021-10-18 07:25:02,91500.0,5000.0,1847300.0
199,2021-10-18 07:25:02,91500.0,100.0,1842300.0
200,2021-10-18 07:25:02,91500.0,2000.0,1842200.0
201,2021-10-18 07:25:02,91500.0,5000.0,1840200.0
202,2021-10-18 07:25:02,91600.0,3500.0,1835200.0
203,2021-10-18 07:25:02,91600.0,100.0,1831700.0
204,2021-10-18 07:25:02,91600.0,200.0,1831600.0
205,2021-10-18 07:25:02,91600.0,100.0,1831400.0
206,2021-10-18 07:25:02,91600.0,300.0,1831300.0
207,2021-10-18 07:25:02,91600.0,200.0,1831000.0
208,2021-10-18 07:25:02,91600.0,100.0,1830800.0
209,2021-10-18 07:25:02,91600.0,300.0,1830700.0
210,2021-10-18 07:25:02,91600.0,100.0,1830400.0
211,2021-10-18 07:25:02,91600.0,200.0,1830300.0
212,2021-10-18 07:25:02,91600.0,100.0,1830100.0
213,2021-10-18 07:25:02,91600.0,100.0,1830000.0
214,2021-10-18 07:25:02,91600.0,100.0,1829900.0
215,2021-10-18 07:25:02,91600.0,100.0,1829800.0
216,2021-10-18 07:25:02,91600.0,100.0,1829700.0
217,2021-10-18 07:25:02,91600.0,100.0,1829600.0
218,2021-10-18 07:25:02,91600.0,100.0,1829500.0
219,2021-10-18 07:25:02,91600.0,100.0,1829400.0
220,2021-10-18 07:25:02,91600.0,200.0,1829300.0
221,2021-10-18 07:25:02,91600.0,100.0,1829100.0
222,2021-10-18 07:24:52,91700.0,500.0,1829000.0
223,2021-10-18 07:24:51,91700.0,9000.0,1828500.0
224,2021-10-18 07:24:36,91700.0,100.0,1819500.0
225,2021-10-18 07:24:36,91700.0,200.0,1819400.0
226,2021-10-18 07:24:36,91700.0,100.0,1819200.0
227,2021-10-18 07:24:36,91700.0,100.0,1819100.0
228,2021-10-18 07:24:36,91700.0,500.0,1819000.0
229,2021-10-18 07:24:36,91700.0,100.0,1818500.0
230,2021-10-18 07:24:36,91700.0,100.0,1818400.0
231,2021-10-18 07:24:36,91700.0,200.0,1818300.0
232,2021-10-18 07:24:36,91700.0,100.0,1818100.0
233,2021-10-18 07:24:36,91700.0,500.0,1818000.0
234,2021-10-18 07:24:36,91700.0,1000.0,1817500.0
235,2021-10-18 07:24:36,91700.0,100.0,1816500.0
236,2021-10-18 07:24:36,91700.0,300.0,1816400.0
237,2021-10-18 07:24:36,91700.0,200.0,1816100.0
238,2021-10-18 07:24:36,91700.0,100.0,1815900.0
239,2021-10-18 07:24:36,91700.0,1000.0,1815800.0
240,2021-10-18 07:24:36,91700.0,300.0,1814800.0
241,2021-10-18 07:24:36,91700.0,100.0,1814500.0
242,2021-10-18 07:24:36,91700.0,100.0,1814400.0
243,2021-10-18 07:24:36,91700.0,100.0,1814300.0
244,2021-10-18 07:24:36,91700.0,100.0,1814200.0
245,2021-10-18 07:24:36,91700.0,100.0,1814100.0
246,2021-10-18 07:24:36,91700.0,200.0,1814000.0
247,2021-10-18 07:24:36,91700.0,100.0,1813800.0
248,2021-10-18 07:24:36,91700.0,100.0,1813700.0
249,2021-10-18 07:24:36,91700.0,100.0,1813600.0
250,2021-10-18 07:24:36,91700.0,800.0,1813500.0
251,2021-10-18 07:24:30,91700.0,1200.0,1812700.0
252,2021-10-18 07:24:30,91700.0,100.0,1811500.0
253,2021-10-18 07:24:30,91700.0,300.0,1811400.0
254,2021-10-18 07:24:30,91700.0,100.0,1811100.0
255,2021-10-18 07:24:30,91700.0,100.0,1811000.0
256,2021-10-18 07:24:30,91700.0,200.0,1810900.0
257,2021-10-18 07:24:30,91700.0,200.0,1810700.0
258,2021-10-18 07:24:30,91700.0,100.0,1810500.0
259,2021-10-18 07:24:30,91700.0,1000.0,1810400.0
260,2021-10-18 07:24:30,91700.0,500.0,1809400.0
261,2021-10-18 07:24:30,91700.0,100.0,1808900.0
262,2021-10-18 07:24:30,91700.0,5000.0,1808800.0
263,2021-10-18 07:24:30,91700.0,100.0,1803800.0
264,2021-10-18 07:24:30,91700.0,200.0,1803700.0
265,2021-10-18 07:24:30,91700.0,5000.0,1803500.0
266,2021-10-18 07:24:30,91700.0,100.0,1798500.0
267,2021-10-18 07:24:30,91700.0,100.0,1798400.0
268,2021-10-18 07:24:30,91700.0,200.0,1798300.0
269,2021-10-18 07:24:30,91700.0,5000.0,1798100.0
270,2021-10-18 07:24:30,91700.0,100.0,1793100.0
271,2021-10-18 07:24:30,91700.0,100.0,1793000.0
272,2021-10-18 07:24:30,91700.0,100.0,1792900.0
273,2021-10-18 07:24:30,91700.0,5000.0,1792800.0
274,2021-10-18 07:24:30,91700.0,100.0,1787800.0
275,2021-10-18 07:24:30,91700.0,5000.0,1787700.0
276,2021-10-18 07:24:30,91700.0,500.0,1782700.0
277,2021-10-18 07:24:30,91700.0,2000.0,1782200.0
278,2021-10-18 07:24:30,91700.0,100.0,1780200.0
279,2021-10-18 07:24:30,91800.0,200.0,1780100.0
280,2021-10-18 07:24:30,91800.0,100.0,1779900.0
281,2021-10-18 07:24:30,91800.0,5000.0,1779800.0
282,2021-10-18 07:24:30,91800.0,2000.0,1774800.0
283,2021-10-18 07:24:30,91800.0,100.0,1772800.0
284,2021-10-18 07:24:18,91900.0,500.0,1772700.0
285,2021-10-18 07:23:42,91700.0,400.0,1772200.0
286,2021-10-18 07:23:42,91700.0,100.0,1771800.0
287,2021-10-18 07:23:42,91700.0,400.0,1771700.0
288,2021-10-18 07:23:42,91800.0,100.0,1771300.0
289,2021-10-18 07:23:42,91800.0,100.0,1771200.0
290,2021-10-18 07:23:42,91800.0,200.0,1771100.0
291,2021-10-18 07:23:42,91800.0,100.0,1770900.0
292,2021-10-18 07:23:42,91800.0,100.0,1770800.0
293,2021-10-18 07:23:42,91800.0,100.0,1770700.0
294,2021-10-18 07:23:42,91800.0,200.0,1770600.0
295,2021-10-18 07:23:42,91800.0,100.0,1770400.0
296,2021-10-18 07:23:42,91800.0,300.0,1770300.0
297,2021-10-18 07:23:42,91800.0,600.0,1770000.0
298,2021-10-18 07:23:42,91800.0,1000.0,1769400.0
299,2021-10-18 07:23:42,91800.0,100.0,1768400.0
300,2021-10-18 07:23:42,91800.0,500.0,1768300.0
301,2021-10-18 07:23:42,91800.0,1000.0,1767800.0
302,2021-10-18 07:23:42,91800.0,200.0,1766800.0
303,2021-10-18 07:23:42,91800.0,200.0,1766600.0
304,2021-10-18 07:23:42,91800.0,100.0,1766400.0
305,2021-10-18 07:23:42,91800.0,4000.0,1766300.0
306,2021-10-18 07:23:42,91800.0,500.0,1762300.0
307,2021-10-18 07:23:42,91800.0,200.0,1761800.0
308,2021-10-18 07:23:42,91800.0,500.0,1761600.0
309,2021-10-18 07:23:42,91800.0,1000.0,1761100.0
310,2021-10-18 07:23:42,91800.0,100.0,1760100.0
311,2021-10-18 07:23:42,91800.0,5000.0,1760000.0
312,2021-10-18 07:23:42,91800.0,100.0,1755000.0
313,2021-10-18 07:23:42,91800.0,1000.0,1754900.0
314,2021-10-18 07:23:42,91800.0,200.0,1753900.0
315,2021-10-18 07:23:42,91800.0,500.0,1753700.0
316,2021-10-18 07:23:42,91800.0,200.0,1753200.0
317,2021-10-18 07:23:42,91800.0,100.0,1753000.0
318,2021-10-18 07:23:42,91800.0,100.0,1752900.0
319,2021-10-18 07:23:42,91800.0,500.0,1752800.0
320,2021-10-18 07:23:42,91800.0,200.0,1752300.0
321,2021-10-18 07:23:42,91900.0,200.0,1752100.0
322,2021-10-18 07:23:42,91900.0,700.0,1751900.0
323,2021-10-18 07:23:35,91900.0,4300.0,1751200.0
324,2021-10-18 07:23:35,91900.0,100.0,1746900.0
325,2021-10-18 07:23:35,91900.0,100.0,1746800.0
326,2021-10-18 07:23:35,91900.0,100.0,1746700.0
327,2021-10-18 07:23:35,91900.0,500.0,1746600.0
328,2021-10-18 07:23:35,91900.0,500.0,1746100.0
329,2021-10-18 07:23:35,91900.0,100.0,1745600.0
330,2021-10-18 07:23:35,91900.0,300.0,1745500.0
331,2021-10-18 07:23:25,92000.0,900.0,1745200.0
332,2021-10-18 07:23:22,92000.0,100.0,1744300.0
333,2021-10-18 07:23:21,91900.0,400.0,1744200.0
334,2021-10-18 07:23:21,91900.0,3000.0,1743800.0
335,2021-10-18 07:23:21,91900.0,1000.0,1740800.0
336,2021-10-18 07:23:21,91900.0,100.0,1739800.0
337,2021-10-18 07:23:21,91900.0,1100.0,1739700.0
338,2021-10-18 07:23:10,92000.0,200.0,1738600.0
339,2021-10-18 07:22:56,92000.0,1000.0,1738400.0
340,2021-10-18 07:22:56,92000.0,1000.0,1737400.0
341,2021-10-18 07:22:56,92000.0,7600.0,1736400.0
342,2021-10-18 07:22:56,92000.0,1800.0,1728800.0
343,2021-10-18 07:22:56,92000.0,5000.0,1727000.0
344,2021-10-18 07:22:56,92000.0,500.0,1722000.0
345,2021-10-18 07:22:56,92000.0,100.0,1721500.0
346,2021-10-18 07:22:56,92000.0,1500.0,1721400.0
347,2021-10-18 07:22:51,92500.0,2900.0,1719900.0
348,2021-10-18 07:22:40,92500.0,200.0,1717000.0
349,2021-10-18 07:22:40,92500.0,400.0,1716800.0
350,2021-10-18 07:22:40,92500.0,500.0,1716400.0
351,2021-10-18 07:22:40,92500.0,300.0,1715900.0
352,2021-10-18 07:22:40,92500.0,100.0,1715600.0
353,2021-10-18 07:22:40,92500.0,1600.0,1715500.0
354,2021-10-18 07:22:37,92500.0,400.0,1713900.0
355,2021-10-18 07:22:37,92500.0,100.0,1713500.0
356,2021-10-18 07:22:24,92500.0,900.0,1713400.0
357,2021-10-18 07:22:24,92500.0,7100.0,1712500.0
358,2021-10-18 07:22:18,92500.0,2900.0,1705400.0
359,2021-10-18 07:22:18,92500.0,100.0,1702500.0
360,2021-10-18 07:22:18,92500.0,4000.0,1702400.0
361,2021-10-18 07:21:56,92500.0,7000.0,1698400.0
362,2021-10-18 07:21:51,92500.0,6900.0,1691400.0
363,2021-10-18 07:21:51,92300.0,900.0,1684500.0
364,2021-10-18 07:21:51,92100.0,200.0,1683600.0
365,2021-10-18 07:21:38,92000.0,5000.0,1683400.0
366,2021-10-18 07:21:38,92000.0,3500.0,1678400.0
367,2021-10-18 07:21:22,91900.0,1100.0,1674900.0
368,2021-10-18 07:21:17,91900.0,2800.0,1673800.0
369,2021-10-18 07:21:17,91900.0,200.0,1671000.0
370,2021-10-18 07:21:17,91900.0,900.0,1670800.0
371,2021-10-18 07:21:17,91900.0,300.0,1669900.0
372,2021-10-18 07:21:17,91900.0,200.0,1669600.0
373,2021-10-18 07:21:17,91900.0,100.0,1669400.0
374,2021-10-18 07:21:17,91900.0,100.0,1669300.0
375,2021-10-18 07:21:17,91900.0,100.0,1669200.0
376,2021-10-18 07:21:17,91900.0,300.0,1669100.0
377,2021-10-18 07:20:40,92000.0,100.0,1668800.0
378,2021-10-18 07:20:38,92000.0,100.0,1668700.0
379,2021-10-18 07:20:28,91900.0,4700.0,1668600.0
380,2021-10-18 07:20:28,91900.0,300.0,1663900.0
381,2021-10-18 07:20:09,91900.0,100.0,1663600.0
382,2021-10-18 07:19:50,92000.0,300.0,1663500.0
383,2021-10-18 07:19:32,92000.0,500.0,1663200.0
384,2021-10-18 07:19:24,92000.0,100.0,1662700.0
385,2021-10-18 07:19:14,92000.0,1000.0,1662600.0
386,2021-10-18 07:19:09,92000.0,100.0,1661600.0
387,2021-10-18 07:19:08,92000.0,200.0,1661500.0
388,2021-10-18 07:19:05,92000.0,100.0,1661300.0
389,2021-10-18 07:19:05,92000.0,900.0,1661200.0
390,2021-10-18 07:18:47,92000.0,200.0,1660300.0
391,2021-10-18 07:18:47,92000.0,200.0,1660100.0
392,2021-10-18 07:18:47,92000.0,100.0,1659900.0
393,2021-10-18 07:18:47,92000.0,700.0,1659800.0
394,2021-10-18 07:18:47,92000.0,200.0,1659100.0
395,2021-10-18 07:18:47,92000.0,100.0,1658900.0
396,2021-10-18 07:18:47,92000.0,1000.0,1658800.0
397,2021-10-18 07:18:47,92000.0,500.0,1657800.0
398,2021-10-18 07:18:47,92000.0,3800.0,1657300.0
399,2021-10-18 07:18:23,92500.0,2100.0,1653500.0
400,2021-10-18 07:18:09,92500.0,100.0,1651400.0
401,2021-10-18 07:17:52,92500.0,2000.0,1651300.0
402,2021-10-18 07:17:52,92500.0,3800.0,1649300.0
403,2021-10-18 07:17:45,92000.0,200.0,1645500.0
404,2021-10-18 07:17:42,92000.0,200.0,1645300.0
405,2021-10-18 07:17:40,92000.0,200.0,1645100.0
406,2021-10-18 07:17:37,92000.0,200.0,1644900.0
407,2021-10-18 07:17:33,92000.0,200.0,1644700.0
408,2021-10-18 07:17:30,92000.0,200.0,1644500.0
409,2021-10-18 07:17:25,92000.0,200.0,1644300.0
410,2021-10-18 07:17:25,92500.0,1200.0,1644100.0
411,2021-10-18 07:17:25,92500.0,4800.0,1642900.0
412,2021-10-18 07:17:22,92000.0,200.0,1638100.0
413,2021-10-18 07:17:19,92000.0,200.0,1637900.0
414,2021-10-18 07:17:19,92500.0,7000.0,1637700.0
415,2021-10-18 07:17:16,92000.0,200.0,1630700.0
416,2021-10-18 07:17:13,92000.0,200.0,1630500.0
417,2021-10-18 07:17:08,92000.0,200.0,1630300.0
418,2021-10-18 07:17:06,92000.0,3800.0,1630100.0
419,2021-10-18 07:17:06,91900.0,100.0,1626300.0
420,2021-10-18 07:17:06,91900.0,100.0,1626200.0
421,2021-10-18 07:17:06,91900.0,2800.0,1626100.0
422,2021-10-18 07:17:05,91900.0,200.0,1623300.0
423,2021-10-18 07:17:00,91900.0,100.0,1623100.0
424,2021-10-18 07:17:00,91900.0,100.0,1623000.0
425,2021-10-18 07:16:56,92000.0,200.0,1622900.0
426,2021-10-18 07:16:56,92000.0,100.0,1622700.0
427,2021-10-18 07:16:56,92000.0,100.0,1622600.0
428,2021-10-18 07:16:56,92000.0,200.0,1622500.0
429,2021-10-18 07:16:56,92000.0,200.0,1622300.0
430,2021-10-18 07:16:56,92000.0,100.0,1622100.0
431,2021-10-18 07:16:56,92000.0,100.0,1622000.0
432,2021-10-18 07:16:56,92000.0,100.0,1621900.0
433,2021-10-18 07:16:56,92000.0,900.0,1621800.0
434,2021-10-18 07:16:56,92000.0,300.0,1620900.0
435,2021-10-18 07:16:56,92000.0,100.0,1620600.0
436,2021-10-18 07:16:56,92000.0,200.0,1620500.0
437,2021-10-18 07:16:56,92000.0,400.0,1620300.0
438,2021-10-18 07:16:56,92000.0,200.0,1619900.0
439,2021-10-18 07:16:56,92000.0,100.0,1619700.0
440,2021-10-18 07:16:56,92000.0,200.0,1619600.0
441,2021-10-18 07:16:56,92000.0,200.0,1619400.0
442,2021-10-18 07:16:56,92000.0,500.0,1619200.0
443,2021-10-18 07:16:56,92000.0,1000.0,1618700.0
444,2021-10-18 07:16:56,92000.0,3300.0,1617700.0
445,2021-10-18 07:16:56,92100.0,500.0,1614400.0
446,2021-10-18 07:16:56,92100.0,300.0,1613900.0
447,2021-10-18 07:16:56,92100.0,200.0,1613600.0
448,2021-10-18 07:16:53,92100.0,200.0,1613400.0
449,2021-10-18 07:16:49,92100.0,100.0,1613200.0
450,2021-10-18 07:16:49,92200.0,100.0,1613100.0
451,2021-10-18 07:16:46,92500.0,7000.0,1613000.0
452,2021-10-18 07:16:41,92200.0,100.0,1606000.0
453,2021-10-18 07:16:41,92200.0,100.0,1605900.0
454,2021-10-18 07:16:37,92200.0,100.0,1605800.0
455,2021-10-18 07:16:37,92200.0,100.0,1605700.0
456,2021-10-18 07:16:34,92200.0,100.0,1605600.0
457,2021-10-18 07:16:34,92200.0,100.0,1605500.0
458,2021-10-18 07:14:44,92500.0,1200.0,1605400.0
459,2021-10-18 07:14:40,92600.0,800.0,1604200.0
460,2021-10-18 07:14:39,92600.0,3900.0,1603400.0
461,2021-10-18 07:14:26,92600.0,5000.0,1599500.0
462,2021-10-18 07:14:26,92600.0,900.0,1594500.0
463,2021-10-18 07:14:18,92600.0,100.0,1593600.0
464,2021-10-18 07:13:50,92600.0,100.0,1593500.0
465,2021-10-18 07:13:50,92600.0,6000.0,1593400.0
466,2021-10-18 07:13:50,92600.0,900.0,1587400.0
467,2021-10-18 07:13:48,92500.0,100.0,1586500.0
468,2021-10-18 07:13:46,92500.0,100.0,1586400.0
469,2021-10-18 07:13:42,92500.0,100.0,1586300.0
470,2021-10-18 07:13:40,92600.0,600.0,1586200.0
471,2021-10-18 07:13:40,92600.0,500.0,1585600.0
472,2021-10-18 07:13:36,92500.0,400.0,1585100.0
473,2021-10-18 07:13:33,92500.0,600.0,1584700.0
474,2021-10-18 07:13:33,92500.0,4900.0,1584100.0
475,2021-10-18 07:13:33,92400.0,600.0,1579200.0
476,2021-10-18 07:13:23,92400.0,100.0,1578600.0
477,2021-10-18 07:13:23,92400.0,100.0,1578500.0
478,2021-10-18 07:13:23,92400.0,400.0,1578400.0
479,2021-10-18 07:13:21,92400.0,1600.0,1578000.0
480,2021-10-18 07:13:21,92400.0,100.0,1576400.0
481,2021-10-18 07:13:21,92400.0,200.0,1576300.0
482,2021-10-18 07:13:21,92400.0,100.0,1576100.0
483,2021-10-18 07:13:21,92400.0,200.0,1576000.0
484,2021-10-18 07:13:21,92400.0,800.0,1575800.0
485,2021-10-18 07:13:20,92500.0,100.0,1575000.0
486,2021-10-18 07:13:20,92500.0,500.0,1574900.0
487,2021-10-18 07:13:20,92500.0,6400.0,1574400.0
488,2021-10-18 07:13:14,92500.0,5000.0,1568000.0
489,2021-10-18 07:13:14,92500.0,700.0,1563000.0
490,2021-10-18 07:13:01,92500.0,800.0,1562300.0
491,2021-10-18 07:12:59,92400.0,1500.0,1561500.0
492,2021-10-18 07:12:53,92500.0,1200.0,1560000.0
493,2021-10-18 07:12:41,92500.0,1200.0,1558800.0
494,2021-10-18 07:12:27,92500.0,800.0,1557600.0
495,2021-10-18 07:12:19,92500.0,700.0,1556800.0
496,2021-10-18 07:12:03,92500.0,700.0,1556100.0
497,2021-10-18 07:11:51,92500.0,1000.0,1555400.0
498,2021-10-18 07:11:41,92500.0,100.0,1554400.0
499,2021-10-18 07:11:41,92500.0,400.0,1554300.0
500,2021-10-18 07:11:41,92500.0,1000.0,1553900.0
501,2021-10-18 07:11:21,92600.0,500.0,1552900.0
502,2021-10-18 07:11:21,92600.0,500.0,1552400.0
503,2021-10-18 07:11:09,92600.0,5000.0,1551900.0
504,2021-10-18 07:11:09,92600.0,4500.0,1546900.0
505,2021-10-18 07:10:56,92600.0,100.0,1542400.0
506,2021-10-18 07:10:16,92700.0,500.0,1542300.0
507,2021-10-18 07:10:03,92700.0,500.0,1541800.0
508,2021-10-18 07:09:49,92700.0,500.0,1541300.0
509,2021-10-18 07:09:44,92700.0,500.0,1540800.0
510,2021-10-18 07:09:34,92700.0,500.0,1540300.0
511,2021-10-18 07:09:34,92700.0,300.0,1539800.0
512,2021-10-18 07:09:27,92700.0,500.0,1539500.0
513,2021-10-18 07:09:27,92700.0,200.0,1539000.0
514,2021-10-18 07:09:27,92700.0,2000.0,1538800.0
515,2021-10-18 07:09:27,92700.0,400.0,1536800.0
516,2021-10-18 07:09:27,92700.0,2100.0,1536400.0
517,2021-10-18 07:09:23,92700.0,5000.0,1534300.0
518,2021-10-18 07:09:18,92600.0,100.0,1529300.0
519,2021-10-18 07:08:32,92600.0,500.0,1529200.0
520,2021-10-18 07:08:02,92700.0,2900.0,1528700.0
521,2021-10-18 07:07:50,92700.0,100.0,1525800.0
522,2021-10-18 07:07:40,92700.0,5000.0,1525700.0
523,2021-10-18 07:07:37,92600.0,300.0,1520700.0
524,2021-10-18 07:07:35,92700.0,5000.0,1520400.0
525,2021-10-18 07:07:23,92600.0,1500.0,1515400.0
526,2021-10-18 07:06:15,92500.0,100.0,1513900.0
527,2021-10-18 07:06:15,92500.0,2900.0,1513800.0
528,2021-10-18 07:05:52,92500.0,200.0,1510900.0
529,2021-10-18 07:05:49,92500.0,400.0,1510700.0
530,2021-10-18 07:05:46,92500.0,400.0,1510300.0
531,2021-10-18 07:05:44,92500.0,300.0,1509900.0
532,2021-10-18 07:05:44,92600.0,100.0,1509600.0
533,2021-10-18 07:05:40,92600.0,400.0,1509500.0
534,2021-10-18 07:05:39,92600.0,100.0,1509100.0
535,2021-10-18 07:05:39,92600.0,200.0,1509000.0
536,2021-10-18 07:05:39,92600.0,300.0,1508800.0
537,2021-10-18 07:05:39,92600.0,400.0,1508500.0
538,2021-10-18 07:05:39,92600.0,400.0,1508100.0
539,2021-10-18 07:05:39,92600.0,1000.0,1507700.0
540,2021-10-18 07:05:39,92600.0,100.0,1506700.0
541,2021-10-18 07:05:39,92600.0,7600.0,1506600.0
542,2021-10-18 07:05:37,92600.0,300.0,1499000.0
543,2021-10-18 07:05:37,92700.0,100.0,1498700.0
544,2021-10-18 07:05:35,92600.0,100.0,1498600.0
545,2021-10-18 07:05:33,92600.0,400.0,1498500.0
546,2021-10-18 07:05:30,92600.0,400.0,1498100.0
547,2021-10-18 07:05:26,92600.0,5000.0,1497700.0
548,2021-10-18 07:05:25,92600.0,400.0,1492700.0
549,2021-10-18 07:05:21,92600.0,400.0,1492300.0
550,2021-10-18 07:05:18,92600.0,5100.0,1491900.0
551,2021-10-18 07:05:18,92700.0,500.0,1486800.0
552,2021-10-18 07:05:18,92700.0,500.0,1486300.0
553,2021-10-18 07:05:18,92700.0,100.0,1485800.0
554,2021-10-18 07:05:18,92700.0,100.0,1485700.0
555,2021-10-18 07:05:18,92700.0,1400.0,1485600.0
556,2021-10-18 07:05:10,92700.0,200.0,1484200.0
557,2021-10-18 07:04:21,92800.0,400.0,1484000.0
558,2021-10-18 07:03:49,92800.0,500.0,1483600.0
559,2021-10-18 07:03:41,92900.0,1000.0,1483100.0
560,2021-10-18 07:03:28,92900.0,800.0,1482100.0
561,2021-10-18 07:03:19,92900.0,600.0,1481300.0
562,2021-10-18 07:03:19,92900.0,500.0,1480700.0
563,2021-10-18 07:03:09,92900.0,1100.0,1480200.0
564,2021-10-18 07:03:06,92800.0,100.0,1479100.0
565,2021-10-18 07:02:56,92900.0,600.0,1479000.0
566,2021-10-18 07:02:56,92900.0,600.0,1478400.0
567,2021-10-18 07:02:50,92800.0,700.0,1477800.0
568,2021-10-18 07:02:47,92900.0,700.0,1477100.0
569,2021-10-18 07:02:32,92900.0,900.0,1476400.0
570,2021-10-18 07:02:20,92900.0,800.0,1475500.0
571,2021-10-18 07:02:10,92900.0,1200.0,1474700.0
572,2021-10-18 07:01:58,92900.0,1200.0,1473500.0
573,2021-10-18 07:01:48,92900.0,700.0,1472300.0
574,2021-10-18 07:01:43,92900.0,200.0,1471600.0
575,2021-10-18 07:01:42,92800.0,1300.0,1471400.0
576,2021-10-18 07:01:42,92800.0,100.0,1470100.0
577,2021-10-18 07:01:38,92900.0,400.0,1470000.0
578,2021-10-18 07:01:38,92800.0,100.0,1469600.0
579,2021-10-18 07:01:38,92800.0,100.0,1469500.0
580,2021-10-18 07:01:38,92800.0,1800.0,1469400.0
581,2021-10-18 07:01:37,92900.0,900.0,1467600.0
582,2021-10-18 07:01:36,92900.0,400.0,1466700.0
583,2021-10-18 07:01:32,92900.0,400.0,1466300.0
584,2021-10-18 07:01:30,92900.0,400.0,1465900.0
585,2021-10-18 07:01:28,92900.0,700.0,1465500.0
586,2021-10-18 07:01:25,92900.0,400.0,1464800.0
587,2021-10-18 07:01:22,92900.0,100.0,1464400.0
588,2021-10-18 07:01:22,92900.0,300.0,1464300.0
589,2021-10-18 07:01:18,92900.0,400.0,1464000.0
590,2021-10-18 07:01:17,92900.0,600.0,1463600.0
591,2021-10-18 07:01:17,92900.0,100.0,1463000.0
592,2021-10-18 07:01:17,92900.0,100.0,1462900.0
593,2021-10-18 07:01:17,92900.0,300.0,1462800.0
594,2021-10-18 07:01:14,92900.0,300.0,1462500.0
595,2021-10-18 07:01:14,92900.0,100.0,1462200.0
596,2021-10-18 07:01:10,92900.0,100.0,1462100.0
597,2021-10-18 07:01:10,92900.0,300.0,1462000.0
598,2021-10-18 07:01:05,92900.0,500.0,1461700.0
599,2021-10-18 07:01:05,92900.0,300.0,1461200.0
600,2021-10-18 07:01:04,92900.0,200.0,1460900.0
601,2021-10-18 07:00:49,92800.0,200.0,1460700.0
602,2021-10-18 07:00:43,92800.0,200.0,1460500.0
603,2021-10-18 07:00:24,92800.0,300.0,1460300.0
604,2021-10-18 07:00:14,92800.0,2000.0,1460000.0
605,2021-10-18 07:00:13,92800.0,100.0,1458000.0
606,2021-10-18 07:00:02,92800.0,400.0,1457900.0
607,2021-10-18 06:59:51,92800.0,600.0,1457500.0
608,2021-10-18 06:59:47,92800.0,600.0,1456900.0
609,2021-10-18 06:59:02,92800.0,300.0,1456300.0
610,2021-10-18 06:58:41,92800.0,300.0,1456000.0
611,2021-10-18 06:58:31,92800.0,2000.0,1455700.0
612,2021-10-18 06:57:54,92900.0,500.0,1453700.0
613,2021-10-18 06:57:54,92900.0,200.0,1453200.0
614,2021-10-18 06:57:54,92900.0,300.0,1453000.0
615,2021-10-18 06:57:49,92800.0,200.0,1452700.0
616,2021-10-18 06:57:19,92900.0,800.0,1452500.0
617,2021-10-18 06:57:19,92800.0,300.0,1451700.0
618,2021-10-18 06:57:07,92900.0,400.0,1451400.0
619,2021-10-18 06:57:05,92900.0,400.0,1451000.0
620,2021-10-18 06:57:03,92700.0,5000.0,1450600.0
621,2021-10-18 06:57:03,92900.0,900.0,1445600.0
622,2021-10-18 06:57:02,92900.0,200.0,1444700.0
623,2021-10-18 06:57:02,92900.0,200.0,1444500.0
624,2021-10-18 06:57:01,92700.0,100.0,1444300.0
625,2021-10-18 06:56:59,92900.0,400.0,1444200.0
626,2021-10-18 06:56:57,92900.0,400.0,1443800.0
627,2021-10-18 06:56:54,92900.0,400.0,1443400.0
628,2021-10-18 06:56:49,92900.0,200.0,1443000.0
629,2021-10-18 06:56:49,92800.0,100.0,1442800.0
630,2021-10-18 06:56:49,92800.0,100.0,1442700.0
631,2021-10-18 06:56:43,92800.0,200.0,1442600.0
632,2021-10-18 06:56:40,92800.0,200.0,1442400.0
633,2021-10-18 06:56:36,92800.0,200.0,1442200.0
634,2021-10-18 06:56:36,92800.0,1400.0,1442000.0
635,2021-10-18 06:56:33,92800.0,200.0,1440600.0
636,2021-10-18 06:56:29,92800.0,200.0,1440400.0
637,2021-10-18 06:56:25,92800.0,200.0,1440200.0
638,2021-10-18 06:55:32,92700.0,700.0,1440000.0
639,2021-10-18 06:55:32,92800.0,1700.0,1439300.0
640,2021-10-18 06:55:29,92800.0,300.0,1437600.0
641,2021-10-18 06:55:28,92800.0,100.0,1437300.0
642,2021-10-18 06:55:23,92800.0,1000.0,1437200.0
643,2021-10-18 06:55:23,92800.0,300.0,1436200.0
644,2021-10-18 06:55:23,92800.0,400.0,1435900.0
645,2021-10-18 06:55:23,92800.0,3700.0,1435500.0
646,2021-10-18 06:55:23,92800.0,100.0,1431800.0
647,2021-10-18 06:55:23,92800.0,400.0,1431700.0
648,2021-10-18 06:55:02,92800.0,7000.0,1431300.0
649,2021-10-18 06:55:00,92700.0,600.0,1424300.0
650,2021-10-18 06:55:00,92700.0,100.0,1423700.0
651,2021-10-18 06:55:00,92700.0,300.0,1423600.0
652,2021-10-18 06:54:56,92800.0,2600.0,1423300.0
653,2021-10-18 06:54:56,92800.0,500.0,1420700.0
654,2021-10-18 06:54:56,92800.0,200.0,1420200.0
655,2021-10-18 06:54:56,92800.0,1000.0,1420000.0
656,2021-10-18 06:54:56,92800.0,3700.0,1419000.0
657,2021-10-18 06:54:49,92700.0,500.0,1415300.0
658,2021-10-18 06:54:35,92700.0,200.0,1414800.0
659,2021-10-18 06:54:29,92800.0,6300.0,1414600.0
660,2021-10-18 06:54:29,92800.0,100.0,1408300.0
661,2021-10-18 06:54:29,92800.0,300.0,1408200.0
662,2021-10-18 06:54:29,92800.0,100.0,1407900.0
663,2021-10-18 06:54:29,92800.0,100.0,1407800.0
664,2021-10-18 06:54:29,92800.0,1100.0,1407700.0
665,2021-10-18 06:54:25,92800.0,7000.0,1406600.0
666,2021-10-18 06:54:20,92700.0,300.0,1399600.0
667,2021-10-18 06:54:14,92700.0,200.0,1399300.0
668,2021-10-18 06:54:07,92700.0,1000.0,1399100.0
669,2021-10-18 06:54:04,92700.0,1800.0,1398100.0
670,2021-10-18 06:54:04,92800.0,1900.0,1396300.0
671,2021-10-18 06:54:04,92800.0,500.0,1394400.0
672,2021-10-18 06:54:04,92800.0,100.0,1393900.0
673,2021-10-18 06:54:04,92800.0,300.0,1393800.0
674,2021-10-18 06:54:04,92800.0,2200.0,1393500.0
675,2021-10-18 06:53:56,92800.0,300.0,1391300.0
676,2021-10-18 06:53:56,92800.0,4700.0,1391000.0
677,2021-10-18 06:53:52,92700.0,100.0,1386300.0
678,2021-10-18 06:53:44,92700.0,300.0,1386200.0
679,2021-10-18 06:53:43,92700.0,1000.0,1385900.0
680,2021-10-18 06:53:43,92700.0,1300.0,1384900.0
681,2021-10-18 06:53:36,92600.0,100.0,1383600.0
682,2021-10-18 06:53:27,92700.0,2000.0,1383500.0
683,2021-10-18 06:53:21,92700.0,2400.0,1381500.0
684,2021-10-18 06:53:21,92700.0,2000.0,1379100.0
685,2021-10-18 06:53:21,92700.0,1100.0,1377100.0
686,2021-10-18 06:53:21,92700.0,6200.0,1376000.0
687,2021-10-18 06:53:05,92700.0,100.0,1369800.0
688,2021-10-18 06:53:02,92800.0,1200.0,1369700.0
689,2021-10-18 06:52:51,92700.0,900.0,1368500.0
690,2021-10-18 06:52:27,92800.0,500.0,1367600.0
691,2021-10-18 06:51:39,92800.0,700.0,1367100.0
692,2021-10-18 06:51:25,92700.0,100.0,1366400.0
693,2021-10-18 06:51:14,92800.0,900.0,1366300.0
694,2021-10-18 06:51:00,92800.0,100.0,1365400.0
695,2021-10-18 06:50:37,92800.0,5000.0,1365300.0
696,2021-10-18 06:50:25,92800.0,500.0,1360300.0
697,2021-10-18 06:50:25,92800.0,500.0,1359800.0
698,2021-10-18 06:49:08,92700.0,400.0,1359300.0
699,2021-10-18 06:48:13,92900.0,400.0,1358900.0
700,2021-10-18 06:48:10,92900.0,100.0,1358500.0
701,2021-10-18 06:48:10,92900.0,100.0,1358400.0
702,2021-10-18 06:48:10,92900.0,500.0,1358300.0
703,2021-10-18 06:48:10,92900.0,300.0,1357800.0
704,2021-10-18 06:48:10,92900.0,100.0,1357500.0
705,2021-10-18 06:48:10,92900.0,100.0,1357400.0
706,2021-10-18 06:48:10,92900.0,3400.0,1357300.0
707,2021-10-18 06:48:02,92700.0,100.0,1353900.0
708,2021-10-18 06:47:46,92900.0,1600.0,1353800.0
709,2021-10-18 06:47:38,92900.0,100.0,1352200.0
710,2021-10-18 06:47:29,92900.0,100.0,1352100.0
711,2021-10-18 06:47:14,92900.0,2000.0,1352000.0
712,2021-10-18 06:47:09,92900.0,100.0,1350000.0
713,2021-10-18 06:47:09,92900.0,300.0,1349900.0
714,2021-10-18 06:47:09,92900.0,500.0,1349600.0
715,2021-10-18 06:47:09,92900.0,300.0,1349100.0
716,2021-10-18 06:47:09,92900.0,300.0,1348800.0
717,2021-10-18 06:47:09,92900.0,100.0,1348500.0
718,2021-10-18 06:47:09,92900.0,100.0,1348400.0
719,2021-10-18 06:47:09,92900.0,300.0,1348300.0
720,2021-10-18 06:47:09,92900.0,200.0,1348000.0
721,2021-10-18 06:47:09,92900.0,1000.0,1347800.0
722,2021-10-18 06:47:09,92900.0,100.0,1346800.0
723,2021-10-18 06:47:09,92900.0,100.0,1346700.0
724,2021-10-18 06:47:09,92900.0,100.0,1346600.0
725,2021-10-18 06:47:09,92900.0,600.0,1346500.0
726,2021-10-18 06:47:09,92800.0,100.0,1345900.0
727,2021-10-18 06:46:57,92900.0,400.0,1345800.0
728,2021-10-18 06:46:57,92900.0,100.0,1345400.0
729,2021-10-18 06:46:57,92900.0,100.0,1345300.0
730,2021-10-18 06:46:57,92900.0,100.0,1345200.0
731,2021-10-18 06:46:57,92900.0,500.0,1345100.0
732,2021-10-18 06:46:57,92900.0,100.0,1344600.0
733,2021-10-18 06:46:57,92900.0,200.0,1344500.0
734,2021-10-18 06:46:57,92900.0,500.0,1344300.0
735,2021-10-18 06:46:57,92900.0,200.0,1343800.0
736,2021-10-18 06:46:57,92900.0,3000.0,1343600.0
737,2021-10-18 06:46:57,92900.0,500.0,1340600.0
738,2021-10-18 06:46:57,92900.0,2000.0,1340100.0
739,2021-10-18 06:46:57,92900.0,100.0,1338100.0
740,2021-10-18 06:46:57,92900.0,200.0,1338000.0
741,2021-10-18 06:46:37,92900.0,800.0,1337800.0
742,2021-10-18 06:46:37,92900.0,100.0,1337000.0
743,2021-10-18 06:46:37,92900.0,1000.0,1336900.0
744,2021-10-18 06:46:37,92900.0,100.0,1335900.0
745,2021-10-18 06:46:37,92900.0,1900.0,1335800.0
746,2021-10-18 06:46:37,92900.0,200.0,1333900.0
747,2021-10-18 06:46:37,92900.0,100.0,1333700.0
748,2021-10-18 06:46:37,92900.0,100.0,1333600.0
749,2021-10-18 06:46:37,92900.0,100.0,1333500.0
750,2021-10-18 06:46:37,92900.0,100.0,1333400.0
751,2021-10-18 06:46:37,92900.0,300.0,1333300.0
752,2021-10-18 06:46:37,92900.0,1000.0,1333000.0
753,2021-10-18 06:46:37,92900.0,1000.0,1332000.0
754,2021-10-18 06:46:37,92900.0,100.0,1331000.0
755,2021-10-18 06:46:37,92900.0,100.0,1330900.0
756,2021-10-18 06:46:34,92900.0,800.0,1330800.0
757,2021-10-18 06:46:34,92900.0,300.0,1330000.0
758,2021-10-18 06:46:34,92900.0,4200.0,1329700.0
759,2021-10-18 06:46:34,92800.0,1700.0,1325500.0
760,2021-10-18 06:46:28,92800.0,100.0,1323800.0
761,2021-10-18 06:46:26,92800.0,200.0,1323700.0
762,2021-10-18 06:46:22,92800.0,100.0,1323500.0
763,2021-10-18 06:46:11,92800.0,200.0,1323400.0
764,2021-10-18 06:46:10,92800.0,200.0,1323200.0
765,2021-10-18 06:45:58,92800.0,200.0,1323000.0
766,2021-10-18 06:45:58,92800.0,100.0,1322800.0
767,2021-10-18 06:45:51,92900.0,800.0,1322700.0
768,2021-10-18 06:45:51,92900.0,200.0,1321900.0
769,2021-10-18 06:45:35,92900.0,100.0,1321700.0
770,2021-10-18 06:45:30,92900.0,200.0,1321600.0
771,2021-10-18 06:45:30,92900.0,200.0,1321400.0
772,2021-10-18 06:45:30,92900.0,100.0,1321200.0
773,2021-10-18 06:45:30,92900.0,100.0,1321100.0
774,2021-10-18 06:45:30,92900.0,600.0,1321000.0
775,2021-10-18 06:45:28,92900.0,400.0,1320400.0
776,2021-10-18 06:45:22,92900.0,400.0,1320000.0
777,2021-10-18 06:45:19,92900.0,400.0,1319600.0
778,2021-10-18 06:45:16,92900.0,400.0,1319200.0
779,2021-10-18 06:45:13,92900.0,400.0,1318800.0
780,2021-10-18 06:45:10,92900.0,400.0,1318400.0
781,2021-10-18 06:45:06,92900.0,400.0,1318000.0
782,2021-10-18 06:45:04,92800.0,100.0,1317600.0
783,2021-10-18 06:45:03,92900.0,400.0,1317500.0
784,2021-10-18 06:45:02,92900.0,800.0,1317100.0
785,2021-10-18 06:44:58,92900.0,400.0,1316300.0
786,2021-10-18 06:44:54,92900.0,400.0,1315900.0
787,2021-10-18 06:44:46,92900.0,100.0,1315500.0
788,2021-10-18 06:44:46,92900.0,800.0,1315400.0
789,2021-10-18 06:44:42,92900.0,200.0,1314600.0
790,2021-10-18 06:44:42,92900.0,100.0,1314400.0
791,2021-10-18 06:44:42,92900.0,100.0,1314300.0
792,2021-10-18 06:44:42,92900.0,600.0,1314200.0
793,2021-10-18 06:44:42,92900.0,100.0,1313600.0
794,2021-10-18 06:44:42,92900.0,100.0,1313500.0
795,2021-10-18 06:44:42,92900.0,2800.0,1313400.0
796,2021-10-18 06:44:38,92800.0,200.0,1310600.0
797,2021-10-18 06:44:28,92900.0,100.0,1310400.0
798,2021-10-18 06:44:25,92900.0,100.0,1310300.0
799,2021-10-18 06:44:25,92900.0,1200.0,1310200.0
800,2021-10-18 06:44:22,92900.0,800.0,1309000.0
801,2021-10-18 06:44:22,92900.0,100.0,1308200.0
802,2021-10-18 06:44:22,92900.0,100.0,1308100.0
803,2021-10-18 06:44:22,92900.0,300.0,1308000.0
804,2021-10-18 06:44:20,92800.0,100.0,1307700.0
805,2021-10-18 06:44:18,92900.0,200.0,1307600.0
806,2021-10-18 06:44:18,92900.0,500.0,1307400.0
807,2021-10-18 06:44:18,92900.0,500.0,1306900.0
808,2021-10-18 06:44:17,92900.0,1300.0,1306400.0
809,2021-10-18 06:44:05,92800.0,3000.0,1305100.0
810,2021-10-18 06:44:04,92900.0,200.0,1302100.0
811,2021-10-18 06:44:04,92900.0,400.0,1301900.0
812,2021-10-18 06:43:59,92900.0,500.0,1301500.0
813,2021-10-18 06:43:59,92900.0,300.0,1301000.0
814,2021-10-18 06:43:58,92900.0,500.0,1300700.0
815,2021-10-18 06:43:58,92900.0,100.0,1300200.0
816,2021-10-18 06:43:58,92900.0,300.0,1300100.0
817,2021-10-18 06:43:58,92900.0,100.0,1299800.0
818,2021-10-18 06:43:57,92900.0,900.0,1299700.0
819,2021-10-18 06:43:55,92900.0,200.0,1298800.0
820,2021-10-18 06:43:55,92900.0,100.0,1298600.0
821,2021-10-18 06:43:55,92900.0,100.0,1298500.0
822,2021-10-18 06:43:52,92900.0,100.0,1298400.0
823,2021-10-18 06:43:52,92900.0,100.0,1298300.0
824,2021-10-18 06:43:52,92900.0,100.0,1298200.0
825,2021-10-18 06:43:52,92900.0,100.0,1298100.0
826,2021-10-18 06:43:49,92900.0,400.0,1298000.0
827,2021-10-18 06:43:45,92900.0,200.0,1297600.0
828,2021-10-18 06:43:41,92900.0,200.0,1297400.0
829,2021-10-18 06:43:38,92900.0,300.0,1297200.0
830,2021-10-18 06:43:38,92900.0,200.0,1296900.0
831,2021-10-18 06:43:34,92900.0,200.0,1296700.0
832,2021-10-18 06:43:29,92900.0,200.0,1296500.0
833,2021-10-18 06:43:25,92900.0,200.0,1296300.0
834,2021-10-18 06:43:20,92900.0,200.0,1296100.0
835,2021-10-18 06:42:52,92900.0,1200.0,1295900.0
836,2021-10-18 06:42:39,92900.0,1100.0,1294700.0
837,2021-10-18 06:42:36,92800.0,500.0,1293600.0
838,2021-10-18 06:42:35,92900.0,800.0,1293100.0
839,2021-10-18 06:42:34,92900.0,200.0,1292300.0
840,2021-10-18 06:42:30,92900.0,100.0,1292100.0
841,2021-10-18 06:42:30,92900.0,100.0,1292000.0
842,2021-10-18 06:42:30,92900.0,600.0,1291900.0
843,2021-10-18 06:42:27,92900.0,200.0,1291300.0
844,2021-10-18 06:42:26,92900.0,800.0,1291100.0
845,2021-10-18 06:42:25,92900.0,500.0,1290300.0
846,2021-10-18 06:42:23,92900.0,800.0,1289800.0
847,2021-10-18 06:42:20,92900.0,800.0,1289000.0
848,2021-10-18 06:42:15,92900.0,1100.0,1288200.0
849,2021-10-18 06:42:15,92900.0,600.0,1287100.0
850,2021-10-18 06:42:09,92800.0,400.0,1286500.0
851,2021-10-18 06:41:59,92800.0,1000.0,1286100.0
852,2021-10-18 06:41:58,92900.0,900.0,1285100.0
853,2021-10-18 06:41:35,92900.0,900.0,1284200.0
854,2021-10-18 06:41:29,92900.0,200.0,1283300.0
855,2021-10-18 06:41:24,92900.0,200.0,1283100.0
856,2021-10-18 06:41:21,92900.0,200.0,1282900.0
857,2021-10-18 06:41:18,92900.0,200.0,1282700.0
858,2021-10-18 06:41:17,92900.0,100.0,1282500.0
859,2021-10-18 06:41:17,92900.0,200.0,1282400.0
860,2021-10-18 06:41:17,92900.0,500.0,1282200.0
861,2021-10-18 06:41:17,92900.0,100.0,1281700.0
862,2021-10-18 06:41:17,92900.0,100.0,1281600.0
863,2021-10-18 06:41:17,92900.0,100.0,1281500.0
864,2021-10-18 06:41:17,92900.0,900.0,1281400.0
865,2021-10-18 06:41:15,92900.0,1000.0,1280500.0
866,2021-10-18 06:41:14,92900.0,7000.0,1279500.0
867,2021-10-18 06:41:13,92900.0,200.0,1272500.0
868,2021-10-18 06:41:10,92900.0,200.0,1272300.0
869,2021-10-18 06:41:07,92900.0,200.0,1272100.0
870,2021-10-18 06:41:04,92800.0,300.0,1271900.0
871,2021-10-18 06:41:04,92900.0,200.0,1271600.0
872,2021-10-18 06:41:00,92900.0,200.0,1271400.0
873,2021-10-18 06:40:58,92800.0,2000.0,1271200.0
874,2021-10-18 06:40:57,92900.0,100.0,1269200.0
875,2021-10-18 06:40:57,92900.0,100.0,1269100.0
876,2021-10-18 06:40:54,92900.0,200.0,1269000.0
877,2021-10-18 06:40:53,92900.0,300.0,1268800.0
878,2021-10-18 06:40:53,92900.0,100.0,1268500.0
879,2021-10-18 06:40:53,92900.0,300.0,1268400.0
880,2021-10-18 06:40:53,92900.0,300.0,1268100.0
881,2021-10-18 06:40:53,92800.0,1000.0,1267800.0
882,2021-10-18 06:40:52,92800.0,100.0,1266800.0
883,2021-10-18 06:40:52,92800.0,200.0,1266700.0
884,2021-10-18 06:40:52,92800.0,1000.0,1266500.0
885,2021-10-18 06:40:52,92800.0,100.0,1265500.0
886,2021-10-18 06:40:52,92800.0,100.0,1265400.0
887,2021-10-18 06:40:52,92800.0,400.0,1265300.0
888,2021-10-18 06:40:52,92800.0,100.0,1264900.0
889,2021-10-18 06:40:51,92800.0,200.0,1264800.0
890,2021-10-18 06:40:48,92800.0,200.0,1264600.0
891,2021-10-18 06:40:45,92800.0,200.0,1264400.0
892,2021-10-18 06:40:42,92800.0,200.0,1264200.0
893,2021-10-18 06:40:39,92800.0,700.0,1264000.0
894,2021-10-18 06:40:39,92800.0,200.0,1263300.0
895,2021-10-18 06:40:39,92800.0,200.0,1263100.0
896,2021-10-18 06:40:39,92800.0,200.0,1262900.0
897,2021-10-18 06:40:39,92800.0,100.0,1262700.0
898,2021-10-18 06:40:39,92800.0,1500.0,1262600.0
899,2021-10-18 06:40:39,92800.0,1100.0,1261100.0
900,2021-10-18 06:40:39,92800.0,100.0,1260000.0
901,2021-10-18 06:40:39,92800.0,500.0,1259900.0
902,2021-10-18 06:40:39,92800.0,300.0,1259400.0
903,2021-10-18 06:40:39,92800.0,200.0,1259100.0
904,2021-10-18 06:40:39,92800.0,500.0,1258900.0
905,2021-10-18 06:40:39,92800.0,100.0,1258400.0
906,2021-10-18 06:40:39,92800.0,300.0,1258300.0
907,2021-10-18 06:40:39,92800.0,1000.0,1258000.0
908,2021-10-18 06:40:38,92800.0,500.0,1257000.0
909,2021-10-18 06:40:38,92800.0,500.0,1256500.0
910,2021-10-18 06:40:38,92800.0,200.0,1256000.0
911,2021-10-18 06:40:36,92800.0,100.0,1255800.0
912,2021-10-18 06:40:35,92800.0,200.0,1255700.0
913,2021-10-18 06:40:31,92800.0,200.0,1255500.0
914,2021-10-18 06:40:27,92800.0,200.0,1255300.0
915,2021-10-18 06:40:23,92800.0,100.0,1255100.0
916,2021-10-18 06:40:23,92800.0,100.0,1255000.0
917,2021-10-18 06:40:18,92800.0,400.0,1254900.0
918,2021-10-18 06:40:18,92800.0,500.0,1254500.0
919,2021-10-18 06:40:18,92800.0,1000.0,1254000.0
920,2021-10-18 06:40:18,92800.0,2000.0,1253000.0
921,2021-10-18 06:40:18,92800.0,500.0,1251000.0
922,2021-10-18 06:40:18,92800.0,300.0,1250500.0
923,2021-10-18 06:40:18,92800.0,500.0,1250200.0
924,2021-10-18 06:40:18,92800.0,100.0,1249700.0
925,2021-10-18 06:40:18,92800.0,2700.0,1249600.0
926,2021-10-18 06:40:13,92700.0,700.0,1246900.0
927,2021-10-18 06:40:12,92800.0,2300.0,1246200.0
928,2021-10-18 06:40:12,92800.0,200.0,1243900.0
929,2021-10-18 06:40:12,92800.0,300.0,1243700.0
930,2021-10-18 06:40:12,92800.0,200.0,1243400.0
931,2021-10-18 06:40:12,92800.0,100.0,1243200.0
932,2021-10-18 06:40:12,92800.0,100.0,1243100.0
933,2021-10-18 06:40:12,92800.0,100.0,1243000.0
934,2021-10-18 06:40:12,92800.0,100.0,1242900.0
935,2021-10-18 06:40:12,92800.0,300.0,1242800.0
936,2021-10-18 06:40:12,92800.0,100.0,1242500.0
937,2021-10-18 06:40:12,92800.0,1000.0,1242400.0
938,2021-10-18 06:40:12,92800.0,100.0,1241400.0
939,2021-10-18 06:40:12,92800.0,500.0,1241300.0
940,2021-10-18 06:40:12,92800.0,100.0,1240800.0
941,2021-10-18 06:40:12,92800.0,200.0,1240700.0
942,2021-10-18 06:40:12,92800.0,500.0,1240500.0
943,2021-10-18 06:40:12,92800.0,300.0,1240000.0
944,2021-10-18 06:40:12,92800.0,100.0,1239700.0
945,2021-10-18 06:40:12,92800.0,500.0,1239600.0
946,2021-10-18 06:40:12,92800.0,700.0,1239100.0
947,2021-10-18 06:40:12,92800.0,200.0,1238400.0
948,2021-10-18 06:40:12,92800.0,1000.0,1238200.0
949,2021-10-18 06:40:05,92800.0,100.0,1237200.0
950,2021-10-18 06:40:05,92800.0,200.0,1237100.0
951,2021-10-18 06:40:05,92800.0,400.0,1236900.0
952,2021-10-18 06:40:05,92800.0,300.0,1236500.0
953,2021-10-18 06:40:05,92700.0,500.0,1236200.0
954,2021-10-18 06:39:48,92700.0,6000.0,1235700.0
955,2021-10-18 06:39:45,92700.0,1200.0,1229700.0
956,2021-10-18 06:39:45,92700.0,300.0,1228500.0
957,2021-10-18 06:39:45,92700.0,2800.0,1228200.0
958,2021-10-18 06:39:42,92800.0,500.0,1225400.0
959,2021-10-18 06:39:42,92800.0,1000.0,1224900.0
960,2021-10-18 06:39:42,92800.0,500.0,1223900.0
961,2021-10-18 06:39:42,92800.0,5000.0,1223400.0
962,2021-10-18 06:39:30,92800.0,5000.0,1218400.0
963,2021-10-18 06:39:30,92800.0,500.0,1213400.0
964,2021-10-18 06:39:30,92800.0,1500.0,1212900.0
965,2021-10-18 06:39:25,92800.0,3500.0,1211400.0
966,2021-10-18 06:39:25,92800.0,2500.0,1207900.0
967,2021-10-18 06:39:25,92700.0,300.0,1205400.0
968,2021-10-18 06:39:24,92800.0,1000.0,1205100.0
969,2021-10-18 06:39:21,92700.0,100.0,1204100.0
970,2021-10-18 06:39:21,92700.0,100.0,1204000.0
971,2021-10-18 06:39:15,92700.0,100.0,1203900.0
972,2021-10-18 06:39:15,92700.0,1100.0,1203800.0
973,2021-10-18 06:39:08,92700.0,100.0,1202700.0
974,2021-10-18 06:39:07,92700.0,100.0,1202600.0
975,2021-10-18 06:38:43,92700.0,100.0,1202500.0
976,2021-10-18 06:38:43,92700.0,200.0,1202400.0
977,2021-10-18 06:38:38,92700.0,300.0,1202200.0
978,2021-10-18 06:38:38,92700.0,100.0,1201900.0
979,2021-10-18 06:38:38,92700.0,1000.0,1201800.0
980,2021-10-18 06:38:38,92700.0,200.0,1200800.0
981,2021-10-18 06:38:38,92700.0,1000.0,1200600.0
982,2021-10-18 06:38:38,92700.0,1000.0,1199600.0
983,2021-10-18 06:38:38,92700.0,200.0,1198600.0
984,2021-10-18 06:38:38,92700.0,100.0,1198400.0
985,2021-10-18 06:38:38,92700.0,100.0,1198300.0
986,2021-10-18 06:38:38,92700.0,1000.0,1198200.0
987,2021-10-18 06:38:34,92600.0,500.0,1197200.0
988,2021-10-18 06:38:00,92600.0,100.0,1196700.0
989,2021-10-18 06:37:44,92700.0,100.0,1196600.0
990,2021-10-18 06:37:42,92700.0,300.0,1196500.0
991,2021-10-18 06:37:39,92700.0,600.0,1196200.0
992,2021-10-18 06:37:39,92700.0,1100.0,1195600.0
993,2021-10-18 06:37:39,92700.0,100.0,1194500.0
994,2021-10-18 06:37:39,92700.0,300.0,1194400.0
995,2021-10-18 06:37:39,92700.0,100.0,1194100.0
996,2021-10-18 06:37:39,92700.0,600.0,1194000.0
997,2021-10-18 06:37:39,92700.0,100.0,1193400.0
998,2021-10-18 06:37:39,92700.0,100.0,1193300.0
999,2021-10-18 06:37:39,92700.0,100.0,1193200.0
1000,2021-10-18 06:37:39,92700.0,100.0,1193100.0
1001,2021-10-18 06:37:39,92700.0,100.0,1193000.0
1002,2021-10-18 06:37:39,92700.0,200.0,1192900.0
1003,2021-10-18 06:37:39,92700.0,1000.0,1192700.0
1004,2021-10-18 06:37:39,92700.0,500.0,1191700.0
1005,2021-10-18 06:37:35,92700.0,1500.0,1191200.0
1006,2021-10-18 06:37:35,92700.0,1000.0,1189700.0
1007,2021-10-18 06:37:35,92700.0,300.0,1188700.0
1008,2021-10-18 06:37:35,92700.0,1000.0,1188400.0
1009,2021-10-18 06:37:35,92700.0,1200.0,1187400.0
1010,2021-10-18 06:37:02,92700.0,1800.0,1186200.0
1011,2021-10-18 06:37:02,92700.0,500.0,1184400.0
1012,2021-10-18 06:37:02,92700.0,200.0,1183900.0
1013,2021-10-18 06:37:02,92700.0,200.0,1183700.0
1014,2021-10-18 06:37:02,92700.0,900.0,1183500.0
1015,2021-10-18 06:37:02,92700.0,300.0,1182600.0
1016,2021-10-18 06:37:02,92700.0,300.0,1182300.0
1017,2021-10-18 06:37:02,92700.0,500.0,1182000.0
1018,2021-10-18 06:37:02,92700.0,200.0,1181500.0
1019,2021-10-18 06:37:02,92700.0,100.0,1181300.0
1020,2021-10-18 06:36:52,92700.0,5000.0,1181200.0
1021,2021-10-18 06:36:49,92600.0,1000.0,1176200.0
1022,2021-10-18 06:36:49,92600.0,100.0,1175200.0
1023,2021-10-18 06:36:49,92600.0,400.0,1175100.0
1024,2021-10-18 06:36:48,92700.0,4000.0,1174700.0
1025,2021-10-18 06:36:38,92600.0,200.0,1170700.0
1026,2021-10-18 06:35:43,92600.0,500.0,1170500.0
1027,2021-10-18 06:35:43,92600.0,600.0,1170000.0
1028,2021-10-18 06:35:38,92600.0,500.0,1169400.0
1029,2021-10-18 06:35:24,92600.0,100.0,1168900.0
1030,2021-10-18 06:34:49,92600.0,100.0,1168800.0
1031,2021-10-18 06:34:43,92600.0,200.0,1168700.0
1032,2021-10-18 06:34:43,92600.0,1000.0,1168500.0
1033,2021-10-18 06:34:28,92600.0,1000.0,1167500.0
1034,2021-10-18 06:33:27,92600.0,200.0,1166500.0
1035,2021-10-18 06:33:27,92600.0,100.0,1166300.0
1036,2021-10-18 06:33:14,92700.0,800.0,1166200.0
1037,2021-10-18 06:33:14,92600.0,100.0,1165400.0
1038,2021-10-18 06:33:08,92700.0,200.0,1165300.0
1039,2021-10-18 06:33:04,92700.0,200.0,1165100.0
1040,2021-10-18 06:33:01,92700.0,200.0,1164900.0
1041,2021-10-18 06:32:58,92700.0,200.0,1164700.0
1042,2021-10-18 06:32:56,92700.0,200.0,1164500.0
1043,2021-10-18 06:32:53,92700.0,200.0,1164300.0
1044,2021-10-18 06:32:50,92700.0,100.0,1164100.0
1045,2021-10-18 06:32:49,92700.0,200.0,1164000.0
1046,2021-10-18 06:32:45,92700.0,200.0,1163800.0
1047,2021-10-18 06:32:39,92700.0,100.0,1163600.0
1048,2021-10-18 06:32:39,92700.0,100.0,1163500.0
1049,2021-10-18 06:32:36,92700.0,200.0,1163400.0
1050,2021-10-18 06:32:36,92600.0,200.0,1163200.0
1051,2021-10-18 06:32:32,92600.0,300.0,1163000.0
1052,2021-10-18 06:32:31,92700.0,200.0,1162700.0
1053,2021-10-18 06:32:28,92700.0,100.0,1162500.0
1054,2021-10-18 06:32:28,92700.0,100.0,1162400.0
1055,2021-10-18 06:32:24,92700.0,200.0,1162300.0
1056,2021-10-18 06:32:19,92600.0,200.0,1162100.0
1057,2021-10-18 06:32:18,92700.0,200.0,1161900.0
1058,2021-10-18 06:32:12,92700.0,200.0,1161700.0
1059,2021-10-18 06:32:07,92600.0,600.0,1161500.0
1060,2021-10-18 06:32:02,92700.0,200.0,1160900.0
1061,2021-10-18 06:31:50,92600.0,200.0,1160700.0
1062,2021-10-18 06:31:41,92600.0,400.0,1160500.0
1063,2021-10-18 06:31:33,92600.0,300.0,1160100.0
1064,2021-10-18 06:31:15,92600.0,400.0,1159800.0
1065,2021-10-18 06:30:55,92600.0,100.0,1159400.0
1066,2021-10-18 06:30:33,92600.0,1000.0,1159300.0
1067,2021-10-18 06:30:33,92600.0,300.0,1158300.0
1068,2021-10-18 06:30:33,92600.0,1800.0,1158000.0
1069,2021-10-18 06:30:27,92500.0,500.0,1156200.0
1070,2021-10-18 06:30:20,92500.0,300.0,1155700.0
1071,2021-10-18 06:30:11,92500.0,200.0,1155400.0
1072,2021-10-18 06:30:05,92500.0,200.0,1155200.0
1073,2021-10-18 06:29:44,92500.0,500.0,1155000.0
1074,2021-10-18 06:29:44,92500.0,100.0,1154500.0
1075,2021-10-18 06:29:44,92500.0,100.0,1154400.0
1076,2021-10-18 06:29:44,92500.0,4000.0,1154300.0
1077,2021-10-18 06:29:41,92600.0,100.0,1150300.0
1078,2021-10-18 06:29:41,92600.0,100.0,1150200.0
1079,2021-10-18 06:29:41,92600.0,300.0,1150100.0
1080,2021-10-18 06:29:41,92600.0,1500.0,1149800.0
1081,2021-10-18 06:29:37,92600.0,100.0,1148300.0
1082,2021-10-18 06:29:34,92600.0,200.0,1148200.0
1083,2021-10-18 06:29:32,92600.0,200.0,1148000.0
1084,2021-10-18 06:29:09,92600.0,100.0,1147800.0
1085,2021-10-18 06:29:09,92600.0,100.0,1147700.0
1086,2021-10-18 06:29:04,92600.0,200.0,1147600.0
1087,2021-10-18 06:28:46,92600.0,100.0,1147400.0
1088,2021-10-18 06:28:36,92600.0,300.0,1147300.0
1089,2021-10-18 06:28:31,92600.0,100.0,1147000.0
1090,2021-10-18 06:28:31,92600.0,100.0,1146900.0
1091,2021-10-18 06:28:21,92600.0,500.0,1146800.0
1092,2021-10-18 06:28:00,92600.0,200.0,1146300.0
1093,2021-10-18 06:27:57,92600.0,1000.0,1146100.0
1094,2021-10-18 06:27:54,92700.0,600.0,1145100.0
1095,2021-10-18 06:27:54,92700.0,100.0,1144500.0
1096,2021-10-18 06:27:54,92700.0,200.0,1144400.0
1097,2021-10-18 06:26:54,92700.0,200.0,1144200.0
1098,2021-10-18 06:26:26,92700.0,200.0,1144000.0
1099,2021-10-18 06:25:10,92700.0,100.0,1143800.0
1100,2021-10-18 06:25:02,92700.0,300.0,1143700.0
1101,2021-10-18 06:24:39,92700.0,200.0,1143400.0
1102,2021-10-18 06:24:35,92700.0,1000.0,1143200.0
1103,2021-10-18 06:24:23,92700.0,500.0,1142200.0
1104,2021-10-18 06:24:06,92700.0,500.0,1141700.0
1105,2021-10-18 06:24:00,92800.0,100.0,1141200.0
1106,2021-10-18 06:24:00,92800.0,3000.0,1141100.0
1107,2021-10-18 06:24:00,92800.0,500.0,1138100.0
1108,2021-10-18 06:24:00,92800.0,100.0,1137600.0
1109,2021-10-18 06:24:00,92800.0,300.0,1137500.0
1110,2021-10-18 06:23:50,92700.0,400.0,1137200.0
1111,2021-10-18 06:23:50,92700.0,100.0,1136800.0
1112,2021-10-18 06:23:46,92700.0,100.0,1136700.0
1113,2021-10-18 06:23:41,92700.0,500.0,1136600.0
1114,2021-10-18 06:23:08,92700.0,200.0,1136100.0
1115,2021-10-18 06:23:05,92800.0,700.0,1135900.0
1116,2021-10-18 06:23:05,92800.0,200.0,1135200.0
1117,2021-10-18 06:23:04,92800.0,300.0,1135000.0
1118,2021-10-18 06:23:04,92800.0,1900.0,1134700.0
1119,2021-10-18 06:23:04,92800.0,100.0,1132800.0
1120,2021-10-18 06:23:04,92800.0,500.0,1132700.0
1121,2021-10-18 06:23:04,92800.0,200.0,1132200.0
1122,2021-10-18 06:23:04,92800.0,3400.0,1132000.0
1123,2021-10-18 06:23:03,92800.0,200.0,1128600.0
1124,2021-10-18 06:22:57,92800.0,800.0,1128400.0
1125,2021-10-18 06:22:54,92800.0,800.0,1127600.0
1126,2021-10-18 06:22:51,92800.0,800.0,1126800.0
1127,2021-10-18 06:22:49,92800.0,1200.0,1126000.0
1128,2021-10-18 06:22:47,92800.0,800.0,1124800.0
1129,2021-10-18 06:22:43,92800.0,200.0,1124000.0
1130,2021-10-18 06:22:40,92800.0,200.0,1123800.0
1131,2021-10-18 06:22:36,92800.0,200.0,1123600.0
1132,2021-10-18 06:22:31,92700.0,100.0,1123400.0
1133,2021-10-18 06:22:16,92700.0,100.0,1123300.0
1134,2021-10-18 06:22:16,92700.0,200.0,1123200.0
1135,2021-10-18 06:22:15,92700.0,1000.0,1123000.0
1136,2021-10-18 06:21:56,92700.0,1000.0,1122000.0
1137,2021-10-18 06:21:26,92700.0,700.0,1121000.0
1138,2021-10-18 06:21:21,92700.0,300.0,1120300.0
1139,2021-10-18 06:21:21,92700.0,200.0,1120000.0
1140,2021-10-18 06:21:21,92700.0,500.0,1119800.0
1141,2021-10-18 06:21:21,92700.0,500.0,1119300.0
1142,2021-10-18 06:21:21,92700.0,200.0,1118800.0
1143,2021-10-18 06:21:21,92700.0,1000.0,1118600.0
1144,2021-10-18 06:21:21,92700.0,500.0,1117600.0
1145,2021-10-18 06:21:21,92700.0,100.0,1117100.0
1146,2021-10-18 06:21:21,92700.0,500.0,1117000.0
1147,2021-10-18 06:21:21,92700.0,500.0,1116500.0
1148,2021-10-18 06:21:21,92700.0,300.0,1116000.0
1149,2021-10-18 06:21:21,92700.0,200.0,1115700.0
1150,2021-10-18 06:21:21,92700.0,200.0,1115500.0
1151,2021-10-18 06:21:19,92600.0,100.0,1115300.0
1152,2021-10-18 06:20:54,92700.0,100.0,1115200.0
1153,2021-10-18 06:20:54,92700.0,500.0,1115100.0
1154,2021-10-18 06:20:54,92700.0,200.0,1114600.0
1155,2021-10-18 06:20:54,92700.0,3200.0,1114400.0
1156,2021-10-18 06:20:48,92700.0,1800.0,1111200.0
1157,2021-10-18 06:20:48,92700.0,100.0,1109400.0
1158,2021-10-18 06:20:48,92700.0,700.0,1109300.0
1159,2021-10-18 06:20:48,92700.0,1000.0,1108600.0
1160,2021-10-18 06:20:48,92700.0,400.0,1107600.0
1161,2021-10-18 06:19:59,92600.0,200.0,1107200.0
1162,2021-10-18 06:19:59,92600.0,800.0,1107000.0
1163,2021-10-18 06:19:52,92600.0,700.0,1106200.0
1164,2021-10-18 06:19:35,92700.0,100.0,1105500.0
1165,2021-10-18 06:19:29,92700.0,100.0,1105400.0
1166,2021-10-18 06:18:15,92700.0,4000.0,1105300.0
1167,2021-10-18 06:17:49,92700.0,1000.0,1101300.0
1168,2021-10-18 06:17:48,92700.0,100.0,1100300.0
1169,2021-10-18 06:17:48,92700.0,500.0,1100200.0
1170,2021-10-18 06:17:48,92700.0,400.0,1099700.0
1171,2021-10-18 06:17:38,92700.0,100.0,1099300.0
1172,2021-10-18 06:17:24,92700.0,500.0,1099200.0
1173,2021-10-18 06:17:24,92700.0,100.0,1098700.0
1174,2021-10-18 06:17:24,92700.0,100.0,1098600.0
1175,2021-10-18 06:17:24,92700.0,500.0,1098500.0
1176,2021-10-18 06:17:24,92700.0,100.0,1098000.0
1177,2021-10-18 06:17:24,92700.0,500.0,1097900.0
1178,2021-10-18 06:17:24,92700.0,500.0,1097400.0
1179,2021-10-18 06:17:24,92700.0,100.0,1096900.0
1180,2021-10-18 06:17:24,92700.0,200.0,1096800.0
1181,2021-10-18 06:17:24,92700.0,500.0,1096600.0
1182,2021-10-18 06:17:24,92700.0,900.0,1096100.0
1183,2021-10-18 06:17:01,92700.0,100.0,1095200.0
1184,2021-10-18 06:17:01,92700.0,100.0,1095100.0
1185,2021-10-18 06:17:01,92700.0,3800.0,1095000.0
1186,2021-10-18 06:16:56,92700.0,1200.0,1091200.0
1187,2021-10-18 06:16:56,92700.0,700.0,1090000.0
1188,2021-10-18 06:16:56,92700.0,100.0,1089300.0
1189,2021-10-18 06:16:56,92700.0,300.0,1089200.0
1190,2021-10-18 06:16:56,92700.0,100.0,1088900.0
1191,2021-10-18 06:16:56,92700.0,500.0,1088800.0
1192,2021-10-18 06:16:56,92700.0,200.0,1088300.0
1193,2021-10-18 06:16:56,92700.0,100.0,1088100.0
1194,2021-10-18 06:16:56,92700.0,300.0,1088000.0
1195,2021-10-18 06:16:56,92700.0,100.0,1087700.0
1196,2021-10-18 06:16:56,92700.0,400.0,1087600.0
1197,2021-10-18 06:16:43,92700.0,100.0,1087200.0
1198,2021-10-18 06:16:43,92700.0,100.0,1087100.0
1199,2021-10-18 06:16:42,92700.0,100.0,1087000.0
1200,2021-10-18 06:16:40,92700.0,200.0,1086900.0
1201,2021-10-18 06:16:36,92700.0,100.0,1086700.0
1202,2021-10-18 06:16:36,92700.0,100.0,1086600.0
1203,2021-10-18 06:16:33,92700.0,200.0,1086500.0
1204,2021-10-18 06:16:30,92700.0,200.0,1086300.0
1205,2021-10-18 06:16:26,92700.0,200.0,1086100.0
1206,2021-10-18 06:16:23,92700.0,100.0,1085900.0
1207,2021-10-18 06:16:23,92700.0,100.0,1085800.0
1208,2021-10-18 06:16:19,92700.0,100.0,1085700.0
1209,2021-10-18 06:16:19,92700.0,100.0,1085600.0
1210,2021-10-18 06:16:15,92700.0,200.0,1085500.0
1211,2021-10-18 06:16:12,92700.0,200.0,1085300.0
1212,2021-10-18 06:16:08,92700.0,200.0,1085100.0
1213,2021-10-18 06:16:05,92700.0,200.0,1084900.0
1214,2021-10-18 06:16:02,92600.0,100.0,1084700.0
1215,2021-10-18 06:16:02,92600.0,2000.0,1084600.0
1216,2021-10-18 06:16:02,92600.0,100.0,1082600.0
1217,2021-10-18 06:16:02,92600.0,100.0,1082500.0
1218,2021-10-18 06:16:02,92600.0,100.0,1082400.0
1219,2021-10-18 06:16:02,92600.0,200.0,1082300.0
1220,2021-10-18 06:16:02,92600.0,100.0,1082100.0
1221,2021-10-18 06:16:02,92600.0,300.0,1082000.0
1222,2021-10-18 06:16:02,92600.0,100.0,1081700.0
1223,2021-10-18 06:16:02,92600.0,400.0,1081600.0
1224,2021-10-18 06:16:02,92600.0,100.0,1081200.0
1225,2021-10-18 06:16:02,92600.0,100.0,1081100.0
1226,2021-10-18 06:15:58,92600.0,200.0,1081000.0
1227,2021-10-18 06:15:55,92600.0,200.0,1080800.0
1228,2021-10-18 06:15:51,92600.0,200.0,1080600.0
1229,2021-10-18 06:15:48,92500.0,900.0,1080400.0
1230,2021-10-18 06:15:47,92600.0,200.0,1079500.0
1231,2021-10-18 06:15:42,92600.0,200.0,1079300.0
1232,2021-10-18 06:15:40,92600.0,1900.0,1079100.0
1233,2021-10-18 06:15:40,92600.0,500.0,1077200.0
1234,2021-10-18 06:15:40,92600.0,100.0,1076700.0
1235,2021-10-18 06:15:40,92600.0,500.0,1076600.0
1236,2021-10-18 06:15:40,92600.0,100.0,1076100.0
1237,2021-10-18 06:15:40,92600.0,1900.0,1076000.0
1238,2021-10-18 06:15:38,92600.0,200.0,1074100.0
1239,2021-10-18 06:15:36,92600.0,1600.0,1073900.0
1240,2021-10-18 06:15:36,92600.0,100.0,1072300.0
1241,2021-10-18 06:15:36,92600.0,100.0,1072200.0
1242,2021-10-18 06:15:36,92600.0,400.0,1072100.0
1243,2021-10-18 06:15:36,92600.0,800.0,1071700.0
1244,2021-10-18 06:15:32,92600.0,200.0,1070900.0
1245,2021-10-18 06:15:30,92500.0,100.0,1070700.0
1246,2021-10-18 06:15:20,92500.0,5000.0,1070600.0
1247,2021-10-18 06:15:16,92500.0,5000.0,1065600.0
1248,2021-10-18 06:15:11,92500.0,500.0,1060600.0
1249,2021-10-18 06:14:46,92500.0,200.0,1060100.0
1250,2021-10-18 06:14:27,92500.0,1000.0,1059900.0
1251,2021-10-18 06:14:27,92500.0,3000.0,1058900.0
1252,2021-10-18 06:14:27,92500.0,300.0,1055900.0
1253,2021-10-18 06:14:26,92400.0,100.0,1055600.0
1254,2021-10-18 06:14:14,92400.0,100.0,1055500.0
1255,2021-10-18 06:13:18,92500.0,200.0,1055400.0
1256,2021-10-18 06:12:36,92400.0,100.0,1055200.0
1257,2021-10-18 06:11:34,92600.0,400.0,1055100.0
1258,2021-10-18 06:11:28,92600.0,400.0,1054700.0
1259,2021-10-18 06:11:27,92600.0,800.0,1054300.0
1260,2021-10-18 06:11:26,92600.0,400.0,1053500.0
1261,2021-10-18 06:11:22,92600.0,400.0,1053100.0
1262,2021-10-18 06:11:19,92600.0,400.0,1052700.0
1263,2021-10-18 06:11:16,92600.0,400.0,1052300.0
1264,2021-10-18 06:11:13,92600.0,400.0,1051900.0
1265,2021-10-18 06:11:09,92600.0,200.0,1051500.0
1266,2021-10-18 06:11:06,92400.0,900.0,1051300.0
1267,2021-10-18 06:11:06,92600.0,200.0,1050400.0
1268,2021-10-18 06:11:03,92600.0,100.0,1050200.0
1269,2021-10-18 06:11:03,92600.0,100.0,1050100.0
1270,2021-10-18 06:10:59,92600.0,100.0,1050000.0
1271,2021-10-18 06:10:59,92500.0,100.0,1049900.0
1272,2021-10-18 06:10:55,92500.0,200.0,1049800.0
1273,2021-10-18 06:10:50,92600.0,100.0,1049600.0
1274,2021-10-18 06:10:50,92500.0,100.0,1049500.0
1275,2021-10-18 06:09:50,92400.0,200.0,1049400.0
1276,2021-10-18 06:09:21,92500.0,100.0,1049200.0
1277,2021-10-18 06:09:21,92500.0,600.0,1049100.0
1278,2021-10-18 06:09:21,92500.0,500.0,1048500.0
1279,2021-10-18 06:09:21,92500.0,100.0,1048000.0
1280,2021-10-18 06:09:21,92500.0,600.0,1047900.0
1281,2021-10-18 06:09:19,92500.0,2000.0,1047300.0
1282,2021-10-18 06:09:02,92600.0,100.0,1045300.0
1283,2021-10-18 06:08:13,92500.0,500.0,1045200.0
1284,2021-10-18 06:08:09,92500.0,500.0,1044700.0
1285,2021-10-18 06:07:56,92500.0,100.0,1044200.0
1286,2021-10-18 06:07:26,92500.0,1000.0,1044100.0
1287,2021-10-18 06:07:12,92500.0,100.0,1043100.0
1288,2021-10-18 06:06:51,92500.0,3000.0,1043000.0
1289,2021-10-18 06:06:28,92500.0,300.0,1040000.0
1290,2021-10-18 06:05:49,92500.0,300.0,1039700.0
1291,2021-10-18 06:04:38,92500.0,100.0,1039400.0
1292,2021-10-18 06:04:13,92500.0,500.0,1039300.0
1293,2021-10-18 06:03:06,92600.0,100.0,1038800.0
1294,2021-10-18 06:02:49,92700.0,1300.0,1038700.0
1295,2021-10-18 06:02:49,92700.0,100.0,1037400.0
1296,2021-10-18 06:02:49,92700.0,500.0,1037300.0
1297,2021-10-18 06:02:49,92700.0,100.0,1036800.0
1298,2021-10-18 06:02:49,92700.0,500.0,1036700.0
1299,2021-10-18 06:02:49,92700.0,500.0,1036200.0
1300,2021-10-18 06:02:49,92700.0,200.0,1035700.0
1301,2021-10-18 06:02:49,92700.0,200.0,1035500.0
1302,2021-10-18 06:02:49,92700.0,100.0,1035300.0
1303,2021-10-18 06:02:49,92700.0,500.0,1035200.0
1304,2021-10-18 06:02:32,92700.0,400.0,1034700.0
1305,2021-10-18 06:02:28,92700.0,600.0,1034300.0
1306,2021-10-18 06:02:24,92700.0,600.0,1033700.0
1307,2021-10-18 06:02:23,92500.0,1000.0,1033100.0
1308,2021-10-18 06:02:20,92700.0,600.0,1032100.0
1309,2021-10-18 06:02:16,92700.0,100.0,1031500.0
1310,2021-10-18 06:02:16,92700.0,100.0,1031400.0
1311,2021-10-18 06:02:16,92700.0,400.0,1031300.0
1312,2021-10-18 06:02:12,92700.0,600.0,1030900.0
1313,2021-10-18 06:02:10,92700.0,100.0,1030300.0
1314,2021-10-18 06:02:06,92700.0,600.0,1030200.0
1315,2021-10-18 06:01:50,92700.0,900.0,1029600.0
1316,2021-10-18 06:01:44,92700.0,4000.0,1028700.0
1317,2021-10-18 06:01:41,92700.0,500.0,1024700.0
1318,2021-10-18 06:01:39,92700.0,200.0,1024200.0
1319,2021-10-18 06:01:37,92700.0,900.0,1024000.0
1320,2021-10-18 06:01:36,92700.0,800.0,1023100.0
1321,2021-10-18 06:01:32,92700.0,400.0,1022300.0
1322,2021-10-18 06:01:30,92700.0,400.0,1021900.0
1323,2021-10-18 06:01:26,92700.0,200.0,1021500.0
1324,2021-10-18 06:01:26,92700.0,100.0,1021300.0
1325,2021-10-18 06:01:26,92700.0,100.0,1021200.0
1326,2021-10-18 06:01:22,92700.0,400.0,1021100.0
1327,2021-10-18 06:01:22,92700.0,100.0,1020700.0
1328,2021-10-18 06:01:22,92700.0,100.0,1020600.0
1329,2021-10-18 06:01:22,92700.0,100.0,1020500.0
1330,2021-10-18 06:01:21,92700.0,300.0,1020400.0
1331,2021-10-18 06:01:21,92700.0,100.0,1020100.0
1332,2021-10-18 06:01:17,92700.0,200.0,1020000.0
1333,2021-10-18 06:01:17,92700.0,100.0,1019800.0
1334,2021-10-18 06:01:17,92700.0,100.0,1019700.0
1335,2021-10-18 06:01:14,92700.0,100.0,1019600.0
1336,2021-10-18 06:01:14,92600.0,200.0,1019500.0
1337,2021-10-18 06:01:14,92600.0,100.0,1019300.0
1338,2021-10-18 06:01:10,92600.0,100.0,1019200.0
1339,2021-10-18 06:01:10,92600.0,300.0,1019100.0
1340,2021-10-18 06:01:09,92600.0,700.0,1018800.0
1341,2021-10-18 06:01:04,92600.0,200.0,1018100.0
1342,2021-10-18 06:00:52,92600.0,1000.0,1017900.0
1343,2021-10-18 06:00:38,92600.0,1000.0,1016900.0
1344,2021-10-18 06:00:34,92600.0,1200.0,1015900.0
1345,2021-10-18 06:00:32,92600.0,300.0,1014700.0
1346,2021-10-18 06:00:17,92600.0,200.0,1014400.0
1347,2021-10-18 06:00:16,92600.0,3100.0,1014200.0
1348,2021-10-18 06:00:13,92600.0,100.0,1011100.0
1349,2021-10-18 06:00:10,92600.0,100.0,1011000.0
1350,2021-10-18 06:00:08,92600.0,100.0,1010900.0
1351,2021-10-18 06:00:03,92600.0,1000.0,1010800.0
1352,2021-10-18 06:00:02,92600.0,3000.0,1009800.0
1353,2021-10-18 06:00:01,92600.0,100.0,1006800.0
1354,2021-10-18 06:00:01,92600.0,200.0,1006700.0
1355,2021-10-18 06:00:01,92700.0,400.0,1006500.0
1356,2021-10-18 06:00:01,92700.0,100.0,1006100.0
1357,2021-10-18 06:00:01,92700.0,500.0,1006000.0
1358,2021-10-18 06:00:01,92700.0,300.0,1005500.0
1359,2021-10-18 06:00:01,92700.0,500.0,1005200.0
1360,2021-10-18 06:00:01,92700.0,1000.0,1004700.0
1361,2021-10-18 06:00:01,92700.0,200.0,1003700.0
1362,2021-10-18 06:00:01,92600.0,100.0,1003500.0
1363,2021-10-18 06:00:01,92600.0,200.0,1003400.0
1364,2021-10-18 06:00:00,92600.0,100.0,1003200.0
1365,2021-10-18 06:00:00,92600.0,200.0,1003100.0
1366,2021-10-18 04:29:53,92600.0,1700.0,1002900.0
1367,2021-10-18 04:29:53,92600.0,3300.0,1001200.0
1368,2021-10-18 04:29:41,92700.0,800.0,997900.0
1369,2021-10-18 04:29:41,92700.0,100.0,997100.0
1370,2021-10-18 04:29:41,92700.0,100.0,997000.0
1371,2021-10-18 04:29:39,92600.0,400.0,996900.0
1372,2021-10-18 04:29:06,92600.0,100.0,996500.0
1373,2021-10-18 04:29:00,92600.0,500.0,996400.0
1374,2021-10-18 04:28:52,92600.0,200.0,995900.0
1375,2021-10-18 04:28:33,92600.0,100.0,995700.0
1376,2021-10-18 04:27:52,92600.0,300.0,995600.0
1377,2021-10-18 04:27:27,92600.0,500.0,995300.0
1378,2021-10-18 04:27:17,92700.0,400.0,994800.0
1379,2021-10-18 04:27:17,92700.0,100.0,994400.0
1380,2021-10-18 04:27:17,92700.0,100.0,994300.0
1381,2021-10-18 04:27:17,92700.0,400.0,994200.0
1382,2021-10-18 04:27:17,92700.0,100.0,993800.0
1383,2021-10-18 04:27:12,92600.0,1000.0,993700.0
1384,2021-10-18 04:27:10,92600.0,3600.0,992700.0
1385,2021-10-18 04:27:10,92600.0,400.0,989100.0
1386,2021-10-18 04:27:03,92700.0,200.0,988700.0
1387,2021-10-18 04:27:03,92700.0,100.0,988500.0
1388,2021-10-18 04:27:03,92700.0,100.0,988400.0
1389,2021-10-18 04:27:03,92700.0,100.0,988300.0
1390,2021-10-18 04:27:03,92700.0,100.0,988200.0
1391,2021-10-18 04:27:03,92700.0,400.0,988100.0
1392,2021-10-18 04:26:49,92600.0,3000.0,987700.0
1393,2021-10-18 04:26:43,92600.0,1000.0,984700.0
1394,2021-10-18 04:26:43,92600.0,300.0,983700.0
1395,2021-10-18 04:26:43,92600.0,100.0,983400.0
1396,2021-10-18 04:26:43,92600.0,100.0,983300.0
1397,2021-10-18 04:26:43,92600.0,100.0,983200.0
1398,2021-10-18 04:26:43,92600.0,1000.0,983100.0
1399,2021-10-18 04:26:43,92600.0,100.0,982100.0
1400,2021-10-18 04:26:43,92600.0,100.0,982000.0
1401,2021-10-18 04:26:43,92600.0,2000.0,981900.0
1402,2021-10-18 04:26:43,92600.0,100.0,979900.0
1403,2021-10-18 04:26:43,92600.0,1700.0,979800.0
1404,2021-10-18 04:26:33,92600.0,1200.0,978100.0
1405,2021-10-18 04:26:28,92600.0,2000.0,976900.0
1406,2021-10-18 04:26:24,92600.0,100.0,974900.0
1407,2021-10-18 04:26:24,92600.0,900.0,974800.0
1408,2021-10-18 04:26:18,92600.0,500.0,973900.0
1409,2021-10-18 04:26:18,92600.0,500.0,973400.0
1410,2021-10-18 04:26:11,92600.0,500.0,972900.0
1411,2021-10-18 04:26:11,92600.0,500.0,972400.0
1412,2021-10-18 04:26:09,92400.0,100.0,971900.0
1413,2021-10-18 04:25:37,92600.0,1700.0,971800.0
1414,2021-10-18 04:25:37,92500.0,300.0,970100.0
1415,2021-10-18 04:25:16,92600.0,200.0,969800.0
1416,2021-10-18 04:25:16,92600.0,500.0,969600.0
1417,2021-10-18 04:25:16,92600.0,5000.0,969100.0
1418,2021-10-18 04:25:16,92600.0,100.0,964100.0
1419,2021-10-18 04:25:16,92500.0,300.0,964000.0
1420,2021-10-18 04:25:16,92500.0,900.0,963700.0
1421,2021-10-18 04:25:05,92500.0,3100.0,962800.0
1422,2021-10-18 04:25:04,92500.0,100.0,959700.0
1423,2021-10-18 04:25:04,92500.0,200.0,959600.0
1424,2021-10-18 04:25:04,92500.0,1000.0,959400.0
1425,2021-10-18 04:25:04,92500.0,600.0,958400.0
1426,2021-10-18 04:24:59,92500.0,1400.0,957800.0
1427,2021-10-18 04:24:59,92500.0,1000.0,956400.0
1428,2021-10-18 04:24:59,92500.0,5000.0,955400.0
1429,2021-10-18 04:24:59,92500.0,300.0,950400.0
1430,2021-10-18 04:24:59,92500.0,100.0,950100.0
1431,2021-10-18 04:24:59,92500.0,200.0,950000.0
1432,2021-10-18 04:24:55,92500.0,1800.0,949800.0
1433,2021-10-18 04:24:55,92500.0,4200.0,948000.0
1434,2021-10-18 04:24:49,92400.0,1200.0,943800.0
1435,2021-10-18 04:24:44,92400.0,3800.0,942600.0
1436,2021-10-18 04:24:44,92400.0,1200.0,938800.0
1437,2021-10-18 04:24:37,92000.0,400.0,937600.0
1438,2021-10-18 04:24:36,92300.0,3000.0,937200.0
1439,2021-10-18 04:24:36,92300.0,100.0,934200.0
1440,2021-10-18 04:24:36,92300.0,1900.0,934100.0
1441,2021-10-18 04:24:31,92300.0,3100.0,932200.0
1442,2021-10-18 04:24:31,92300.0,1900.0,929100.0
1443,2021-10-18 04:24:23,92000.0,2300.0,927200.0
1444,2021-10-18 04:24:15,92000.0,6000.0,924900.0
1445,2021-10-18 04:24:10,92000.0,6000.0,918900.0
1446,2021-10-18 04:24:06,92000.0,6000.0,912900.0
1447,2021-10-18 04:23:54,92000.0,200.0,906900.0
1448,2021-10-18 04:23:54,92000.0,5000.0,906700.0
1449,2021-10-18 04:23:54,92100.0,1000.0,901700.0
1450,2021-10-18 04:23:54,92100.0,1800.0,900700.0
1451,2021-10-18 04:22:53,92200.0,100.0,898900.0
1452,2021-10-18 04:22:53,92200.0,2500.0,898800.0
1453,2021-10-18 04:22:36,92300.0,3000.0,896300.0
1454,2021-10-18 04:22:11,92400.0,3800.0,893300.0
1455,2021-10-18 04:21:59,92500.0,800.0,889500.0
1456,2021-10-18 04:21:59,92500.0,500.0,888700.0
1457,2021-10-18 04:21:59,92500.0,500.0,888200.0
1458,2021-10-18 04:21:59,92500.0,500.0,887700.0
1459,2021-10-18 04:21:59,92500.0,500.0,887200.0
1460,2021-10-18 04:21:59,92500.0,100.0,886700.0
1461,2021-10-18 04:21:59,92500.0,2000.0,886600.0
1462,2021-10-18 04:21:59,92500.0,200.0,884600.0
1463,2021-10-18 04:21:59,92500.0,300.0,884400.0
1464,2021-10-18 04:21:59,92500.0,600.0,884100.0
1465,2021-10-18 04:21:54,92500.0,4400.0,883500.0
1466,2021-10-18 04:21:54,92500.0,100.0,879100.0
1467,2021-10-18 04:21:54,92500.0,400.0,879000.0
1468,2021-10-18 04:21:54,92500.0,200.0,878600.0
1469,2021-10-18 04:21:54,92500.0,600.0,878400.0
1470,2021-10-18 04:21:54,92500.0,200.0,877800.0
1471,2021-10-18 04:21:54,92500.0,100.0,877600.0
1472,2021-10-18 04:21:48,92400.0,100.0,877500.0
1473,2021-10-18 04:21:48,92400.0,1100.0,877400.0
1474,2021-10-18 04:21:43,92400.0,3900.0,876300.0
1475,2021-10-18 04:21:43,92400.0,100.0,872400.0
1476,2021-10-18 04:21:36,92300.0,2000.0,872300.0
1477,2021-10-18 04:21:28,92300.0,3000.0,870300.0
1478,2021-10-18 04:21:14,92200.0,300.0,867300.0
1479,2021-10-18 04:21:14,92200.0,100.0,867000.0
1480,2021-10-18 04:21:14,92200.0,1100.0,866900.0
1481,2021-10-18 04:21:08,92200.0,3900.0,865800.0
1482,2021-10-18 04:21:08,92200.0,100.0,861900.0
1483,2021-10-18 04:20:58,92100.0,3000.0,861800.0
1484,2021-10-18 04:20:58,92100.0,100.0,858800.0
1485,2021-10-18 04:20:58,92100.0,100.0,858700.0
1486,2021-10-18 04:20:52,92100.0,800.0,858600.0
1487,2021-10-18 04:20:52,92100.0,100.0,857800.0
1488,2021-10-18 04:20:52,92100.0,100.0,857700.0
1489,2021-10-18 04:20:52,92100.0,700.0,857600.0
1490,2021-10-18 04:20:52,92100.0,3300.0,856900.0
1491,2021-10-18 04:20:23,92100.0,1700.0,853600.0
1492,2021-10-18 04:20:23,92100.0,100.0,851900.0
1493,2021-10-18 04:20:23,92000.0,2200.0,851800.0
1494,2021-10-18 04:19:59,92000.0,2000.0,849600.0
1495,2021-10-18 04:19:59,92000.0,100.0,847600.0
1496,2021-10-18 04:19:59,92000.0,700.0,847500.0
1497,2021-10-18 04:19:20,92100.0,100.0,846800.0
1498,2021-10-18 04:16:21,92100.0,100.0,846700.0
1499,2021-10-18 04:15:13,92100.0,100.0,846600.0
1500,2021-10-18 04:15:13,92200.0,600.0,846500.0
1501,2021-10-18 04:15:06,92200.0,100.0,845900.0
1502,2021-10-18 04:15:06,92200.0,1300.0,845800.0
1503,2021-10-18 04:14:32,92200.0,300.0,844500.0
1504,2021-10-18 04:14:32,92200.0,100.0,844200.0
1505,2021-10-18 04:14:32,92200.0,600.0,844100.0
1506,2021-10-18 04:14:02,92200.0,1000.0,843500.0
1507,2021-10-18 04:13:44,92200.0,1200.0,842500.0
1508,2021-10-18 04:13:25,92200.0,700.0,841300.0
1509,2021-10-18 04:13:08,92200.0,900.0,840600.0
1510,2021-10-18 04:13:05,92200.0,200.0,839700.0
1511,2021-10-18 04:13:01,92200.0,200.0,839500.0
1512,2021-10-18 04:12:59,92200.0,200.0,839300.0
1513,2021-10-18 04:12:56,92100.0,100.0,839100.0
1514,2021-10-18 04:12:56,92100.0,100.0,839000.0
1515,2021-10-18 04:12:53,92100.0,200.0,838900.0
1516,2021-10-18 04:12:50,92100.0,200.0,838700.0
1517,2021-10-18 04:12:49,92100.0,600.0,838500.0
1518,2021-10-18 04:12:49,92100.0,600.0,837900.0
1519,2021-10-18 04:12:47,92100.0,200.0,837300.0
1520,2021-10-18 04:12:44,92100.0,200.0,837100.0
1521,2021-10-18 04:12:41,92100.0,200.0,836900.0
1522,2021-10-18 04:12:39,92100.0,200.0,836700.0
1523,2021-10-18 04:12:33,92100.0,200.0,836500.0
1524,2021-10-18 04:12:30,92100.0,200.0,836300.0
1525,2021-10-18 04:12:28,92100.0,1200.0,836100.0
1526,2021-10-18 04:12:27,92100.0,200.0,834900.0
1527,2021-10-18 04:12:23,92100.0,200.0,834700.0
1528,2021-10-18 04:12:19,92100.0,200.0,834500.0
1529,2021-10-18 04:12:14,92100.0,200.0,834300.0
1530,2021-10-18 04:12:11,92100.0,200.0,834100.0
1531,2021-10-18 04:12:10,92000.0,500.0,833900.0
1532,2021-10-18 04:12:09,92100.0,800.0,833400.0
1533,2021-10-18 04:12:07,92100.0,200.0,832600.0
1534,2021-10-18 04:12:04,92000.0,700.0,832400.0
1535,2021-10-18 04:12:04,92000.0,400.0,831700.0
1536,2021-10-18 04:12:04,92000.0,1300.0,831300.0
1537,2021-10-18 04:12:04,92000.0,200.0,830000.0
1538,2021-10-18 04:11:59,92000.0,200.0,829800.0
1539,2021-10-18 04:11:52,92000.0,1100.0,829600.0
1540,2021-10-18 04:11:32,92000.0,600.0,828500.0
1541,2021-10-18 04:11:32,91900.0,200.0,827900.0
1542,2021-10-18 04:11:10,92000.0,1000.0,827700.0
1543,2021-10-18 04:11:00,92000.0,600.0,826700.0
1544,2021-10-18 04:11:00,92000.0,100.0,826100.0
1545,2021-10-18 04:11:00,92000.0,100.0,826000.0
1546,2021-10-18 04:10:59,92000.0,400.0,825900.0
1547,2021-10-18 04:10:59,91900.0,200.0,825500.0
1548,2021-10-18 04:10:54,91800.0,100.0,825300.0
1549,2021-10-18 04:10:43,91900.0,700.0,825200.0
1550,2021-10-18 04:10:32,92000.0,600.0,824500.0
1551,2021-10-18 04:10:32,92000.0,100.0,823900.0
1552,2021-10-18 04:10:32,92000.0,400.0,823800.0
1553,2021-10-18 04:10:15,92000.0,600.0,823400.0
1554,2021-10-18 04:10:15,91800.0,100.0,822800.0
1555,2021-10-18 04:10:02,91700.0,100.0,822700.0
1556,2021-10-18 04:10:02,92000.0,900.0,822600.0
1557,2021-10-18 04:09:46,92000.0,400.0,821700.0
1558,2021-10-18 04:09:46,91800.0,600.0,821300.0
1559,2021-10-18 04:09:36,91800.0,1200.0,820700.0
1560,2021-10-18 04:09:21,91800.0,700.0,819500.0
1561,2021-10-18 04:09:18,91700.0,200.0,818800.0
1562,2021-10-18 04:09:07,91700.0,100.0,818600.0
1563,2021-10-18 04:09:04,91800.0,1100.0,818500.0
1564,2021-10-18 04:09:01,91800.0,100.0,817400.0
1565,2021-10-18 04:08:54,91800.0,9000.0,817300.0
1566,2021-10-18 04:08:52,91800.0,100.0,808300.0
1567,2021-10-18 04:08:51,91800.0,1100.0,808200.0
1568,2021-10-18 04:08:39,91800.0,1000.0,807100.0
1569,2021-10-18 04:08:35,91800.0,100.0,806100.0
1570,2021-10-18 04:08:33,91800.0,4000.0,806000.0
1571,2021-10-18 04:08:26,91800.0,1000.0,802000.0
1572,2021-10-18 04:08:10,91800.0,1200.0,801000.0
1573,2021-10-18 04:08:09,91800.0,1000.0,799800.0
1574,2021-10-18 04:08:06,91800.0,100.0,798800.0
1575,2021-10-18 04:07:59,91800.0,100.0,798700.0
1576,2021-10-18 04:07:50,91800.0,700.0,798600.0
1577,2021-10-18 04:07:50,91800.0,100.0,797900.0
1578,2021-10-18 04:07:44,91800.0,500.0,797800.0
1579,2021-10-18 04:07:44,91800.0,500.0,797300.0
1580,2021-10-18 04:07:44,91800.0,2000.0,796800.0
1581,2021-10-18 04:07:44,91800.0,100.0,794800.0
1582,2021-10-18 04:07:44,91800.0,100.0,794700.0
1583,2021-10-18 04:07:44,91800.0,100.0,794600.0
1584,2021-10-18 04:07:44,91800.0,200.0,794500.0
1585,2021-10-18 04:07:44,91800.0,1000.0,794300.0
1586,2021-10-18 04:07:44,91800.0,1000.0,793300.0
1587,2021-10-18 04:07:44,91800.0,300.0,792300.0
1588,2021-10-18 04:07:30,92000.0,700.0,792000.0
1589,2021-10-18 04:07:30,92000.0,300.0,791300.0
1590,2021-10-18 04:07:30,92000.0,100.0,791000.0
1591,2021-10-18 04:07:22,92000.0,100.0,790900.0
1592,2021-10-18 04:07:13,92000.0,700.0,790800.0
1593,2021-10-18 04:06:56,92000.0,800.0,790100.0
1594,2021-10-18 04:06:34,91800.0,700.0,789300.0
1595,2021-10-18 04:06:30,91800.0,1000.0,788600.0
1596,2021-10-18 04:06:29,91800.0,10000.0,787600.0
1597,2021-10-18 04:06:24,91800.0,1000.0,777600.0
1598,2021-10-18 04:06:21,91800.0,300.0,776600.0
1599,2021-10-18 04:06:16,91800.0,5400.0,776300.0
1600,2021-10-18 04:06:12,91800.0,1200.0,770900.0
1601,2021-10-18 04:06:06,91800.0,300.0,769700.0
1602,2021-10-18 04:05:54,91800.0,800.0,769400.0
1603,2021-10-18 04:05:47,91800.0,100.0,768600.0
1604,2021-10-18 04:05:47,91800.0,1000.0,768500.0
1605,2021-10-18 04:05:47,91800.0,300.0,767500.0
1606,2021-10-18 04:05:47,91800.0,100.0,767200.0
1607,2021-10-18 04:05:47,91800.0,300.0,767100.0
1608,2021-10-18 04:05:47,91800.0,100.0,766800.0
1609,2021-10-18 04:05:47,91800.0,100.0,766700.0
1610,2021-10-18 04:05:47,91800.0,500.0,766600.0
1611,2021-10-18 04:05:47,91800.0,500.0,766100.0
1612,2021-10-18 04:05:47,91800.0,1000.0,765600.0
1613,2021-10-18 04:05:47,91800.0,200.0,764600.0
1614,2021-10-18 04:05:47,91900.0,100.0,764400.0
1615,2021-10-18 04:04:47,91900.0,100.0,764300.0
1616,2021-10-18 04:03:43,92000.0,200.0,764200.0
1617,2021-10-18 04:03:37,92000.0,1000.0,764000.0
1618,2021-10-18 04:03:26,92000.0,200.0,763000.0
1619,2021-10-18 04:03:15,92000.0,700.0,762800.0
1620,2021-10-18 04:03:15,91900.0,100.0,762100.0
1621,2021-10-18 04:03:15,91900.0,200.0,762000.0
1622,2021-10-18 04:02:53,92000.0,200.0,761800.0
1623,2021-10-18 04:02:53,91900.0,900.0,761600.0
1624,2021-10-18 04:02:34,92000.0,1000.0,760700.0
1625,2021-10-18 04:02:17,91800.0,300.0,759700.0
1626,2021-10-18 04:02:11,91800.0,1100.0,759400.0
1627,2021-10-18 04:02:03,91800.0,500.0,758300.0
1628,2021-10-18 04:01:51,91800.0,1200.0,757800.0
1629,2021-10-18 04:01:44,91800.0,900.0,756600.0
1630,2021-10-18 04:01:37,91800.0,2000.0,755700.0
1631,2021-10-18 04:01:36,91800.0,1000.0,753700.0
1632,2021-10-18 04:01:34,91800.0,300.0,752700.0
1633,2021-10-18 04:01:25,91800.0,2000.0,752400.0
1634,2021-10-18 04:01:23,91800.0,200.0,750400.0
1635,2021-10-18 04:01:22,91800.0,100.0,750200.0
1636,2021-10-18 04:01:15,91800.0,1100.0,750100.0
1637,2021-10-18 04:01:15,91800.0,100.0,749000.0
1638,2021-10-18 04:01:11,91800.0,1000.0,748900.0
1639,2021-10-18 04:01:11,91800.0,100.0,747900.0
1640,2021-10-18 04:01:11,91800.0,3700.0,747800.0
1641,2021-10-18 04:01:11,91800.0,2000.0,744100.0
1642,2021-10-18 04:01:11,91800.0,500.0,742100.0
1643,2021-10-18 04:01:11,91800.0,200.0,741600.0
1644,2021-10-18 04:01:11,91800.0,100.0,741400.0
1645,2021-10-18 04:01:11,91800.0,2000.0,741300.0
1646,2021-10-18 04:01:11,91800.0,200.0,739300.0
1647,2021-10-18 04:01:11,91800.0,3200.0,739100.0
1648,2021-10-18 04:01:11,91900.0,1000.0,735900.0
1649,2021-10-18 04:01:11,91900.0,200.0,734900.0
1650,2021-10-18 04:01:01,91900.0,100.0,734700.0
1651,2021-10-18 04:00:21,91800.0,1800.0,734600.0
1652,2021-10-18 04:00:21,91800.0,100.0,732800.0
1653,2021-10-18 04:00:21,91800.0,100.0,732700.0
1654,2021-10-18 04:00:21,91800.0,1000.0,732600.0
1655,2021-10-18 04:00:21,91800.0,100.0,731600.0
1656,2021-10-18 04:00:21,91800.0,100.0,731500.0
1657,2021-10-18 04:00:21,91800.0,100.0,731400.0
1658,2021-10-18 04:00:21,91800.0,1000.0,731300.0
1659,2021-10-18 04:00:21,91800.0,100.0,730300.0
1660,2021-10-18 04:00:21,91800.0,500.0,730200.0
1661,2021-10-18 04:00:21,91800.0,100.0,729700.0
1662,2021-10-18 04:00:21,91800.0,300.0,729600.0
1663,2021-10-18 04:00:21,91800.0,100.0,729300.0
1664,2021-10-18 04:00:21,91800.0,400.0,729200.0
1665,2021-10-18 04:00:21,91800.0,200.0,728800.0
1666,2021-10-18 04:00:21,91800.0,1100.0,728600.0
1667,2021-10-18 04:00:21,91800.0,300.0,727500.0
1668,2021-10-18 04:00:21,91800.0,100.0,727200.0
1669,2021-10-18 04:00:21,91800.0,1000.0,727100.0
1670,2021-10-18 04:00:21,91800.0,5000.0,726100.0
1671,2021-10-18 04:00:21,91800.0,6400.0,721100.0
1672,2021-10-18 04:00:21,91800.0,500.0,714700.0
1673,2021-10-18 04:00:21,91800.0,1600.0,714200.0
1674,2021-10-18 04:00:21,91900.0,100.0,712600.0
1675,2021-10-18 04:00:21,91900.0,2000.0,712500.0
1676,2021-10-18 04:00:21,91900.0,100.0,710500.0
1677,2021-10-18 04:00:21,91900.0,200.0,710400.0
1678,2021-10-18 04:00:21,91900.0,2000.0,710200.0
1679,2021-10-18 04:00:21,91900.0,100.0,708200.0
1680,2021-10-18 04:00:21,91900.0,1000.0,708100.0
1681,2021-10-18 04:00:21,91900.0,100.0,707100.0
1682,2021-10-18 04:00:21,91900.0,300.0,707000.0
1683,2021-10-18 04:00:21,91900.0,400.0,706700.0
1684,2021-10-18 04:00:21,91900.0,100.0,706300.0
1685,2021-10-18 04:00:21,91900.0,100.0,706200.0
1686,2021-10-18 04:00:21,91900.0,500.0,706100.0
1687,2021-10-18 04:00:21,91900.0,200.0,705600.0
1688,2021-10-18 04:00:21,91900.0,200.0,705400.0
1689,2021-10-18 04:00:21,91900.0,200.0,705200.0
1690,2021-10-18 04:00:21,91900.0,400.0,705000.0
1691,2021-10-18 04:00:13,92500.0,100.0,704600.0
1692,2021-10-18 04:00:01,91900.0,600.0,704500.0
1693,2021-10-18 03:59:52,91900.0,200.0,703900.0
1694,2021-10-18 03:59:52,91900.0,100.0,703700.0
1695,2021-10-18 03:59:52,91900.0,200.0,703600.0
1696,2021-10-18 03:59:46,91900.0,500.0,703400.0
1697,2021-10-18 03:59:37,91900.0,300.0,702900.0
1698,2021-10-18 03:59:37,91900.0,200.0,702600.0
1699,2021-10-18 03:59:30,91900.0,100.0,702400.0
1700,2021-10-18 03:59:30,91900.0,100.0,702300.0
1701,2021-10-18 03:59:30,91900.0,300.0,702200.0
1702,2021-10-18 03:59:22,91900.0,200.0,701900.0
1703,2021-10-18 03:59:22,91900.0,100.0,701700.0
1704,2021-10-18 03:59:22,91900.0,100.0,701600.0
1705,2021-10-18 03:59:22,91900.0,100.0,701500.0
1706,2021-10-18 03:59:14,91900.0,500.0,701400.0
1707,2021-10-18 03:59:08,91900.0,500.0,700900.0
1708,2021-10-18 03:59:03,92500.0,100.0,700400.0
1709,2021-10-18 03:58:59,91900.0,100.0,700300.0
1710,2021-10-18 03:58:59,91900.0,500.0,700200.0
1711,2021-10-18 03:58:53,91900.0,1900.0,699700.0
1712,2021-10-18 03:58:44,91900.0,400.0,697800.0
1713,2021-10-18 03:58:44,92000.0,100.0,697400.0
1714,2021-10-18 03:58:38,91900.0,500.0,697300.0
1715,2021-10-18 03:58:30,91900.0,500.0,696800.0
1716,2021-10-18 03:58:25,92500.0,1200.0,696300.0
1717,2021-10-18 03:58:22,91900.0,300.0,695100.0
1718,2021-10-18 03:58:22,92100.0,200.0,694800.0
1719,2021-10-18 03:58:18,92500.0,200.0,694600.0
1720,2021-10-18 03:58:15,92500.0,200.0,694400.0
1721,2021-10-18 03:58:14,91900.0,200.0,694200.0
1722,2021-10-18 03:58:14,91900.0,300.0,694000.0
1723,2021-10-18 03:58:12,92500.0,200.0,693700.0
1724,2021-10-18 03:58:09,92500.0,200.0,693500.0
1725,2021-10-18 03:58:08,92500.0,1300.0,693300.0
1726,2021-10-18 03:58:08,92500.0,100.0,692000.0
1727,2021-10-18 03:58:08,92500.0,100.0,691900.0
1728,2021-10-18 03:58:08,92500.0,500.0,691800.0
1729,2021-10-18 03:58:08,92500.0,100.0,691300.0
1730,2021-10-18 03:58:08,92500.0,1900.0,691200.0
1731,2021-10-18 03:58:07,91900.0,600.0,689300.0
1732,2021-10-18 03:58:07,92500.0,200.0,688700.0
1733,2021-10-18 03:58:03,92500.0,200.0,688500.0
1734,2021-10-18 03:58:00,92500.0,200.0,688300.0
1735,2021-10-18 03:58:00,91900.0,100.0,688100.0
1736,2021-10-18 03:58:00,91900.0,400.0,688000.0
1737,2021-10-18 03:57:56,92500.0,200.0,687600.0
1738,2021-10-18 03:57:54,92500.0,200.0,687400.0
1739,2021-10-18 03:57:52,91900.0,100.0,687200.0
1740,2021-10-18 03:57:52,91900.0,400.0,687100.0
1741,2021-10-18 03:57:51,92500.0,100.0,686700.0
1742,2021-10-18 03:57:51,92500.0,100.0,686600.0
1743,2021-10-18 03:57:46,92500.0,200.0,686500.0
1744,2021-10-18 03:57:46,92500.0,200.0,686300.0
1745,2021-10-18 03:57:46,92500.0,300.0,686100.0
1746,2021-10-18 03:57:45,92500.0,200.0,685800.0
1747,2021-10-18 03:57:43,91900.0,100.0,685600.0
1748,2021-10-18 03:57:43,91900.0,300.0,685500.0
1749,2021-10-18 03:57:43,91900.0,100.0,685200.0
1750,2021-10-18 03:57:41,92500.0,200.0,685100.0
1751,2021-10-18 03:57:38,92500.0,100.0,684900.0
1752,2021-10-18 03:57:38,92500.0,100.0,684800.0
1753,2021-10-18 03:57:37,91900.0,500.0,684700.0
1754,2021-10-18 03:57:33,92500.0,200.0,684200.0
1755,2021-10-18 03:57:29,92500.0,200.0,684000.0
1756,2021-10-18 03:57:28,91900.0,500.0,683800.0
1757,2021-10-18 03:57:27,92500.0,200.0,683300.0
1758,2021-10-18 03:57:23,92500.0,200.0,683100.0
1759,2021-10-18 03:57:21,91900.0,500.0,682900.0
1760,2021-10-18 03:57:19,92500.0,100.0,682400.0
1761,2021-10-18 03:57:19,92500.0,100.0,682300.0
1762,2021-10-18 03:57:14,92500.0,200.0,682200.0
1763,2021-10-18 03:57:13,91900.0,600.0,682000.0
1764,2021-10-18 03:57:07,91900.0,400.0,681400.0
1765,2021-10-18 03:57:07,92000.0,100.0,681000.0
1766,2021-10-18 03:57:05,92000.0,100.0,680900.0
1767,2021-10-18 03:57:05,92000.0,100.0,680800.0
1768,2021-10-18 03:57:05,92000.0,200.0,680700.0
1769,2021-10-18 03:57:05,92000.0,5000.0,680500.0
1770,2021-10-18 03:57:05,92000.0,100.0,675500.0
1771,2021-10-18 03:57:05,92000.0,500.0,675400.0
1772,2021-10-18 03:57:05,92000.0,100.0,674900.0
1773,2021-10-18 03:57:05,92000.0,500.0,674800.0
1774,2021-10-18 03:57:05,92000.0,2200.0,674300.0
1775,2021-10-18 03:57:05,92000.0,200.0,672100.0
1776,2021-10-18 03:56:59,92500.0,200.0,671900.0
1777,2021-10-18 03:56:59,92000.0,500.0,671700.0
1778,2021-10-18 03:56:50,92000.0,500.0,671200.0
1779,2021-10-18 03:56:43,92000.0,500.0,670700.0
1780,2021-10-18 03:56:36,92000.0,300.0,670200.0
1781,2021-10-18 03:56:36,92000.0,100.0,669900.0
1782,2021-10-18 03:56:36,92000.0,100.0,669800.0
1783,2021-10-18 03:56:28,92000.0,500.0,669700.0
1784,2021-10-18 03:56:20,92000.0,200.0,669200.0
1785,2021-10-18 03:56:20,92100.0,100.0,669000.0
1786,2021-10-18 03:56:20,92100.0,100.0,668900.0
1787,2021-10-18 03:56:20,92200.0,100.0,668800.0
1788,2021-10-18 03:56:20,92200.0,100.0,668700.0
1789,2021-10-18 03:55:51,92500.0,500.0,668600.0
1790,2021-10-18 03:55:51,92200.0,200.0,668100.0
1791,2021-10-18 03:55:51,92200.0,900.0,667900.0
1792,2021-10-18 03:55:51,92200.0,300.0,667000.0
1793,2021-10-18 03:54:49,92200.0,100.0,666700.0
1794,2021-10-18 03:52:42,92500.0,200.0,666600.0
1795,2021-10-18 03:52:42,92500.0,900.0,666400.0
1796,2021-10-18 03:51:57,92500.0,100.0,665500.0
1797,2021-10-18 03:51:57,92500.0,100.0,665400.0
1798,2021-10-18 03:51:53,92500.0,200.0,665300.0
1799,2021-10-18 03:51:44,92500.0,200.0,665100.0
1800,2021-10-18 03:51:39,92500.0,100.0,664900.0
1801,2021-10-18 03:51:39,92500.0,100.0,664800.0
1802,2021-10-18 03:51:35,92500.0,200.0,664700.0
1803,2021-10-18 03:51:30,92500.0,100.0,664500.0
1804,2021-10-18 03:51:30,92300.0,100.0,664400.0
1805,2021-10-18 03:51:26,92300.0,100.0,664300.0
1806,2021-10-18 03:51:26,92200.0,100.0,664200.0
1807,2021-10-18 03:51:22,92200.0,100.0,664100.0
1808,2021-10-18 03:51:22,92200.0,100.0,664000.0
1809,2021-10-18 03:51:18,92100.0,200.0,663900.0
1810,2021-10-18 03:51:14,92100.0,200.0,663700.0
1811,2021-10-18 03:51:11,92000.0,200.0,663500.0
1812,2021-10-18 03:51:10,92100.0,200.0,663300.0
1813,2021-10-18 03:51:07,92100.0,200.0,663100.0
1814,2021-10-18 03:51:02,92100.0,100.0,662900.0
1815,2021-10-18 03:51:02,92100.0,100.0,662800.0
1816,2021-10-18 03:50:58,92100.0,100.0,662700.0
1817,2021-10-18 03:50:58,92100.0,100.0,662600.0
1818,2021-10-18 03:50:53,92100.0,100.0,662500.0
1819,2021-10-18 03:50:53,92100.0,700.0,662400.0
1820,2021-10-18 03:50:53,92100.0,200.0,661700.0
1821,2021-10-18 03:50:47,92100.0,200.0,661500.0
1822,2021-10-18 03:50:43,92100.0,200.0,661300.0
1823,2021-10-18 03:50:39,92100.0,100.0,661100.0
1824,2021-10-18 03:50:39,92100.0,100.0,661000.0
1825,2021-10-18 03:50:36,92100.0,200.0,660900.0
1826,2021-10-18 03:50:33,92100.0,1200.0,660700.0
1827,2021-10-18 03:50:31,92100.0,200.0,659500.0
1828,2021-10-18 03:50:29,92000.0,900.0,659300.0
1829,2021-10-18 03:50:12,92000.0,200.0,658400.0
1830,2021-10-18 03:49:57,92000.0,900.0,658200.0
1831,2021-10-18 03:49:57,92000.0,100.0,657300.0
1832,2021-10-18 03:49:27,92000.0,100.0,657200.0
1833,2021-10-18 03:49:27,92000.0,100.0,657100.0
1834,2021-10-18 03:49:27,92000.0,800.0,657000.0
1835,2021-10-18 03:49:19,92100.0,200.0,656200.0
1836,2021-10-18 03:49:19,92100.0,200.0,656000.0
1837,2021-10-18 03:49:19,92100.0,500.0,655800.0
1838,2021-10-18 03:49:01,92100.0,400.0,655300.0
1839,2021-10-18 03:49:01,92100.0,300.0,654900.0
1840,2021-10-18 03:48:29,92100.0,600.0,654600.0
1841,2021-10-18 03:48:29,92100.0,100.0,654000.0
1842,2021-10-18 03:48:16,92100.0,100.0,653900.0
1843,2021-10-18 03:48:08,92100.0,700.0,653800.0
1844,2021-10-18 03:48:08,92100.0,200.0,653100.0
1845,2021-10-18 03:47:54,92100.0,100.0,652900.0
1846,2021-10-18 03:47:54,92100.0,900.0,652800.0
1847,2021-10-18 03:47:54,92100.0,100.0,651900.0
1848,2021-10-18 03:47:41,92100.0,100.0,651800.0
1849,2021-10-18 03:47:41,92100.0,100.0,651700.0
1850,2021-10-18 03:47:38,92100.0,200.0,651600.0
1851,2021-10-18 03:47:38,92100.0,500.0,651400.0
1852,2021-10-18 03:47:38,92100.0,200.0,650900.0
1853,2021-10-18 03:47:36,92100.0,200.0,650700.0
1854,2021-10-18 03:47:33,92100.0,200.0,650500.0
1855,2021-10-18 03:47:30,92100.0,200.0,650300.0
1856,2021-10-18 03:47:28,92100.0,200.0,650100.0
1857,2021-10-18 03:47:26,92100.0,200.0,649900.0
1858,2021-10-18 03:47:21,92100.0,200.0,649700.0
1859,2021-10-18 03:47:18,92100.0,200.0,649500.0
1860,2021-10-18 03:47:15,92100.0,200.0,649300.0
1861,2021-10-18 03:47:11,92100.0,200.0,649100.0
1862,2021-10-18 03:47:08,92100.0,100.0,648900.0
1863,2021-10-18 03:47:08,92100.0,100.0,648800.0
1864,2021-10-18 03:47:06,92100.0,200.0,648700.0
1865,2021-10-18 03:47:05,92100.0,200.0,648500.0
1866,2021-10-18 03:47:02,92100.0,200.0,648300.0
1867,2021-10-18 03:46:58,92100.0,200.0,648100.0
1868,2021-10-18 03:46:55,92100.0,200.0,647900.0
1869,2021-10-18 03:46:51,92100.0,200.0,647700.0
1870,2021-10-18 03:46:47,92100.0,200.0,647500.0
1871,2021-10-18 03:46:46,92000.0,200.0,647300.0
1872,2021-10-18 03:46:44,92100.0,200.0,647100.0
1873,2021-10-18 03:46:38,92100.0,200.0,646900.0
1874,2021-10-18 03:46:21,92000.0,100.0,646700.0
1875,2021-10-18 03:46:21,92000.0,200.0,646600.0
1876,2021-10-18 03:46:16,92000.0,100.0,646400.0
1877,2021-10-18 03:46:16,92000.0,100.0,646300.0
1878,2021-10-18 03:46:16,92000.0,500.0,646200.0
1879,2021-10-18 03:46:16,92000.0,1000.0,645700.0
1880,2021-10-18 03:46:16,92000.0,2000.0,644700.0
1881,2021-10-18 03:46:16,92000.0,2000.0,642700.0
1882,2021-10-18 03:45:52,92100.0,200.0,640700.0
1883,2021-10-18 03:45:52,92100.0,500.0,640500.0
1884,2021-10-18 03:45:52,92100.0,900.0,640000.0
1885,2021-10-18 03:45:44,92000.0,900.0,639100.0
1886,2021-10-18 03:45:44,92000.0,2200.0,638200.0
1887,2021-10-18 03:45:44,92000.0,200.0,636000.0
1888,2021-10-18 03:45:44,92000.0,300.0,635800.0
1889,2021-10-18 03:45:44,92000.0,100.0,635500.0
1890,2021-10-18 03:45:44,92000.0,100.0,635400.0
1891,2021-10-18 03:45:44,92000.0,400.0,635300.0
1892,2021-10-18 03:45:44,92000.0,1700.0,634900.0
1893,2021-10-18 03:45:42,92100.0,100.0,633200.0
1894,2021-10-18 03:44:37,92100.0,200.0,633100.0
1895,2021-10-18 03:44:35,92200.0,200.0,632900.0
1896,2021-10-18 03:44:35,92200.0,300.0,632700.0
1897,2021-10-18 03:44:13,92100.0,300.0,632400.0
1898,2021-10-18 03:44:13,92100.0,400.0,632100.0
1899,2021-10-18 03:44:13,92100.0,200.0,631700.0
1900,2021-10-18 03:44:13,92100.0,500.0,631500.0
1901,2021-10-18 03:43:57,92200.0,500.0,631000.0
1902,2021-10-18 03:43:51,92200.0,100.0,630500.0
1903,2021-10-18 03:43:51,92200.0,100.0,630400.0
1904,2021-10-18 03:43:48,92200.0,200.0,630300.0
1905,2021-10-18 03:43:46,92200.0,500.0,630100.0
1906,2021-10-18 03:43:44,92200.0,200.0,629600.0
1907,2021-10-18 03:43:41,92200.0,200.0,629400.0
1908,2021-10-18 03:43:37,92200.0,100.0,629200.0
1909,2021-10-18 03:43:37,92200.0,100.0,629100.0
1910,2021-10-18 03:43:34,92200.0,200.0,629000.0
1911,2021-10-18 03:43:30,92200.0,200.0,628800.0
1912,2021-10-18 03:43:27,92100.0,100.0,628600.0
1913,2021-10-18 03:43:27,92100.0,100.0,628500.0
1914,2021-10-18 03:43:23,92100.0,200.0,628400.0
1915,2021-10-18 03:43:23,92100.0,300.0,628200.0
1916,2021-10-18 03:43:19,92100.0,200.0,627900.0
1917,2021-10-18 03:43:17,92100.0,100.0,627700.0
1918,2021-10-18 03:43:16,92100.0,200.0,627600.0
1919,2021-10-18 03:43:16,92100.0,200.0,627400.0
1920,2021-10-18 03:43:16,92100.0,600.0,627200.0
1921,2021-10-18 03:43:16,92100.0,200.0,626600.0
1922,2021-10-18 03:43:13,92100.0,200.0,626400.0
1923,2021-10-18 03:43:09,92100.0,200.0,626200.0
1924,2021-10-18 03:43:06,92100.0,200.0,626000.0
1925,2021-10-18 03:43:02,92100.0,100.0,625800.0
1926,2021-10-18 03:43:02,92100.0,100.0,625700.0
1927,2021-10-18 03:42:59,92100.0,200.0,625600.0
1928,2021-10-18 03:42:58,92100.0,100.0,625400.0
1929,2021-10-18 03:42:56,92100.0,200.0,625300.0
1930,2021-10-18 03:42:52,92100.0,200.0,625100.0
1931,2021-10-18 03:42:48,92100.0,200.0,624900.0
1932,2021-10-18 03:42:48,92100.0,300.0,624700.0
1933,2021-10-18 03:42:40,92100.0,200.0,624400.0
1934,2021-10-18 03:42:24,92100.0,800.0,624200.0
1935,2021-10-18 03:42:24,92100.0,200.0,623400.0
1936,2021-10-18 03:42:24,92100.0,100.0,623200.0
1937,2021-10-18 03:42:24,92100.0,1000.0,623100.0
1938,2021-10-18 03:42:24,92100.0,300.0,622100.0
1939,2021-10-18 03:42:24,92100.0,1000.0,621800.0
1940,2021-10-18 03:42:24,92100.0,100.0,620800.0
1941,2021-10-18 03:42:15,92200.0,100.0,620700.0
1942,2021-10-18 03:41:30,92200.0,400.0,620600.0
1943,2021-10-18 03:41:26,92200.0,600.0,620200.0
1944,2021-10-18 03:41:08,92400.0,200.0,619600.0
1945,2021-10-18 03:41:08,92400.0,900.0,619400.0
1946,2021-10-18 03:37:57,92500.0,200.0,618500.0
1947,2021-10-18 03:37:57,92500.0,500.0,618300.0
1948,2021-10-18 03:37:57,92500.0,300.0,617800.0
1949,2021-10-18 03:37:55,92100.0,500.0,617500.0
1950,2021-10-18 03:37:49,92100.0,300.0,617000.0
1951,2021-10-18 03:37:49,92100.0,500.0,616700.0
1952,2021-10-18 03:37:49,92100.0,200.0,616200.0
1953,2021-10-18 03:37:26,92100.0,800.0,616000.0
1954,2021-10-18 03:37:16,92100.0,100.0,615200.0
1955,2021-10-18 03:37:16,92100.0,100.0,615100.0
1956,2021-10-18 03:37:09,92100.0,500.0,615000.0
1957,2021-10-18 03:36:59,92400.0,500.0,614500.0
1958,2021-10-18 03:36:59,92400.0,500.0,614000.0
1959,2021-10-18 03:36:50,92100.0,2500.0,613500.0
1960,2021-10-18 03:36:50,92200.0,1000.0,611000.0
1961,2021-10-18 03:36:50,92200.0,2600.0,610000.0
1962,2021-10-18 03:36:50,92300.0,900.0,607400.0
1963,2021-10-18 03:36:50,92300.0,1900.0,606500.0
1964,2021-10-18 03:36:50,92400.0,2000.0,604600.0
1965,2021-10-18 03:36:45,92500.0,100.0,602600.0
1966,2021-10-18 03:36:45,92500.0,100.0,602500.0
1967,2021-10-18 03:36:45,92500.0,500.0,602400.0
1968,2021-10-18 03:36:24,92500.0,500.0,601900.0
1969,2021-10-18 03:36:14,92500.0,100.0,601400.0
1970,2021-10-18 03:36:13,92500.0,900.0,601300.0
1971,2021-10-18 03:36:13,92500.0,100.0,600400.0
1972,2021-10-18 03:35:42,92500.0,1000.0,600300.0
1973,2021-10-18 03:35:36,92500.0,100.0,599300.0
1974,2021-10-18 03:35:36,92500.0,300.0,599200.0
1975,2021-10-18 03:35:24,92500.0,500.0,598900.0
1976,2021-10-18 03:35:09,92500.0,1000.0,598400.0
1977,2021-10-18 03:34:55,92500.0,500.0,597400.0
1978,2021-10-18 03:34:55,92500.0,1100.0,596900.0
1979,2021-10-18 03:34:36,92600.0,100.0,595800.0
1980,2021-10-18 03:34:22,92600.0,200.0,595700.0
1981,2021-10-18 03:34:13,92600.0,500.0,595500.0
1982,2021-10-18 03:34:10,92600.0,1200.0,595000.0
1983,2021-10-18 03:34:10,92600.0,300.0,593800.0
1984,2021-10-18 03:34:10,92600.0,1100.0,593500.0
1985,2021-10-18 03:34:06,92600.0,1000.0,592400.0
1986,2021-10-18 03:33:48,92600.0,100.0,591400.0
1987,2021-10-18 03:33:41,92700.0,100.0,591300.0
1988,2021-10-18 03:32:36,92700.0,100.0,591200.0
1989,2021-10-18 03:32:03,92700.0,200.0,591100.0
1990,2021-10-18 03:32:03,92700.0,100.0,590900.0
1991,2021-10-18 03:32:03,92700.0,100.0,590800.0
1992,2021-10-18 03:31:47,92700.0,1000.0,590700.0
1993,2021-10-18 03:31:46,92700.0,500.0,589700.0
1994,2021-10-18 03:31:26,92700.0,100.0,589200.0
1995,2021-10-18 03:31:02,92700.0,400.0,589100.0
1996,2021-10-18 03:31:02,92700.0,100.0,588700.0
1997,2021-10-18 03:30:50,92700.0,900.0,588600.0
1998,2021-10-18 03:30:50,92700.0,100.0,587700.0
1999,2021-10-18 03:30:24,92800.0,400.0,587600.0
2000,2021-10-18 03:30:24,92800.0,2000.0,587200.0
2001,2021-10-18 03:30:24,92800.0,1000.0,585200.0
2002,2021-10-18 03:30:24,92800.0,500.0,584200.0
2003,2021-10-18 03:30:24,92800.0,100.0,583700.0
2004,2021-10-18 03:30:14,92700.0,300.0,583600.0
2005,2021-10-18 03:29:57,92700.0,100.0,583300.0
2006,2021-10-18 03:29:43,92700.0,500.0,583200.0
2007,2021-10-18 03:29:43,92700.0,1000.0,582700.0
2008,2021-10-18 03:28:36,92700.0,100.0,581700.0
2009,2021-10-18 03:28:36,92800.0,100.0,581600.0
2010,2021-10-18 03:28:22,92800.0,100.0,581500.0
2011,2021-10-18 03:28:22,92800.0,1000.0,581400.0
2012,2021-10-18 03:28:18,92800.0,100.0,580400.0
2013,2021-10-18 03:28:16,92800.0,600.0,580300.0
2014,2021-10-18 03:28:10,92800.0,1000.0,579700.0
2015,2021-10-18 03:28:07,92800.0,1000.0,578700.0
2016,2021-10-18 03:28:05,92800.0,500.0,577700.0
2017,2021-10-18 03:28:00,92800.0,2000.0,577200.0
2018,2021-10-18 03:28:00,92800.0,300.0,575200.0
2019,2021-10-18 03:27:57,92800.0,500.0,574900.0
2020,2021-10-18 03:27:52,92800.0,1000.0,574400.0
2021,2021-10-18 03:27:27,92800.0,100.0,573400.0
2022,2021-10-18 03:27:20,92800.0,100.0,573300.0
2023,2021-10-18 03:27:13,92800.0,1000.0,573200.0
2024,2021-10-18 03:26:53,92800.0,1500.0,572200.0
2025,2021-10-18 03:26:53,92800.0,1000.0,570700.0
2026,2021-10-18 03:26:53,92800.0,1000.0,569700.0
2027,2021-10-18 03:26:53,92800.0,200.0,568700.0
2028,2021-10-18 03:26:53,92800.0,200.0,568500.0
2029,2021-10-18 03:26:53,92800.0,400.0,568300.0
2030,2021-10-18 03:26:53,92800.0,500.0,567900.0
2031,2021-10-18 03:26:53,92800.0,100.0,567400.0
2032,2021-10-18 03:26:53,92800.0,800.0,567300.0
2033,2021-10-18 03:26:44,92800.0,200.0,566500.0
2034,2021-10-18 03:26:41,92800.0,200.0,566300.0
2035,2021-10-18 03:26:38,92800.0,200.0,566100.0
2036,2021-10-18 03:26:34,92800.0,100.0,565900.0
2037,2021-10-18 03:26:34,92800.0,100.0,565800.0
2038,2021-10-18 03:26:32,92800.0,200.0,565700.0
2039,2021-10-18 03:26:30,92700.0,300.0,565500.0
2040,2021-10-18 03:26:29,92800.0,200.0,565200.0
2041,2021-10-18 03:26:27,92800.0,200.0,565000.0
2042,2021-10-18 03:26:26,92700.0,100.0,564800.0
2043,2021-10-18 03:26:23,92800.0,200.0,564700.0
2044,2021-10-18 03:26:23,92700.0,300.0,564500.0
2045,2021-10-18 03:26:20,92800.0,200.0,564200.0
2046,2021-10-18 03:26:17,92800.0,200.0,564000.0
2047,2021-10-18 03:26:14,92800.0,200.0,563800.0
2048,2021-10-18 03:26:10,92700.0,200.0,563600.0
2049,2021-10-18 03:26:10,92800.0,200.0,563400.0
2050,2021-10-18 03:26:08,92800.0,300.0,563200.0
2051,2021-10-18 03:26:08,92800.0,100.0,562900.0
2052,2021-10-18 03:26:07,92800.0,200.0,562800.0
2053,2021-10-18 03:26:06,92800.0,100.0,562600.0
2054,2021-10-18 03:26:03,92800.0,200.0,562500.0
2055,2021-10-18 03:25:59,92800.0,200.0,562300.0
2056,2021-10-18 03:25:58,92800.0,500.0,562100.0
2057,2021-10-18 03:25:55,92800.0,200.0,561600.0
2058,2021-10-18 03:25:51,92800.0,200.0,561400.0
2059,2021-10-18 03:25:43,92800.0,200.0,561200.0
2060,2021-10-18 03:25:39,92800.0,100.0,561000.0
2061,2021-10-18 03:25:39,92800.0,100.0,560900.0
2062,2021-10-18 03:25:35,92700.0,200.0,560800.0
2063,2021-10-18 03:25:34,92800.0,200.0,560600.0
2064,2021-10-18 03:25:15,92700.0,500.0,560400.0
2065,2021-10-18 03:25:15,92700.0,300.0,559900.0
2066,2021-10-18 03:25:10,92600.0,100.0,559600.0
2067,2021-10-18 03:25:01,92700.0,2700.0,559500.0
