,Time,Price,Volume_per_trade,Volume
0,2021-10-05 07:45:00,20350.0,2300.0,3434500.0
1,2021-10-05 07:45:00,20350.0,700.0,3432200.0
2,2021-10-05 07:45:00,20350.0,200.0,3431500.0
3,2021-10-05 07:45:00,20350.0,5700.0,3431300.0
4,2021-10-05 07:45:00,20350.0,500.0,3425600.0
5,2021-10-05 07:45:00,20350.0,1000.0,3425100.0
6,2021-10-05 07:45:00,20350.0,500.0,3424100.0
7,2021-10-05 07:45:00,20350.0,500.0,3423600.0
8,2021-10-05 07:45:00,20350.0,1000.0,3423100.0
9,2021-10-05 07:45:00,20350.0,9000.0,3422100.0
10,2021-10-05 07:45:00,20350.0,53300.0,3413100.0
11,2021-10-05 07:45:00,20350.0,1000.0,3359800.0
12,2021-10-05 07:45:00,20350.0,200.0,3358800.0
13,2021-10-05 07:45:00,20350.0,500.0,3358600.0
14,2021-10-05 07:45:00,20350.0,600.0,3358100.0
15,2021-10-05 07:45:00,20350.0,500.0,3357500.0
16,2021-10-05 07:45:00,20350.0,1000.0,3357000.0
17,2021-10-05 07:45:00,20350.0,300.0,3356000.0
18,2021-10-05 07:45:00,20350.0,10600.0,3355700.0
19,2021-10-05 07:45:00,20350.0,4000.0,3345100.0
20,2021-10-05 07:45:00,20350.0,1000.0,3341100.0
21,2021-10-05 07:45:00,20350.0,2000.0,3340100.0
22,2021-10-05 07:45:00,20350.0,8300.0,3338100.0
23,2021-10-05 07:45:00,20350.0,100.0,3329800.0
24,2021-10-05 07:45:00,20350.0,2000.0,3329700.0
25,2021-10-05 07:45:00,20350.0,800.0,3327700.0
26,2021-10-05 07:45:00,20350.0,2500.0,3326900.0
27,2021-10-05 07:45:00,20350.0,500.0,3324400.0
28,2021-10-05 07:45:00,20350.0,900.0,3323900.0
29,2021-10-05 07:45:00,20350.0,100.0,3323000.0
30,2021-10-05 07:45:00,20350.0,100.0,3322900.0
31,2021-10-05 07:45:00,20350.0,1000.0,3322800.0
32,2021-10-05 07:45:00,20350.0,100.0,3321800.0
33,2021-10-05 07:45:00,20350.0,1100.0,3321700.0
34,2021-10-05 07:45:00,20350.0,10000.0,3320600.0
35,2021-10-05 07:45:00,20350.0,200.0,3310600.0
36,2021-10-05 07:45:00,20350.0,800.0,3310400.0
37,2021-10-05 07:45:00,20350.0,700.0,3309600.0
38,2021-10-05 07:45:00,20350.0,1000.0,3308900.0
39,2021-10-05 07:45:00,20350.0,4900.0,3307900.0
40,2021-10-05 07:45:00,20350.0,25900.0,3303000.0
41,2021-10-05 07:45:00,20350.0,700.0,3277100.0
42,2021-10-05 07:45:00,20350.0,100.0,3276400.0
43,2021-10-05 07:45:00,20350.0,3300.0,3276300.0
44,2021-10-05 07:45:00,20350.0,1700.0,3273000.0
45,2021-10-05 07:45:00,20350.0,2000.0,3271300.0
46,2021-10-05 07:45:00,20350.0,300.0,3269300.0
47,2021-10-05 07:45:00,20350.0,300.0,3269000.0
48,2021-10-05 07:45:00,20350.0,200.0,3268700.0
49,2021-10-05 07:45:00,20350.0,1000.0,3268500.0
50,2021-10-05 07:45:00,20350.0,9200.0,3267500.0
51,2021-10-05 07:45:00,20350.0,9600.0,3258300.0
52,2021-10-05 07:45:00,20350.0,5400.0,3248700.0
53,2021-10-05 07:45:00,20350.0,14600.0,3243300.0
54,2021-10-05 07:45:00,20350.0,200.0,3228700.0
55,2021-10-05 07:45:00,20350.0,200.0,3228500.0
56,2021-10-05 07:45:00,20350.0,200.0,3228300.0
57,2021-10-05 07:45:00,20350.0,1000.0,3228100.0
58,2021-10-05 07:45:00,20350.0,200.0,3227100.0
59,2021-10-05 07:45:00,20350.0,1000.0,3226900.0
60,2021-10-05 07:45:00,20350.0,3700.0,3225900.0
61,2021-10-05 07:45:00,20350.0,1000.0,3222200.0
62,2021-10-05 07:45:00,20350.0,500.0,3221200.0
63,2021-10-05 07:45:00,20350.0,700.0,3220700.0
64,2021-10-05 07:45:00,20350.0,400.0,3220000.0
65,2021-10-05 07:45:00,20350.0,600.0,3219600.0
66,2021-10-05 07:45:00,20350.0,200.0,3219000.0
67,2021-10-05 07:45:00,20350.0,500.0,3218800.0
68,2021-10-05 07:45:00,20350.0,19500.0,3218300.0
69,2021-10-05 07:45:00,20350.0,500.0,3198800.0
70,2021-10-05 07:45:00,20350.0,100.0,3198300.0
71,2021-10-05 07:45:00,20350.0,200.0,3198200.0
72,2021-10-05 07:45:00,20350.0,1200.0,3198000.0
73,2021-10-05 07:45:00,20350.0,300.0,3196800.0
74,2021-10-05 07:45:00,20350.0,100.0,3196500.0
75,2021-10-05 07:45:00,20350.0,500.0,3196400.0
76,2021-10-05 07:45:00,20350.0,500.0,3195900.0
77,2021-10-05 07:45:00,20350.0,100.0,3195400.0
78,2021-10-05 07:45:00,20350.0,200.0,3195300.0
79,2021-10-05 07:45:00,20350.0,100.0,3195100.0
80,2021-10-05 07:45:00,20350.0,100.0,3195000.0
81,2021-10-05 07:29:48,20300.0,8400.0,3194900.0
82,2021-10-05 07:29:42,20300.0,3000.0,3186500.0
83,2021-10-05 07:29:42,20300.0,500.0,3183500.0
84,2021-10-05 07:29:42,20350.0,200.0,3183000.0
85,2021-10-05 07:29:40,20300.0,20000.0,3182800.0
86,2021-10-05 07:29:34,20350.0,200.0,3162800.0
87,2021-10-05 07:29:33,20350.0,1200.0,3162600.0
88,2021-10-05 07:29:32,20300.0,5900.0,3161400.0
89,2021-10-05 07:29:32,20300.0,2000.0,3155500.0
90,2021-10-05 07:29:32,20300.0,400.0,3153500.0
91,2021-10-05 07:29:32,20300.0,500.0,3153100.0
92,2021-10-05 07:29:32,20300.0,100.0,3152600.0
93,2021-10-05 07:29:32,20300.0,100.0,3152500.0
94,2021-10-05 07:29:32,20300.0,30000.0,3152400.0
95,2021-10-05 07:29:32,20300.0,10000.0,3122400.0
96,2021-10-05 07:29:32,20300.0,300.0,3112400.0
97,2021-10-05 07:29:32,20300.0,200.0,3112100.0
98,2021-10-05 07:29:32,20300.0,100.0,3111900.0
99,2021-10-05 07:29:32,20300.0,300.0,3111800.0
100,2021-10-05 07:29:32,20300.0,100.0,3111500.0
101,2021-10-05 07:29:32,20300.0,1000.0,3111400.0
102,2021-10-05 07:29:32,20300.0,200.0,3110400.0
103,2021-10-05 07:29:32,20300.0,500.0,3110200.0
104,2021-10-05 07:29:32,20300.0,100.0,3109700.0
105,2021-10-05 07:29:32,20300.0,1000.0,3109600.0
106,2021-10-05 07:29:32,20300.0,1100.0,3108600.0
107,2021-10-05 07:29:32,20300.0,100.0,3107500.0
108,2021-10-05 07:29:32,20300.0,1200.0,3107400.0
109,2021-10-05 07:29:32,20300.0,200.0,3106200.0
110,2021-10-05 07:29:32,20300.0,100.0,3106000.0
111,2021-10-05 07:29:32,20300.0,200.0,3105900.0
112,2021-10-05 07:29:32,20300.0,200.0,3105700.0
113,2021-10-05 07:29:32,20300.0,2000.0,3105500.0
114,2021-10-05 07:29:32,20300.0,600.0,3103500.0
115,2021-10-05 07:29:32,20300.0,100.0,3102900.0
116,2021-10-05 07:29:32,20300.0,100.0,3102800.0
117,2021-10-05 07:29:32,20300.0,400.0,3102700.0
118,2021-10-05 07:29:32,20300.0,1500.0,3102300.0
119,2021-10-05 07:29:32,20300.0,5000.0,3100800.0
120,2021-10-05 07:29:32,20300.0,300.0,3095800.0
121,2021-10-05 07:29:32,20300.0,100.0,3095500.0
122,2021-10-05 07:29:32,20300.0,500.0,3095400.0
123,2021-10-05 07:29:32,20300.0,100.0,3094900.0
124,2021-10-05 07:29:32,20300.0,5000.0,3094800.0
125,2021-10-05 07:29:32,20300.0,1000.0,3089800.0
126,2021-10-05 07:29:32,20300.0,1000.0,3088800.0
127,2021-10-05 07:29:32,20300.0,3000.0,3087800.0
128,2021-10-05 07:29:32,20300.0,1000.0,3084800.0
129,2021-10-05 07:29:32,20300.0,5000.0,3083800.0
130,2021-10-05 07:29:32,20300.0,100.0,3078800.0
131,2021-10-05 07:29:32,20300.0,100.0,3078700.0
132,2021-10-05 07:29:32,20300.0,100.0,3078600.0
133,2021-10-05 07:29:32,20300.0,100.0,3078500.0
134,2021-10-05 07:29:32,20300.0,100.0,3078400.0
135,2021-10-05 07:29:32,20300.0,500.0,3078300.0
136,2021-10-05 07:29:32,20300.0,500.0,3077800.0
137,2021-10-05 07:29:32,20300.0,200.0,3077300.0
138,2021-10-05 07:29:32,20300.0,200.0,3077100.0
139,2021-10-05 07:29:32,20300.0,500.0,3076900.0
140,2021-10-05 07:29:32,20300.0,100.0,3076400.0
141,2021-10-05 07:29:32,20300.0,100.0,3076300.0
142,2021-10-05 07:29:32,20300.0,200.0,3076200.0
143,2021-10-05 07:29:32,20300.0,5000.0,3076000.0
144,2021-10-05 07:29:32,20300.0,100.0,3071000.0
145,2021-10-05 07:29:32,20300.0,500.0,3070900.0
146,2021-10-05 07:29:32,20300.0,100.0,3070400.0
147,2021-10-05 07:29:32,20300.0,500.0,3070300.0
148,2021-10-05 07:29:32,20300.0,100.0,3069800.0
149,2021-10-05 07:29:32,20300.0,400.0,3069700.0
150,2021-10-05 07:29:32,20300.0,100.0,3069300.0
151,2021-10-05 07:29:32,20300.0,1000.0,3069200.0
152,2021-10-05 07:29:32,20300.0,100.0,3068200.0
153,2021-10-05 07:29:32,20300.0,100.0,3068100.0
154,2021-10-05 07:29:32,20300.0,500.0,3068000.0
155,2021-10-05 07:29:32,20300.0,300.0,3067500.0
156,2021-10-05 07:29:32,20300.0,200.0,3067200.0
157,2021-10-05 07:29:32,20300.0,500.0,3067000.0
158,2021-10-05 07:29:32,20300.0,100.0,3066500.0
159,2021-10-05 07:29:32,20300.0,200.0,3066400.0
160,2021-10-05 07:29:32,20300.0,300.0,3066200.0
161,2021-10-05 07:29:32,20300.0,1000.0,3065900.0
162,2021-10-05 07:29:32,20300.0,100.0,3064900.0
163,2021-10-05 07:29:32,20300.0,500.0,3064800.0
164,2021-10-05 07:29:32,20300.0,1000.0,3064300.0
165,2021-10-05 07:29:32,20300.0,200.0,3063300.0
166,2021-10-05 07:29:32,20300.0,1100.0,3063100.0
167,2021-10-05 07:29:32,20300.0,100.0,3062000.0
168,2021-10-05 07:29:32,20300.0,200.0,3061900.0
169,2021-10-05 07:29:32,20300.0,100.0,3061700.0
170,2021-10-05 07:29:32,20300.0,5000.0,3061600.0
171,2021-10-05 07:29:32,20300.0,2000.0,3056600.0
172,2021-10-05 07:29:32,20300.0,100.0,3054600.0
173,2021-10-05 07:29:32,20300.0,900.0,3054500.0
174,2021-10-05 07:29:32,20300.0,100.0,3053600.0
175,2021-10-05 07:29:32,20300.0,500.0,3053500.0
176,2021-10-05 07:29:32,20300.0,200.0,3053000.0
177,2021-10-05 07:29:32,20300.0,100.0,3052800.0
178,2021-10-05 07:29:32,20300.0,200.0,3052700.0
179,2021-10-05 07:29:32,20300.0,10000.0,3052500.0
180,2021-10-05 07:29:32,20300.0,10000.0,3042500.0
181,2021-10-05 07:29:32,20300.0,7400.0,3032500.0
182,2021-10-05 07:29:32,20300.0,10000.0,3025100.0
183,2021-10-05 07:29:32,20300.0,100.0,3015100.0
184,2021-10-05 07:29:32,20300.0,100.0,3015000.0
185,2021-10-05 07:29:32,20300.0,3500.0,3014900.0
186,2021-10-05 07:29:30,20350.0,1000.0,3011400.0
187,2021-10-05 07:29:23,20350.0,500.0,3010400.0
188,2021-10-05 07:29:19,20350.0,200.0,3009900.0
189,2021-10-05 07:29:19,20350.0,5000.0,3009700.0
190,2021-10-05 07:29:18,20350.0,2900.0,3004700.0
191,2021-10-05 07:29:05,20350.0,100.0,3001800.0
192,2021-10-05 07:29:05,20350.0,1000.0,3001700.0
193,2021-10-05 07:29:05,20350.0,1000.0,3000700.0
194,2021-10-05 07:29:05,20350.0,500.0,2999700.0
195,2021-10-05 07:29:05,20350.0,300.0,2999200.0
196,2021-10-05 07:29:05,20350.0,1900.0,2998900.0
197,2021-10-05 07:29:05,20350.0,300.0,2997000.0
198,2021-10-05 07:29:05,20350.0,1500.0,2996700.0
199,2021-10-05 07:29:05,20350.0,300.0,2995200.0
200,2021-10-05 07:29:05,20350.0,100.0,2994900.0
201,2021-10-05 07:29:05,20350.0,1000.0,2994800.0
202,2021-10-05 07:29:05,20350.0,100.0,2993800.0
203,2021-10-05 07:29:05,20350.0,8900.0,2993700.0
204,2021-10-05 07:29:05,20400.0,100.0,2984800.0
205,2021-10-05 07:29:05,20400.0,200.0,2984700.0
206,2021-10-05 07:29:01,20400.0,800.0,2984500.0
207,2021-10-05 07:28:59,20400.0,1900.0,2983700.0
208,2021-10-05 07:28:57,20400.0,500.0,2981800.0
209,2021-10-05 07:28:55,20400.0,300.0,2981300.0
210,2021-10-05 07:28:51,20400.0,3000.0,2981000.0
211,2021-10-05 07:28:42,20400.0,2000.0,2978000.0
212,2021-10-05 07:28:42,20400.0,200.0,2976000.0
213,2021-10-05 07:28:42,20400.0,2000.0,2975800.0
214,2021-10-05 07:28:42,20400.0,2300.0,2973800.0
215,2021-10-05 07:28:41,20450.0,200.0,2971500.0
216,2021-10-05 07:28:17,20450.0,500.0,2971300.0
217,2021-10-05 07:28:10,20400.0,200.0,2970800.0
218,2021-10-05 07:28:08,20400.0,2000.0,2970600.0
219,2021-10-05 07:28:04,20450.0,100.0,2968600.0
220,2021-10-05 07:28:01,20450.0,2800.0,2968500.0
221,2021-10-05 07:28:01,20450.0,100.0,2965700.0
222,2021-10-05 07:28:01,20450.0,2100.0,2965600.0
223,2021-10-05 07:27:51,20450.0,1300.0,2963500.0
224,2021-10-05 07:27:51,20450.0,2000.0,2962200.0
225,2021-10-05 07:27:51,20450.0,200.0,2960200.0
226,2021-10-05 07:27:51,20450.0,600.0,2960000.0
227,2021-10-05 07:27:51,20450.0,500.0,2959400.0
228,2021-10-05 07:27:51,20450.0,400.0,2958900.0
229,2021-10-05 07:27:50,20450.0,300.0,2958500.0
230,2021-10-05 07:27:50,20450.0,1000.0,2958200.0
231,2021-10-05 07:27:50,20450.0,600.0,2957200.0
232,2021-10-05 07:27:48,20400.0,500.0,2956600.0
233,2021-10-05 07:27:38,20350.0,19700.0,2956100.0
234,2021-10-05 07:27:38,20400.0,100.0,2936400.0
235,2021-10-05 07:27:38,20400.0,200.0,2936300.0
236,2021-10-05 07:27:21,20450.0,1100.0,2936100.0
237,2021-10-05 07:27:21,20450.0,100.0,2935000.0
238,2021-10-05 07:27:21,20450.0,300.0,2934900.0
239,2021-10-05 07:27:21,20450.0,2000.0,2934600.0
240,2021-10-05 07:27:21,20450.0,800.0,2932600.0
241,2021-10-05 07:27:11,20350.0,28200.0,2931800.0
242,2021-10-05 07:27:11,20400.0,100.0,2903600.0
243,2021-10-05 07:26:47,20350.0,3200.0,2903500.0
244,2021-10-05 07:26:47,20350.0,800.0,2900300.0
245,2021-10-05 07:26:47,20400.0,1000.0,2899500.0
246,2021-10-05 07:26:40,20450.0,200.0,2898500.0
247,2021-10-05 07:26:40,20450.0,4000.0,2898300.0
248,2021-10-05 07:26:40,20450.0,800.0,2894300.0
249,2021-10-05 07:26:32,20450.0,3200.0,2893500.0
250,2021-10-05 07:26:32,20400.0,1100.0,2890300.0
251,2021-10-05 07:26:32,20400.0,100.0,2889200.0
252,2021-10-05 07:26:32,20400.0,200.0,2889100.0
253,2021-10-05 07:26:32,20400.0,400.0,2888900.0
254,2021-10-05 07:26:28,20400.0,100.0,2888500.0
255,2021-10-05 07:26:21,20350.0,100.0,2888400.0
256,2021-10-05 07:26:20,20400.0,200.0,2888300.0
257,2021-10-05 07:26:19,20400.0,100.0,2888100.0
258,2021-10-05 07:26:07,20400.0,100.0,2888000.0
259,2021-10-05 07:26:02,20400.0,1000.0,2887900.0
260,2021-10-05 07:25:53,20400.0,4600.0,2886900.0
261,2021-10-05 07:25:53,20400.0,100.0,2882300.0
262,2021-10-05 07:25:49,20350.0,400.0,2882200.0
263,2021-10-05 07:25:49,20350.0,1000.0,2881800.0
264,2021-10-05 07:25:49,20350.0,1000.0,2880800.0
265,2021-10-05 07:25:49,20350.0,5000.0,2879800.0
266,2021-10-05 07:25:49,20350.0,200.0,2874800.0
267,2021-10-05 07:25:49,20350.0,500.0,2874600.0
268,2021-10-05 07:25:49,20350.0,5400.0,2874100.0
269,2021-10-05 07:25:49,20350.0,200.0,2868700.0
270,2021-10-05 07:25:49,20350.0,2000.0,2868500.0
271,2021-10-05 07:25:49,20350.0,300.0,2866500.0
272,2021-10-05 07:25:49,20350.0,2000.0,2866200.0
273,2021-10-05 07:25:49,20350.0,1000.0,2864200.0
274,2021-10-05 07:25:49,20350.0,100.0,2863200.0
275,2021-10-05 07:25:49,20350.0,100.0,2863100.0
276,2021-10-05 07:25:49,20350.0,1000.0,2863000.0
277,2021-10-05 07:25:49,20350.0,200.0,2862000.0
278,2021-10-05 07:25:49,20350.0,500.0,2861800.0
279,2021-10-05 07:25:49,20350.0,100.0,2861300.0
280,2021-10-05 07:25:49,20350.0,1000.0,2861200.0
281,2021-10-05 07:25:49,20350.0,500.0,2860200.0
282,2021-10-05 07:25:49,20350.0,200.0,2859700.0
283,2021-10-05 07:25:49,20350.0,300.0,2859500.0
284,2021-10-05 07:25:49,20350.0,3000.0,2859200.0
285,2021-10-05 07:25:49,20350.0,100.0,2856200.0
286,2021-10-05 07:25:49,20350.0,100.0,2856100.0
287,2021-10-05 07:25:49,20350.0,1200.0,2856000.0
288,2021-10-05 07:25:49,20350.0,100.0,2854800.0
289,2021-10-05 07:25:49,20350.0,400.0,2854700.0
290,2021-10-05 07:25:49,20350.0,2000.0,2854300.0
291,2021-10-05 07:25:49,20350.0,100.0,2852300.0
292,2021-10-05 07:25:44,20400.0,100.0,2852200.0
293,2021-10-05 07:25:40,20400.0,1300.0,2852100.0
294,2021-10-05 07:25:32,20400.0,3000.0,2850800.0
295,2021-10-05 07:25:26,20350.0,1900.0,2847800.0
296,2021-10-05 07:25:26,20350.0,100.0,2845900.0
297,2021-10-05 07:25:05,20400.0,3000.0,2845800.0
298,2021-10-05 07:25:02,20400.0,5000.0,2842800.0
299,2021-10-05 07:24:53,20400.0,100.0,2837800.0
300,2021-10-05 07:24:53,20400.0,1000.0,2837700.0
301,2021-10-05 07:24:53,20400.0,200.0,2836700.0
302,2021-10-05 07:24:53,20400.0,100.0,2836500.0
303,2021-10-05 07:24:53,20400.0,600.0,2836400.0
304,2021-10-05 07:24:48,20400.0,800.0,2835800.0
305,2021-10-05 07:24:33,20400.0,600.0,2835000.0
306,2021-10-05 07:24:33,20400.0,400.0,2834400.0
307,2021-10-05 07:24:24,20400.0,300.0,2834000.0
308,2021-10-05 07:24:23,20400.0,700.0,2833700.0
309,2021-10-05 07:24:08,20400.0,200.0,2833000.0
310,2021-10-05 07:23:54,20400.0,100.0,2832800.0
311,2021-10-05 07:23:54,20400.0,2000.0,2832700.0
312,2021-10-05 07:23:48,20400.0,500.0,2830700.0
313,2021-10-05 07:23:44,20400.0,800.0,2830200.0
314,2021-10-05 07:23:44,20400.0,300.0,2829400.0
315,2021-10-05 07:23:44,20400.0,2000.0,2829100.0
316,2021-10-05 07:23:44,20400.0,1900.0,2827100.0
317,2021-10-05 07:23:15,20400.0,100.0,2825200.0
318,2021-10-05 07:23:15,20400.0,600.0,2825100.0
319,2021-10-05 07:23:15,20400.0,800.0,2824500.0
320,2021-10-05 07:23:15,20400.0,200.0,2823700.0
321,2021-10-05 07:23:15,20400.0,300.0,2823500.0
322,2021-10-05 07:23:11,20350.0,400.0,2823200.0
323,2021-10-05 07:23:11,20350.0,1000.0,2822800.0
324,2021-10-05 07:23:11,20350.0,1100.0,2821800.0
325,2021-10-05 07:23:09,20400.0,100.0,2820700.0
326,2021-10-05 07:23:09,20400.0,100.0,2820600.0
327,2021-10-05 07:23:02,20350.0,1000.0,2820500.0
328,2021-10-05 07:23:00,20400.0,500.0,2819500.0
329,2021-10-05 07:22:38,20400.0,1000.0,2819000.0
330,2021-10-05 07:22:36,20350.0,300.0,2818000.0
331,2021-10-05 07:22:34,20400.0,100.0,2817700.0
332,2021-10-05 07:22:16,20350.0,1500.0,2817600.0
333,2021-10-05 07:22:11,20350.0,100.0,2816100.0
334,2021-10-05 07:21:52,20350.0,1000.0,2816000.0
335,2021-10-05 07:21:51,20400.0,1500.0,2815000.0
336,2021-10-05 07:21:43,20350.0,2000.0,2813500.0
337,2021-10-05 07:21:43,20350.0,2100.0,2811500.0
338,2021-10-05 07:21:43,20350.0,100.0,2809400.0
339,2021-10-05 07:21:43,20350.0,100.0,2809300.0
340,2021-10-05 07:21:43,20350.0,1000.0,2809200.0
341,2021-10-05 07:21:43,20350.0,700.0,2808200.0
342,2021-10-05 07:21:37,20400.0,100.0,2807500.0
343,2021-10-05 07:21:32,20400.0,100.0,2807400.0
344,2021-10-05 07:21:23,20400.0,100.0,2807300.0
345,2021-10-05 07:21:22,20350.0,300.0,2807200.0
346,2021-10-05 07:21:22,20350.0,100.0,2806900.0
347,2021-10-05 07:21:22,20350.0,100.0,2806800.0
348,2021-10-05 07:21:22,20400.0,100.0,2806700.0
349,2021-10-05 07:20:53,20350.0,100.0,2806600.0
350,2021-10-05 07:20:52,20350.0,1000.0,2806500.0
351,2021-10-05 07:20:31,20400.0,500.0,2805500.0
352,2021-10-05 07:19:57,20350.0,800.0,2805000.0
353,2021-10-05 07:19:57,20350.0,200.0,2804200.0
354,2021-10-05 07:19:31,20350.0,1000.0,2804000.0
355,2021-10-05 07:19:22,20350.0,1000.0,2803000.0
356,2021-10-05 07:19:12,20400.0,100.0,2802000.0
357,2021-10-05 07:18:53,20400.0,100.0,2801900.0
358,2021-10-05 07:18:48,20400.0,500.0,2801800.0
359,2021-10-05 07:18:45,20400.0,200.0,2801300.0
360,2021-10-05 07:18:45,20400.0,300.0,2801100.0
361,2021-10-05 07:18:19,20400.0,200.0,2800800.0
362,2021-10-05 07:18:12,20400.0,500.0,2800600.0
363,2021-10-05 07:18:11,20350.0,400.0,2800100.0
364,2021-10-05 07:18:11,20350.0,300.0,2799700.0
365,2021-10-05 07:18:11,20350.0,500.0,2799400.0
366,2021-10-05 07:18:11,20350.0,100.0,2798900.0
367,2021-10-05 07:18:11,20350.0,200.0,2798800.0
368,2021-10-05 07:18:11,20350.0,5000.0,2798600.0
369,2021-10-05 07:18:11,20350.0,500.0,2793600.0
370,2021-10-05 07:18:11,20350.0,4800.0,2793100.0
371,2021-10-05 07:18:11,20350.0,100.0,2788300.0
372,2021-10-05 07:18:11,20350.0,300.0,2788200.0
373,2021-10-05 07:18:11,20350.0,800.0,2787900.0
374,2021-10-05 07:18:11,20350.0,100.0,2787100.0
375,2021-10-05 07:18:11,20350.0,300.0,2787000.0
376,2021-10-05 07:18:11,20350.0,500.0,2786700.0
377,2021-10-05 07:18:11,20350.0,800.0,2786200.0
378,2021-10-05 07:18:11,20350.0,300.0,2785400.0
379,2021-10-05 07:18:11,20350.0,100.0,2785100.0
380,2021-10-05 07:18:11,20350.0,100.0,2785000.0
381,2021-10-05 07:18:11,20350.0,1000.0,2784900.0
382,2021-10-05 07:18:11,20350.0,100.0,2783900.0
383,2021-10-05 07:18:11,20350.0,300.0,2783800.0
384,2021-10-05 07:18:11,20350.0,500.0,2783500.0
385,2021-10-05 07:18:11,20350.0,5000.0,2783000.0
386,2021-10-05 07:18:11,20350.0,100.0,2778000.0
387,2021-10-05 07:18:11,20350.0,500.0,2777900.0
388,2021-10-05 07:18:11,20350.0,200.0,2777400.0
389,2021-10-05 07:18:11,20350.0,500.0,2777200.0
390,2021-10-05 07:18:11,20350.0,1500.0,2776700.0
391,2021-10-05 07:18:11,20350.0,100.0,2775200.0
392,2021-10-05 07:18:11,20400.0,500.0,2775100.0
393,2021-10-05 07:18:11,20400.0,400.0,2774600.0
394,2021-10-05 07:18:11,20400.0,300.0,2774200.0
395,2021-10-05 07:18:11,20400.0,1600.0,2773900.0
396,2021-10-05 07:18:11,20400.0,2200.0,2772300.0
397,2021-10-05 07:18:08,20400.0,4900.0,2770100.0
398,2021-10-05 07:17:44,20400.0,2900.0,2765200.0
399,2021-10-05 07:17:44,20400.0,1000.0,2762300.0
400,2021-10-05 07:17:44,20400.0,1000.0,2761300.0
401,2021-10-05 07:17:44,20400.0,300.0,2760300.0
402,2021-10-05 07:17:44,20400.0,100.0,2760000.0
403,2021-10-05 07:17:44,20400.0,100.0,2759900.0
404,2021-10-05 07:17:44,20400.0,1000.0,2759800.0
405,2021-10-05 07:17:44,20400.0,1000.0,2758800.0
406,2021-10-05 07:17:44,20400.0,200.0,2757800.0
407,2021-10-05 07:17:44,20400.0,1800.0,2757600.0
408,2021-10-05 07:17:44,20400.0,200.0,2755800.0
409,2021-10-05 07:17:44,20400.0,700.0,2755600.0
410,2021-10-05 07:17:44,20400.0,900.0,2754900.0
411,2021-10-05 07:17:44,20400.0,500.0,2754000.0
412,2021-10-05 07:17:44,20400.0,1000.0,2753500.0
413,2021-10-05 07:17:44,20400.0,1000.0,2752500.0
414,2021-10-05 07:17:44,20400.0,200.0,2751500.0
415,2021-10-05 07:17:44,20400.0,100.0,2751300.0
416,2021-10-05 07:17:44,20400.0,1000.0,2751200.0
417,2021-10-05 07:17:44,20400.0,2000.0,2750200.0
418,2021-10-05 07:17:44,20400.0,6000.0,2748200.0
419,2021-10-05 07:17:44,20400.0,200.0,2742200.0
420,2021-10-05 07:17:44,20400.0,5000.0,2742000.0
421,2021-10-05 07:17:44,20400.0,1800.0,2737000.0
422,2021-10-05 07:17:31,20450.0,1000.0,2735200.0
423,2021-10-05 07:17:31,20450.0,100.0,2734200.0
424,2021-10-05 07:17:31,20450.0,500.0,2734100.0
425,2021-10-05 07:17:31,20450.0,200.0,2733600.0
426,2021-10-05 07:17:31,20450.0,700.0,2733400.0
427,2021-10-05 07:17:31,20450.0,3000.0,2732700.0
428,2021-10-05 07:17:31,20450.0,1100.0,2729700.0
429,2021-10-05 07:17:31,20450.0,200.0,2728600.0
430,2021-10-05 07:17:31,20450.0,1100.0,2728400.0
431,2021-10-05 07:17:31,20450.0,2100.0,2727300.0
432,2021-10-05 07:17:28,20450.0,100.0,2725200.0
433,2021-10-05 07:17:25,20400.0,100.0,2725100.0
434,2021-10-05 07:16:26,20450.0,100.0,2725000.0
435,2021-10-05 07:16:17,20450.0,100.0,2724900.0
436,2021-10-05 07:16:12,20400.0,100.0,2724800.0
437,2021-10-05 07:16:12,20400.0,100.0,2724700.0
438,2021-10-05 07:16:12,20400.0,300.0,2724600.0
439,2021-10-05 07:16:09,20450.0,1000.0,2724300.0
440,2021-10-05 07:16:04,20450.0,3000.0,2723300.0
441,2021-10-05 07:15:59,20450.0,1400.0,2720300.0
442,2021-10-05 07:15:57,20450.0,1000.0,2718900.0
443,2021-10-05 07:15:36,20450.0,1300.0,2717900.0
444,2021-10-05 07:15:36,20450.0,100.0,2716600.0
445,2021-10-05 07:15:36,20450.0,300.0,2716500.0
446,2021-10-05 07:15:27,20400.0,400.0,2716200.0
447,2021-10-05 07:15:27,20400.0,200.0,2715800.0
448,2021-10-05 07:15:27,20400.0,500.0,2715600.0
449,2021-10-05 07:15:27,20400.0,400.0,2715100.0
450,2021-10-05 07:15:26,20450.0,200.0,2714700.0
451,2021-10-05 07:15:26,20450.0,800.0,2714500.0
452,2021-10-05 07:15:21,20400.0,100.0,2713700.0
453,2021-10-05 07:15:21,20400.0,1000.0,2713600.0
454,2021-10-05 07:15:21,20400.0,300.0,2712600.0
455,2021-10-05 07:15:15,20400.0,500.0,2712300.0
456,2021-10-05 07:15:03,20450.0,100.0,2711800.0
457,2021-10-05 07:14:58,20450.0,200.0,2711700.0
458,2021-10-05 07:14:57,20450.0,1000.0,2711500.0
459,2021-10-05 07:14:45,20450.0,500.0,2710500.0
460,2021-10-05 07:14:18,20400.0,300.0,2710000.0
461,2021-10-05 07:14:08,20450.0,2000.0,2709700.0
462,2021-10-05 07:13:50,20450.0,1000.0,2707700.0
463,2021-10-05 07:13:34,20450.0,1900.0,2706700.0
464,2021-10-05 07:13:34,20450.0,100.0,2704800.0
465,2021-10-05 07:13:34,20450.0,3000.0,2704700.0
466,2021-10-05 07:13:02,20450.0,100.0,2701700.0
467,2021-10-05 07:13:01,20400.0,10000.0,2701600.0
468,2021-10-05 07:13:00,20400.0,900.0,2691600.0
469,2021-10-05 07:13:00,20400.0,100.0,2690700.0
470,2021-10-05 07:12:41,20400.0,1000.0,2690600.0
471,2021-10-05 07:12:24,20450.0,100.0,2689600.0
472,2021-10-05 07:12:24,20450.0,900.0,2689500.0
473,2021-10-05 07:11:56,20450.0,300.0,2688600.0
474,2021-10-05 07:11:13,20450.0,300.0,2688300.0
475,2021-10-05 07:11:12,20450.0,100.0,2688000.0
476,2021-10-05 07:11:07,20350.0,300.0,2687900.0
477,2021-10-05 07:11:07,20350.0,300.0,2687600.0
478,2021-10-05 07:11:07,20350.0,200.0,2687300.0
479,2021-10-05 07:11:07,20350.0,200.0,2687100.0
480,2021-10-05 07:11:07,20350.0,60000.0,2686900.0
481,2021-10-05 07:11:07,20350.0,500.0,2626900.0
482,2021-10-05 07:11:07,20350.0,500.0,2626400.0
483,2021-10-05 07:11:07,20350.0,100.0,2625900.0
484,2021-10-05 07:11:07,20350.0,15000.0,2625800.0
485,2021-10-05 07:11:07,20350.0,100.0,2610800.0
486,2021-10-05 07:11:07,20350.0,300.0,2610700.0
487,2021-10-05 07:11:07,20350.0,300.0,2610400.0
488,2021-10-05 07:11:07,20350.0,1300.0,2610100.0
489,2021-10-05 07:11:07,20350.0,500.0,2608800.0
490,2021-10-05 07:11:07,20350.0,100.0,2608300.0
491,2021-10-05 07:11:07,20350.0,1000.0,2608200.0
492,2021-10-05 07:11:07,20350.0,100.0,2607200.0
493,2021-10-05 07:11:07,20350.0,400.0,2607100.0
494,2021-10-05 07:11:07,20350.0,1000.0,2606700.0
495,2021-10-05 07:11:07,20350.0,200.0,2605700.0
496,2021-10-05 07:11:07,20350.0,1000.0,2605500.0
497,2021-10-05 07:11:07,20350.0,100.0,2604500.0
498,2021-10-05 07:11:07,20350.0,2000.0,2604400.0
499,2021-10-05 07:11:07,20350.0,100.0,2602400.0
500,2021-10-05 07:11:07,20350.0,200.0,2602300.0
501,2021-10-05 07:11:07,20350.0,300.0,2602100.0
502,2021-10-05 07:11:07,20350.0,30000.0,2601800.0
503,2021-10-05 07:11:07,20350.0,100.0,2571800.0
504,2021-10-05 07:11:07,20350.0,400.0,2571700.0
505,2021-10-05 07:11:07,20350.0,5000.0,2571300.0
506,2021-10-05 07:11:07,20350.0,2000.0,2566300.0
507,2021-10-05 07:11:07,20350.0,200.0,2564300.0
508,2021-10-05 07:11:07,20350.0,500.0,2564100.0
509,2021-10-05 07:11:07,20350.0,200.0,2563600.0
510,2021-10-05 07:11:07,20400.0,100.0,2563400.0
511,2021-10-05 07:11:07,20400.0,100.0,2563300.0
512,2021-10-05 07:11:07,20400.0,500.0,2563200.0
513,2021-10-05 07:11:07,20400.0,1800.0,2562700.0
514,2021-10-05 07:11:07,20400.0,100.0,2560900.0
515,2021-10-05 07:11:07,20400.0,100.0,2560800.0
516,2021-10-05 07:11:07,20400.0,1000.0,2560700.0
517,2021-10-05 07:11:07,20400.0,100.0,2559700.0
518,2021-10-05 07:11:07,20400.0,5000.0,2559600.0
519,2021-10-05 07:11:07,20400.0,1000.0,2554600.0
520,2021-10-05 07:11:07,20400.0,100.0,2553600.0
521,2021-10-05 07:11:07,20400.0,200.0,2553500.0
522,2021-10-05 07:11:07,20400.0,500.0,2553300.0
523,2021-10-05 07:11:07,20400.0,1000.0,2552800.0
524,2021-10-05 07:11:07,20400.0,5000.0,2551800.0
525,2021-10-05 07:11:07,20400.0,100.0,2546800.0
526,2021-10-05 07:11:07,20400.0,500.0,2546700.0
527,2021-10-05 07:11:07,20400.0,200.0,2546200.0
528,2021-10-05 07:11:07,20400.0,1000.0,2546000.0
529,2021-10-05 07:11:07,20400.0,200.0,2545000.0
530,2021-10-05 07:11:07,20400.0,200.0,2544800.0
531,2021-10-05 07:11:07,20400.0,5000.0,2544600.0
532,2021-10-05 07:11:07,20400.0,1700.0,2539600.0
533,2021-10-05 07:10:59,20450.0,200.0,2537900.0
534,2021-10-05 07:10:53,20450.0,1000.0,2537700.0
535,2021-10-05 07:10:51,20450.0,500.0,2536700.0
536,2021-10-05 07:10:50,20450.0,100.0,2536200.0
537,2021-10-05 07:10:40,20450.0,100.0,2536100.0
538,2021-10-05 07:10:39,20450.0,100.0,2536000.0
539,2021-10-05 07:10:37,20400.0,1300.0,2535900.0
540,2021-10-05 07:10:37,20400.0,1000.0,2534600.0
541,2021-10-05 07:10:37,20400.0,100.0,2533600.0
542,2021-10-05 07:10:37,20400.0,1000.0,2533500.0
543,2021-10-05 07:10:37,20400.0,500.0,2532500.0
544,2021-10-05 07:10:37,20400.0,500.0,2532000.0
545,2021-10-05 07:10:37,20400.0,200.0,2531500.0
546,2021-10-05 07:10:37,20400.0,2400.0,2531300.0
547,2021-10-05 07:10:35,20450.0,200.0,2528900.0
548,2021-10-05 07:10:11,20450.0,500.0,2528700.0
549,2021-10-05 07:10:08,20450.0,200.0,2528200.0
550,2021-10-05 07:10:08,20450.0,1000.0,2528000.0
551,2021-10-05 07:10:08,20450.0,800.0,2527000.0
552,2021-10-05 07:09:38,20400.0,100.0,2526200.0
553,2021-10-05 07:09:30,20400.0,2000.0,2526100.0
554,2021-10-05 07:09:02,20400.0,1500.0,2524100.0
555,2021-10-05 07:09:02,20400.0,2000.0,2522600.0
556,2021-10-05 07:09:02,20400.0,200.0,2520600.0
557,2021-10-05 07:09:02,20400.0,100.0,2520400.0
558,2021-10-05 07:09:02,20400.0,300.0,2520300.0
559,2021-10-05 07:09:02,20400.0,100.0,2520000.0
560,2021-10-05 07:09:02,20400.0,100.0,2519900.0
561,2021-10-05 07:09:02,20400.0,1300.0,2519800.0
562,2021-10-05 07:09:02,20400.0,200.0,2518500.0
563,2021-10-05 07:09:02,20400.0,100.0,2518300.0
564,2021-10-05 07:09:02,20400.0,100.0,2518200.0
565,2021-10-05 07:09:02,20400.0,2800.0,2518100.0
566,2021-10-05 07:08:55,20400.0,1000.0,2515300.0
567,2021-10-05 07:08:32,20450.0,200.0,2514300.0
568,2021-10-05 07:08:32,20450.0,400.0,2514100.0
569,2021-10-05 07:08:06,20450.0,100.0,2513700.0
570,2021-10-05 07:08:06,20450.0,1300.0,2513600.0
571,2021-10-05 07:08:04,20450.0,1000.0,2512300.0
572,2021-10-05 07:07:57,20400.0,100.0,2511300.0
573,2021-10-05 07:07:48,20400.0,2700.0,2511200.0
574,2021-10-05 07:07:47,20450.0,100.0,2508500.0
575,2021-10-05 07:07:46,20400.0,2200.0,2508400.0
576,2021-10-05 07:07:46,20400.0,100.0,2506200.0
577,2021-10-05 07:07:46,20400.0,2000.0,2506100.0
578,2021-10-05 07:07:46,20400.0,700.0,2504100.0
579,2021-10-05 07:07:45,20450.0,17600.0,2503400.0
580,2021-10-05 07:07:45,20450.0,1000.0,2485800.0
581,2021-10-05 07:07:45,20450.0,1000.0,2484800.0
582,2021-10-05 07:07:45,20450.0,400.0,2483800.0
583,2021-10-05 07:07:44,20400.0,1000.0,2483400.0
584,2021-10-05 07:07:43,20400.0,300.0,2482400.0
585,2021-10-05 07:07:43,20400.0,300.0,2482100.0
586,2021-10-05 07:07:43,20400.0,400.0,2481800.0
587,2021-10-05 07:07:33,20450.0,200.0,2481400.0
588,2021-10-05 07:07:33,20400.0,800.0,2481200.0
589,2021-10-05 07:07:33,20400.0,100.0,2480400.0
590,2021-10-05 07:07:33,20400.0,600.0,2480300.0
591,2021-10-05 07:07:33,20400.0,100.0,2479700.0
592,2021-10-05 07:07:33,20400.0,1000.0,2479600.0
593,2021-10-05 07:07:33,20400.0,100.0,2478600.0
594,2021-10-05 07:07:33,20400.0,300.0,2478500.0
595,2021-10-05 07:07:33,20400.0,500.0,2478200.0
596,2021-10-05 07:07:33,20400.0,100.0,2477700.0
597,2021-10-05 07:07:33,20400.0,300.0,2477600.0
598,2021-10-05 07:07:32,20400.0,200.0,2477300.0
599,2021-10-05 07:07:32,20400.0,1000.0,2477100.0
600,2021-10-05 07:07:32,20400.0,100.0,2476100.0
601,2021-10-05 07:07:32,20400.0,100.0,2476000.0
602,2021-10-05 07:07:32,20400.0,2000.0,2475900.0
603,2021-10-05 07:07:32,20400.0,400.0,2473900.0
604,2021-10-05 07:07:32,20400.0,200.0,2473500.0
605,2021-10-05 07:07:32,20400.0,2000.0,2473300.0
606,2021-10-05 07:07:32,20400.0,100.0,2471300.0
607,2021-10-05 07:07:28,20400.0,300.0,2471200.0
608,2021-10-05 07:07:05,20400.0,1000.0,2470900.0
609,2021-10-05 07:06:53,20400.0,1000.0,2469900.0
610,2021-10-05 07:06:34,20400.0,6000.0,2468900.0
611,2021-10-05 07:06:21,20400.0,3000.0,2462900.0
612,2021-10-05 07:06:14,20400.0,3500.0,2459900.0
613,2021-10-05 07:06:08,20400.0,300.0,2456400.0
614,2021-10-05 07:06:04,20400.0,2400.0,2456100.0
615,2021-10-05 07:06:04,20400.0,100.0,2453700.0
616,2021-10-05 07:06:04,20400.0,100.0,2453600.0
617,2021-10-05 07:06:04,20400.0,400.0,2453500.0
618,2021-10-05 07:05:52,20400.0,500.0,2453100.0
619,2021-10-05 07:05:52,20400.0,1500.0,2452600.0
620,2021-10-05 07:05:52,20400.0,600.0,2451100.0
621,2021-10-05 07:05:52,20400.0,100.0,2450500.0
622,2021-10-05 07:05:52,20400.0,500.0,2450400.0
623,2021-10-05 07:05:52,20400.0,6800.0,2449900.0
624,2021-10-05 07:05:39,20400.0,3200.0,2443100.0
625,2021-10-05 07:05:39,20400.0,300.0,2439900.0
626,2021-10-05 07:05:39,20400.0,100.0,2439600.0
627,2021-10-05 07:05:39,20400.0,500.0,2439500.0
628,2021-10-05 07:05:39,20400.0,600.0,2439000.0
629,2021-10-05 07:05:39,20400.0,100.0,2438400.0
630,2021-10-05 07:05:39,20400.0,200.0,2438300.0
631,2021-10-05 07:05:39,20450.0,1000.0,2438100.0
632,2021-10-05 07:05:33,20400.0,600.0,2437100.0
633,2021-10-05 07:05:33,20400.0,200.0,2436500.0
634,2021-10-05 07:05:33,20400.0,1000.0,2436300.0
635,2021-10-05 07:05:33,20400.0,500.0,2435300.0
636,2021-10-05 07:05:33,20400.0,1000.0,2434800.0
637,2021-10-05 07:05:33,20400.0,100.0,2433800.0
638,2021-10-05 07:05:33,20400.0,100.0,2433700.0
639,2021-10-05 07:05:33,20400.0,200.0,2433600.0
640,2021-10-05 07:05:33,20400.0,100.0,2433400.0
641,2021-10-05 07:05:33,20400.0,200.0,2433300.0
642,2021-10-05 07:05:30,20450.0,100.0,2433100.0
643,2021-10-05 07:05:20,20400.0,800.0,2433000.0
644,2021-10-05 07:05:20,20400.0,1000.0,2432200.0
645,2021-10-05 07:05:20,20400.0,700.0,2431200.0
646,2021-10-05 07:05:20,20400.0,1000.0,2430500.0
647,2021-10-05 07:05:16,20400.0,1000.0,2429500.0
648,2021-10-05 07:05:16,20400.0,300.0,2428500.0
649,2021-10-05 07:05:16,20400.0,100.0,2428200.0
650,2021-10-05 07:05:16,20400.0,300.0,2428100.0
651,2021-10-05 07:05:16,20400.0,200.0,2427800.0
652,2021-10-05 07:05:16,20400.0,100.0,2427600.0
653,2021-10-05 07:05:16,20400.0,200.0,2427500.0
654,2021-10-05 07:05:16,20400.0,800.0,2427300.0
655,2021-10-05 07:05:08,20400.0,4200.0,2426500.0
656,2021-10-05 07:05:08,20400.0,200.0,2422300.0
657,2021-10-05 07:05:08,20400.0,500.0,2422100.0
658,2021-10-05 07:05:08,20400.0,100.0,2421600.0
659,2021-10-05 07:05:07,20400.0,600.0,2421500.0
660,2021-10-05 07:04:52,20400.0,400.0,2420900.0
661,2021-10-05 07:04:52,20400.0,500.0,2420500.0
662,2021-10-05 07:04:52,20400.0,100.0,2420000.0
663,2021-10-05 07:04:50,20400.0,2000.0,2419900.0
664,2021-10-05 07:04:50,20400.0,100.0,2417900.0
665,2021-10-05 07:04:50,20400.0,200.0,2417800.0
666,2021-10-05 07:04:50,20400.0,300.0,2417600.0
667,2021-10-05 07:04:50,20400.0,200.0,2417300.0
668,2021-10-05 07:04:24,20400.0,800.0,2417100.0
669,2021-10-05 07:04:24,20400.0,200.0,2416300.0
670,2021-10-05 07:04:23,20400.0,2000.0,2416100.0
671,2021-10-05 07:04:23,20400.0,100.0,2414100.0
672,2021-10-05 07:04:23,20400.0,5000.0,2414000.0
673,2021-10-05 07:04:23,20400.0,300.0,2409000.0
674,2021-10-05 07:04:23,20400.0,2600.0,2408700.0
675,2021-10-05 07:03:59,20400.0,400.0,2406100.0
676,2021-10-05 07:03:59,20400.0,500.0,2405700.0
677,2021-10-05 07:03:59,20400.0,100.0,2405200.0
678,2021-10-05 07:03:59,20400.0,2000.0,2405100.0
679,2021-10-05 07:03:59,20400.0,300.0,2403100.0
680,2021-10-05 07:03:59,20400.0,1000.0,2402800.0
681,2021-10-05 07:03:59,20400.0,1000.0,2401800.0
682,2021-10-05 07:03:59,20400.0,1000.0,2400800.0
683,2021-10-05 07:03:59,20400.0,1000.0,2399800.0
684,2021-10-05 07:03:59,20400.0,200.0,2398800.0
685,2021-10-05 07:03:59,20400.0,7500.0,2398600.0
686,2021-10-05 07:03:56,20400.0,1800.0,2391100.0
687,2021-10-05 07:03:53,20400.0,3000.0,2389300.0
688,2021-10-05 07:03:52,20400.0,3500.0,2386300.0
689,2021-10-05 07:03:49,20400.0,400.0,2382800.0
690,2021-10-05 07:03:41,20400.0,3500.0,2382400.0
691,2021-10-05 07:03:31,20400.0,100.0,2378900.0
692,2021-10-05 07:03:22,20400.0,100.0,2378800.0
693,2021-10-05 07:03:14,20400.0,1100.0,2378700.0
694,2021-10-05 07:02:34,20400.0,600.0,2377600.0
695,2021-10-05 07:01:53,20400.0,200.0,2377000.0
696,2021-10-05 07:01:53,20400.0,2500.0,2376800.0
697,2021-10-05 07:01:40,20400.0,700.0,2374300.0
698,2021-10-05 07:01:40,20400.0,1000.0,2373600.0
699,2021-10-05 07:01:40,20400.0,500.0,2372600.0
700,2021-10-05 07:01:40,20400.0,1900.0,2372100.0
701,2021-10-05 07:01:40,20400.0,8100.0,2370200.0
702,2021-10-05 07:01:40,20400.0,200.0,2362100.0
703,2021-10-05 07:01:38,20400.0,1700.0,2361900.0
704,2021-10-05 07:01:38,20400.0,100.0,2360200.0
705,2021-10-05 07:01:38,20400.0,100.0,2360100.0
706,2021-10-05 07:01:38,20400.0,100.0,2360000.0
707,2021-10-05 07:01:31,20400.0,200.0,2359900.0
708,2021-10-05 07:01:31,20400.0,100.0,2359700.0
709,2021-10-05 07:01:31,20400.0,700.0,2359600.0
710,2021-10-05 07:01:28,20400.0,300.0,2358900.0
711,2021-10-05 07:01:28,20400.0,100.0,2358600.0
712,2021-10-05 07:01:28,20400.0,100.0,2358500.0
713,2021-10-05 07:01:28,20400.0,1000.0,2358400.0
714,2021-10-05 07:01:27,20400.0,2000.0,2357400.0
715,2021-10-05 07:01:27,20400.0,500.0,2355400.0
716,2021-10-05 07:01:27,20400.0,200.0,2354900.0
717,2021-10-05 07:01:27,20400.0,100.0,2354700.0
718,2021-10-05 07:01:27,20400.0,200.0,2354600.0
719,2021-10-05 07:01:27,20400.0,300.0,2354400.0
720,2021-10-05 07:01:27,20400.0,200.0,2354100.0
721,2021-10-05 07:01:27,20400.0,200.0,2353900.0
722,2021-10-05 07:01:27,20400.0,200.0,2353700.0
723,2021-10-05 07:01:27,20400.0,100.0,2353500.0
724,2021-10-05 07:01:27,20400.0,200.0,2353400.0
725,2021-10-05 07:01:27,20400.0,500.0,2353200.0
726,2021-10-05 07:01:27,20400.0,100.0,2352700.0
727,2021-10-05 07:01:27,20400.0,500.0,2352600.0
728,2021-10-05 07:01:27,20400.0,200.0,2352100.0
729,2021-10-05 07:01:27,20400.0,500.0,2351900.0
730,2021-10-05 07:01:27,20400.0,3000.0,2351400.0
731,2021-10-05 07:01:27,20400.0,300.0,2348400.0
732,2021-10-05 07:01:27,20400.0,100.0,2348100.0
733,2021-10-05 07:01:27,20400.0,900.0,2348000.0
734,2021-10-05 07:01:20,20400.0,100.0,2347100.0
735,2021-10-05 07:01:20,20400.0,3400.0,2347000.0
736,2021-10-05 07:01:16,20400.0,2000.0,2343600.0
737,2021-10-05 07:01:10,20400.0,300.0,2341600.0
738,2021-10-05 07:01:00,20400.0,500.0,2341300.0
739,2021-10-05 07:00:56,20400.0,1800.0,2340800.0
740,2021-10-05 07:00:56,20400.0,100.0,2339000.0
741,2021-10-05 07:00:56,20400.0,100.0,2338900.0
742,2021-10-05 07:00:52,20450.0,400.0,2338800.0
743,2021-10-05 07:00:46,20450.0,100.0,2338400.0
744,2021-10-05 07:00:32,20450.0,800.0,2338300.0
745,2021-10-05 07:00:32,20450.0,4200.0,2337500.0
746,2021-10-05 07:00:16,20450.0,200.0,2333300.0
747,2021-10-05 07:00:13,20400.0,100.0,2333100.0
748,2021-10-05 07:00:13,20400.0,1900.0,2333000.0
749,2021-10-05 07:00:08,20450.0,1000.0,2331100.0
750,2021-10-05 07:00:08,20450.0,600.0,2330100.0
751,2021-10-05 07:00:08,20450.0,900.0,2329500.0
752,2021-10-05 07:00:03,20450.0,3000.0,2328600.0
753,2021-10-05 06:59:53,20400.0,100.0,2325600.0
754,2021-10-05 06:59:53,20400.0,500.0,2325500.0
755,2021-10-05 06:59:53,20400.0,200.0,2325000.0
756,2021-10-05 06:59:53,20400.0,3000.0,2324800.0
757,2021-10-05 06:59:53,20400.0,500.0,2321800.0
758,2021-10-05 06:59:53,20400.0,500.0,2321300.0
759,2021-10-05 06:59:53,20400.0,500.0,2320800.0
760,2021-10-05 06:59:53,20400.0,1500.0,2320300.0
761,2021-10-05 06:59:53,20400.0,700.0,2318800.0
762,2021-10-05 06:59:52,20450.0,700.0,2318100.0
763,2021-10-05 06:59:52,20450.0,19300.0,2317400.0
764,2021-10-05 06:59:52,20400.0,600.0,2298100.0
765,2021-10-05 06:59:38,20450.0,500.0,2297500.0
766,2021-10-05 06:59:38,20450.0,500.0,2297000.0
767,2021-10-05 06:59:38,20450.0,100.0,2296500.0
768,2021-10-05 06:59:38,20450.0,500.0,2296400.0
769,2021-10-05 06:59:38,20450.0,200.0,2295900.0
770,2021-10-05 06:59:38,20450.0,100.0,2295700.0
771,2021-10-05 06:59:38,20450.0,1000.0,2295600.0
772,2021-10-05 06:59:38,20450.0,300.0,2294600.0
773,2021-10-05 06:59:38,20450.0,100.0,2294300.0
774,2021-10-05 06:59:38,20450.0,1000.0,2294200.0
775,2021-10-05 06:59:38,20450.0,200.0,2293200.0
776,2021-10-05 06:59:38,20450.0,100.0,2293000.0
777,2021-10-05 06:59:38,20450.0,1100.0,2292900.0
778,2021-10-05 06:59:35,20450.0,1000.0,2291800.0
779,2021-10-05 06:59:33,20450.0,5000.0,2290800.0
780,2021-10-05 06:59:32,20450.0,100.0,2285800.0
781,2021-10-05 06:59:29,20500.0,100.0,2285700.0
782,2021-10-05 06:59:28,20450.0,2000.0,2285600.0
783,2021-10-05 06:59:26,20450.0,800.0,2283600.0
784,2021-10-05 06:59:26,20450.0,100.0,2282800.0
785,2021-10-05 06:59:26,20450.0,500.0,2282700.0
786,2021-10-05 06:59:26,20450.0,1500.0,2282200.0
787,2021-10-05 06:59:26,20450.0,900.0,2280700.0
788,2021-10-05 06:59:26,20450.0,100.0,2279800.0
789,2021-10-05 06:59:26,20450.0,2100.0,2279700.0
790,2021-10-05 06:59:23,20450.0,2900.0,2277600.0
791,2021-10-05 06:59:23,20450.0,500.0,2274700.0
792,2021-10-05 06:59:23,20450.0,5000.0,2274200.0
793,2021-10-05 06:59:23,20450.0,11600.0,2269200.0
794,2021-10-05 06:59:22,20450.0,2000.0,2257600.0
795,2021-10-05 06:59:21,20450.0,16400.0,2255600.0
796,2021-10-05 06:59:21,20450.0,200.0,2239200.0
797,2021-10-05 06:59:21,20450.0,100.0,2239000.0
798,2021-10-05 06:59:21,20450.0,200.0,2238900.0
799,2021-10-05 06:59:21,20450.0,500.0,2238700.0
800,2021-10-05 06:59:21,20450.0,100.0,2238200.0
801,2021-10-05 06:59:21,20450.0,300.0,2238100.0
802,2021-10-05 06:59:21,20450.0,100.0,2237800.0
803,2021-10-05 06:59:21,20450.0,1000.0,2237700.0
804,2021-10-05 06:59:21,20450.0,100.0,2236700.0
805,2021-10-05 06:59:21,20450.0,500.0,2236600.0
806,2021-10-05 06:59:21,20450.0,100.0,2236100.0
807,2021-10-05 06:59:21,20450.0,100.0,2236000.0
808,2021-10-05 06:59:21,20450.0,2000.0,2235900.0
809,2021-10-05 06:59:21,20450.0,15200.0,2233900.0
810,2021-10-05 06:59:19,20500.0,500.0,2218700.0
811,2021-10-05 06:59:18,20450.0,4000.0,2218200.0
812,2021-10-05 06:59:15,20450.0,800.0,2214200.0
813,2021-10-05 06:59:15,20450.0,500.0,2213400.0
814,2021-10-05 06:59:15,20450.0,1000.0,2212900.0
815,2021-10-05 06:59:15,20450.0,6600.0,2211900.0
816,2021-10-05 06:59:11,20500.0,200.0,2205300.0
817,2021-10-05 06:59:00,20450.0,4000.0,2205100.0
818,2021-10-05 06:58:59,20450.0,100.0,2201100.0
819,2021-10-05 06:58:52,20500.0,500.0,2201000.0
820,2021-10-05 06:58:41,20450.0,3000.0,2200500.0
821,2021-10-05 06:58:35,20500.0,100.0,2197500.0
822,2021-10-05 06:58:32,20450.0,7500.0,2197400.0
823,2021-10-05 06:58:06,20500.0,200.0,2189900.0
824,2021-10-05 06:58:06,20500.0,400.0,2189700.0
825,2021-10-05 06:58:02,20450.0,1700.0,2189300.0
826,2021-10-05 06:57:48,20450.0,500.0,2187600.0
827,2021-10-05 06:57:39,20450.0,300.0,2187100.0
828,2021-10-05 06:57:36,20450.0,1200.0,2186800.0
829,2021-10-05 06:56:41,20450.0,100.0,2185600.0
830,2021-10-05 06:56:41,20450.0,500.0,2185500.0
831,2021-10-05 06:56:19,20450.0,2200.0,2185000.0
832,2021-10-05 06:56:09,20500.0,100.0,2182800.0
833,2021-10-05 06:55:53,20500.0,400.0,2182700.0
834,2021-10-05 06:55:04,20500.0,100.0,2182300.0
835,2021-10-05 06:55:02,20450.0,300.0,2182200.0
836,2021-10-05 06:55:02,20450.0,700.0,2181900.0
837,2021-10-05 06:54:37,20500.0,100.0,2181200.0
838,2021-10-05 06:54:26,20450.0,24300.0,2181100.0
839,2021-10-05 06:54:26,20450.0,100.0,2156800.0
840,2021-10-05 06:54:26,20450.0,1000.0,2156700.0
841,2021-10-05 06:54:26,20450.0,100.0,2155700.0
842,2021-10-05 06:54:26,20450.0,800.0,2155600.0
843,2021-10-05 06:54:26,20450.0,200.0,2154800.0
844,2021-10-05 06:54:26,20450.0,2000.0,2154600.0
845,2021-10-05 06:54:26,20450.0,1000.0,2152600.0
846,2021-10-05 06:54:26,20450.0,500.0,2151600.0
847,2021-10-05 06:54:12,20450.0,500.0,2151100.0
848,2021-10-05 06:54:12,20450.0,800.0,2150600.0
849,2021-10-05 06:54:08,20450.0,200.0,2149800.0
850,2021-10-05 06:54:08,20450.0,100.0,2149600.0
851,2021-10-05 06:54:08,20450.0,100.0,2149500.0
852,2021-10-05 06:54:08,20450.0,300.0,2149400.0
853,2021-10-05 06:54:06,20450.0,300.0,2149100.0
854,2021-10-05 06:53:10,20450.0,400.0,2148800.0
855,2021-10-05 06:53:10,20450.0,1600.0,2148400.0
856,2021-10-05 06:52:49,20450.0,1400.0,2146800.0
857,2021-10-05 06:52:49,20450.0,100.0,2145400.0
858,2021-10-05 06:52:49,20450.0,100.0,2145300.0
859,2021-10-05 06:52:49,20450.0,100.0,2145200.0
860,2021-10-05 06:52:49,20450.0,3300.0,2145100.0
861,2021-10-05 06:52:23,20450.0,1700.0,2141800.0
862,2021-10-05 06:52:23,20450.0,5000.0,2140100.0
863,2021-10-05 06:52:23,20450.0,100.0,2135100.0
864,2021-10-05 06:52:23,20450.0,100.0,2135000.0
865,2021-10-05 06:52:23,20450.0,200.0,2134900.0
866,2021-10-05 06:52:23,20450.0,100.0,2134700.0
867,2021-10-05 06:52:23,20450.0,100.0,2134600.0
868,2021-10-05 06:52:23,20500.0,300.0,2134500.0
869,2021-10-05 06:52:23,20500.0,100.0,2134200.0
870,2021-10-05 06:52:23,20500.0,1100.0,2134100.0
871,2021-10-05 06:52:23,20500.0,5900.0,2133000.0
872,2021-10-05 06:52:23,20500.0,1000.0,2127100.0
873,2021-10-05 06:52:23,20500.0,100.0,2126100.0
874,2021-10-05 06:52:23,20500.0,100.0,2126000.0
875,2021-10-05 06:52:23,20500.0,800.0,2125900.0
876,2021-10-05 06:52:23,20500.0,5000.0,2125100.0
877,2021-10-05 06:52:23,20500.0,2000.0,2120100.0
878,2021-10-05 06:52:23,20500.0,100.0,2118100.0
879,2021-10-05 06:52:23,20500.0,100.0,2118000.0
880,2021-10-05 06:52:23,20500.0,1100.0,2117900.0
881,2021-10-05 06:52:21,20500.0,1000.0,2116800.0
882,2021-10-05 06:52:12,20500.0,1000.0,2115800.0
883,2021-10-05 06:52:05,20500.0,3000.0,2114800.0
884,2021-10-05 06:51:48,20500.0,300.0,2111800.0
885,2021-10-05 06:51:37,20500.0,2000.0,2111500.0
886,2021-10-05 06:51:30,20500.0,1000.0,2109500.0
887,2021-10-05 06:51:28,20500.0,600.0,2108500.0
888,2021-10-05 06:51:28,20500.0,500.0,2107900.0
889,2021-10-05 06:51:28,20500.0,800.0,2107400.0
890,2021-10-05 06:51:25,20500.0,200.0,2106600.0
891,2021-10-05 06:51:25,20500.0,200.0,2106400.0
892,2021-10-05 06:51:25,20500.0,200.0,2106200.0
893,2021-10-05 06:51:22,20550.0,100.0,2106000.0
894,2021-10-05 06:51:06,20500.0,100.0,2105900.0
895,2021-10-05 06:51:06,20500.0,400.0,2105800.0
896,2021-10-05 06:51:06,20500.0,600.0,2105400.0
897,2021-10-05 06:51:06,20500.0,300.0,2104800.0
898,2021-10-05 06:51:06,20500.0,500.0,2104500.0
899,2021-10-05 06:51:06,20500.0,200.0,2104000.0
900,2021-10-05 06:51:06,20500.0,700.0,2103800.0
901,2021-10-05 06:51:06,20500.0,500.0,2103100.0
902,2021-10-05 06:51:06,20500.0,200.0,2102600.0
903,2021-10-05 06:51:06,20500.0,100.0,2102400.0
904,2021-10-05 06:51:06,20500.0,500.0,2102300.0
905,2021-10-05 06:50:23,20500.0,2000.0,2101800.0
906,2021-10-05 06:50:21,20500.0,100.0,2099800.0
907,2021-10-05 06:50:07,20500.0,200.0,2099700.0
908,2021-10-05 06:50:05,20500.0,1000.0,2099500.0
909,2021-10-05 06:50:01,20500.0,1000.0,2098500.0
910,2021-10-05 06:49:34,20500.0,700.0,2097500.0
911,2021-10-05 06:49:34,20500.0,500.0,2096800.0
912,2021-10-05 06:49:34,20500.0,200.0,2096300.0
913,2021-10-05 06:49:34,20500.0,600.0,2096100.0
914,2021-10-05 06:49:28,20550.0,100.0,2095500.0
915,2021-10-05 06:49:11,20550.0,500.0,2095400.0
916,2021-10-05 06:49:05,20550.0,600.0,2094900.0
917,2021-10-05 06:48:37,20550.0,500.0,2094300.0
918,2021-10-05 06:47:42,20500.0,400.0,2093800.0
919,2021-10-05 06:47:13,20500.0,100.0,2093400.0
920,2021-10-05 06:47:13,20500.0,100.0,2093300.0
921,2021-10-05 06:46:46,20500.0,1000.0,2093200.0
922,2021-10-05 06:46:38,20500.0,1000.0,2092200.0
923,2021-10-05 06:46:22,20500.0,200.0,2091200.0
924,2021-10-05 06:45:51,20500.0,300.0,2091000.0
925,2021-10-05 06:45:51,20500.0,300.0,2090700.0
926,2021-10-05 06:45:51,20500.0,400.0,2090400.0
927,2021-10-05 06:45:15,20550.0,100.0,2090000.0
928,2021-10-05 06:45:14,20500.0,600.0,2089900.0
929,2021-10-05 06:45:14,20500.0,500.0,2089300.0
930,2021-10-05 06:45:14,20500.0,100.0,2088800.0
931,2021-10-05 06:45:14,20500.0,400.0,2088700.0
932,2021-10-05 06:44:58,20500.0,100.0,2088300.0
933,2021-10-05 06:44:58,20500.0,100.0,2088200.0
934,2021-10-05 06:44:58,20500.0,100.0,2088100.0
935,2021-10-05 06:44:58,20500.0,200.0,2088000.0
936,2021-10-05 06:44:58,20500.0,100.0,2087800.0
937,2021-10-05 06:44:58,20500.0,100.0,2087700.0
938,2021-10-05 06:44:58,20500.0,300.0,2087600.0
939,2021-10-05 06:44:24,20500.0,200.0,2087300.0
940,2021-10-05 06:44:24,20500.0,3000.0,2087100.0
941,2021-10-05 06:44:24,20500.0,200.0,2084100.0
942,2021-10-05 06:44:24,20500.0,300.0,2083900.0
943,2021-10-05 06:44:24,20500.0,300.0,2083600.0
944,2021-10-05 06:44:21,20500.0,100.0,2083300.0
945,2021-10-05 06:44:21,20500.0,100.0,2083200.0
946,2021-10-05 06:44:21,20500.0,4800.0,2083100.0
947,2021-10-05 06:43:37,20500.0,7600.0,2078300.0
948,2021-10-05 06:43:37,20500.0,100.0,2070700.0
949,2021-10-05 06:43:37,20500.0,1800.0,2070600.0
950,2021-10-05 06:43:27,20500.0,200.0,2068800.0
951,2021-10-05 06:43:15,20550.0,200.0,2068600.0
952,2021-10-05 06:43:12,20500.0,700.0,2068400.0
953,2021-10-05 06:43:03,20550.0,200.0,2067700.0
954,2021-10-05 06:42:43,20550.0,200.0,2067500.0
955,2021-10-05 06:42:43,20550.0,300.0,2067300.0
956,2021-10-05 06:42:43,20550.0,300.0,2067000.0
957,2021-10-05 06:42:43,20550.0,900.0,2066700.0
958,2021-10-05 06:42:38,20550.0,100.0,2065800.0
959,2021-10-05 06:42:35,20550.0,100.0,2065700.0
960,2021-10-05 06:42:35,20550.0,500.0,2065600.0
961,2021-10-05 06:42:35,20550.0,100.0,2065100.0
962,2021-10-05 06:42:35,20550.0,1000.0,2065000.0
963,2021-10-05 06:42:35,20550.0,500.0,2064000.0
964,2021-10-05 06:42:35,20550.0,500.0,2063500.0
965,2021-10-05 06:42:35,20550.0,500.0,2063000.0
966,2021-10-05 06:42:35,20550.0,1500.0,2062500.0
967,2021-10-05 06:42:35,20550.0,1000.0,2061000.0
968,2021-10-05 06:42:35,20550.0,200.0,2060000.0
969,2021-10-05 06:42:35,20550.0,100.0,2059800.0
970,2021-10-05 06:42:35,20550.0,500.0,2059700.0
971,2021-10-05 06:42:35,20550.0,1000.0,2059200.0
972,2021-10-05 06:42:35,20550.0,200.0,2058200.0
973,2021-10-05 06:42:35,20550.0,100.0,2058000.0
974,2021-10-05 06:42:35,20550.0,200.0,2057900.0
975,2021-10-05 06:42:35,20550.0,1000.0,2057700.0
976,2021-10-05 06:42:35,20550.0,1000.0,2056700.0
977,2021-10-05 06:42:31,20600.0,100.0,2055700.0
978,2021-10-05 06:42:24,20550.0,400.0,2055600.0
979,2021-10-05 06:42:07,20600.0,200.0,2055200.0
980,2021-10-05 06:42:05,20550.0,1000.0,2055000.0
981,2021-10-05 06:41:34,20600.0,100.0,2054000.0
982,2021-10-05 06:40:46,20600.0,200.0,2053900.0
983,2021-10-05 06:40:40,20550.0,200.0,2053700.0
984,2021-10-05 06:40:36,20550.0,1000.0,2053500.0
985,2021-10-05 06:40:05,20550.0,19000.0,2052500.0
986,2021-10-05 06:40:04,20600.0,300.0,2033500.0
987,2021-10-05 06:39:59,20550.0,100.0,2033200.0
988,2021-10-05 06:39:26,20550.0,1000.0,2033100.0
989,2021-10-05 06:39:23,20600.0,200.0,2032100.0
990,2021-10-05 06:39:06,20600.0,100.0,2031900.0
991,2021-10-05 06:38:23,20550.0,100.0,2031800.0
992,2021-10-05 06:38:03,20600.0,100.0,2031700.0
993,2021-10-05 06:38:01,20600.0,100.0,2031600.0
994,2021-10-05 06:37:44,20600.0,100.0,2031500.0
995,2021-10-05 06:37:32,20600.0,500.0,2031400.0
996,2021-10-05 06:37:31,20550.0,500.0,2030900.0
997,2021-10-05 06:37:09,20600.0,800.0,2030400.0
998,2021-10-05 06:37:09,20600.0,100.0,2029600.0
999,2021-10-05 06:37:09,20600.0,100.0,2029500.0
1000,2021-10-05 06:37:09,20600.0,700.0,2029400.0
1001,2021-10-05 06:37:09,20600.0,500.0,2028700.0
1002,2021-10-05 06:37:09,20600.0,2800.0,2028200.0
1003,2021-10-05 06:36:36,20600.0,300.0,2025400.0
1004,2021-10-05 06:36:10,20550.0,100.0,2025100.0
1005,2021-10-05 06:36:05,20600.0,400.0,2025000.0
1006,2021-10-05 06:36:05,20600.0,500.0,2024600.0
1007,2021-10-05 06:36:05,20600.0,2000.0,2024100.0
1008,2021-10-05 06:36:05,20600.0,400.0,2022100.0
1009,2021-10-05 06:36:05,20600.0,100.0,2021700.0
1010,2021-10-05 06:36:05,20600.0,100.0,2021600.0
1011,2021-10-05 06:36:05,20600.0,1100.0,2021500.0
1012,2021-10-05 06:36:02,20600.0,400.0,2020400.0
1013,2021-10-05 06:35:41,20600.0,1400.0,2020000.0
1014,2021-10-05 06:35:41,20600.0,1300.0,2018600.0
1015,2021-10-05 06:34:56,20600.0,200.0,2017300.0
1016,2021-10-05 06:34:54,20550.0,200.0,2017100.0
1017,2021-10-05 06:34:44,20600.0,500.0,2016900.0
1018,2021-10-05 06:34:36,20600.0,500.0,2016400.0
1019,2021-10-05 06:34:36,20600.0,1100.0,2015900.0
1020,2021-10-05 06:34:29,20600.0,500.0,2014800.0
1021,2021-10-05 06:34:28,20600.0,200.0,2014300.0
1022,2021-10-05 06:34:11,20600.0,200.0,2014100.0
1023,2021-10-05 06:33:56,20600.0,4000.0,2013900.0
1024,2021-10-05 06:33:56,20600.0,100.0,2009900.0
1025,2021-10-05 06:33:56,20600.0,100.0,2009800.0
1026,2021-10-05 06:33:56,20600.0,800.0,2009700.0
1027,2021-10-05 06:33:49,20600.0,600.0,2008900.0
1028,2021-10-05 06:33:47,20550.0,1000.0,2008300.0
1029,2021-10-05 06:33:47,20550.0,100.0,2007300.0
1030,2021-10-05 06:33:37,20550.0,200.0,2007200.0
1031,2021-10-05 06:33:34,20550.0,1000.0,2007000.0
1032,2021-10-05 06:33:27,20550.0,1000.0,2006000.0
1033,2021-10-05 06:33:11,20550.0,1000.0,2005000.0
1034,2021-10-05 06:32:33,20600.0,400.0,2004000.0
1035,2021-10-05 06:31:53,20550.0,1000.0,2003600.0
1036,2021-10-05 06:31:14,20550.0,2000.0,2002600.0
1037,2021-10-05 06:30:53,20550.0,500.0,2000600.0
1038,2021-10-05 06:30:44,20550.0,6000.0,2000100.0
1039,2021-10-05 06:30:09,20550.0,1000.0,1994100.0
1040,2021-10-05 06:30:06,20550.0,1600.0,1993100.0
1041,2021-10-05 06:30:06,20550.0,400.0,1991500.0
1042,2021-10-05 06:29:53,20550.0,600.0,1991100.0
1043,2021-10-05 06:29:53,20550.0,4400.0,1990500.0
1044,2021-10-05 06:29:05,20550.0,500.0,1986100.0
1045,2021-10-05 06:29:04,20550.0,100.0,1985600.0
1046,2021-10-05 06:29:04,20550.0,100.0,1985500.0
1047,2021-10-05 06:29:04,20550.0,1900.0,1985400.0
1048,2021-10-05 06:28:58,20550.0,100.0,1983500.0
1049,2021-10-05 06:28:58,20550.0,700.0,1983400.0
1050,2021-10-05 06:28:20,20550.0,100.0,1982700.0
1051,2021-10-05 06:28:15,20550.0,100.0,1982600.0
1052,2021-10-05 06:28:15,20550.0,10000.0,1982500.0
1053,2021-10-05 06:28:15,20550.0,100.0,1972500.0
1054,2021-10-05 06:28:15,20550.0,2000.0,1972400.0
1055,2021-10-05 06:28:15,20550.0,5000.0,1970400.0
1056,2021-10-05 06:28:15,20550.0,300.0,1965400.0
1057,2021-10-05 06:28:15,20550.0,1100.0,1965100.0
1058,2021-10-05 06:28:15,20550.0,1400.0,1964000.0
1059,2021-10-05 06:28:03,20550.0,100.0,1962600.0
1060,2021-10-05 06:26:52,20500.0,100.0,1962500.0
1061,2021-10-05 06:26:23,20500.0,200.0,1962400.0
1062,2021-10-05 06:26:23,20500.0,200.0,1962200.0
1063,2021-10-05 06:26:23,20500.0,4600.0,1962000.0
1064,2021-10-05 06:26:06,20500.0,5400.0,1957400.0
1065,2021-10-05 06:26:06,20500.0,200.0,1952000.0
1066,2021-10-05 06:26:06,20500.0,100.0,1951800.0
1067,2021-10-05 06:26:06,20500.0,1000.0,1951700.0
1068,2021-10-05 06:26:06,20500.0,200.0,1950700.0
1069,2021-10-05 06:26:06,20500.0,400.0,1950500.0
1070,2021-10-05 06:26:06,20500.0,400.0,1950100.0
1071,2021-10-05 06:26:06,20500.0,1100.0,1949700.0
1072,2021-10-05 06:26:06,20500.0,700.0,1948600.0
1073,2021-10-05 06:26:06,20500.0,100.0,1947900.0
1074,2021-10-05 06:26:06,20500.0,400.0,1947800.0
1075,2021-10-05 06:25:45,20550.0,200.0,1947400.0
1076,2021-10-05 06:25:45,20550.0,300.0,1947200.0
1077,2021-10-05 06:25:42,20550.0,2200.0,1946900.0
1078,2021-10-05 06:25:42,20550.0,500.0,1944700.0
1079,2021-10-05 06:25:42,20550.0,500.0,1944200.0
1080,2021-10-05 06:25:40,20500.0,200.0,1943700.0
1081,2021-10-05 06:25:40,20550.0,100.0,1943500.0
1082,2021-10-05 06:25:35,20550.0,500.0,1943400.0
1083,2021-10-05 06:25:35,20550.0,1000.0,1942900.0
1084,2021-10-05 06:25:35,20550.0,500.0,1941900.0
1085,2021-10-05 06:25:22,20550.0,100.0,1941400.0
1086,2021-10-05 06:25:06,20550.0,800.0,1941300.0
1087,2021-10-05 06:25:04,20550.0,400.0,1940500.0
1088,2021-10-05 06:24:55,20550.0,400.0,1940100.0
1089,2021-10-05 06:24:13,20550.0,900.0,1939700.0
1090,2021-10-05 06:24:13,20550.0,100.0,1938800.0
1091,2021-10-05 06:23:49,20550.0,2000.0,1938700.0
1092,2021-10-05 06:23:45,20550.0,1000.0,1936700.0
1093,2021-10-05 06:23:35,20550.0,300.0,1935700.0
1094,2021-10-05 06:23:05,20550.0,100.0,1935400.0
1095,2021-10-05 06:22:16,20550.0,500.0,1935300.0
1096,2021-10-05 06:22:03,20550.0,100.0,1934800.0
1097,2021-10-05 06:21:56,20550.0,100.0,1934700.0
1098,2021-10-05 06:21:47,20550.0,1000.0,1934600.0
1099,2021-10-05 06:21:04,20550.0,100.0,1933600.0
1100,2021-10-05 06:21:01,20500.0,400.0,1933500.0
1101,2021-10-05 06:21:01,20500.0,200.0,1933100.0
1102,2021-10-05 06:21:01,20500.0,2000.0,1932900.0
1103,2021-10-05 06:21:01,20500.0,2500.0,1930900.0
1104,2021-10-05 06:21:01,20500.0,100.0,1928400.0
1105,2021-10-05 06:21:01,20500.0,100.0,1928300.0
1106,2021-10-05 06:21:01,20500.0,100.0,1928200.0
1107,2021-10-05 06:21:01,20500.0,500.0,1928100.0
1108,2021-10-05 06:21:01,20500.0,1000.0,1927600.0
1109,2021-10-05 06:21:01,20500.0,800.0,1926600.0
1110,2021-10-05 06:21:01,20500.0,100.0,1925800.0
1111,2021-10-05 06:21:01,20500.0,500.0,1925700.0
1112,2021-10-05 06:21:01,20500.0,1500.0,1925200.0
1113,2021-10-05 06:21:01,20500.0,1000.0,1923700.0
1114,2021-10-05 06:21:01,20500.0,500.0,1922700.0
1115,2021-10-05 06:21:01,20500.0,200.0,1922200.0
1116,2021-10-05 06:21:01,20500.0,100.0,1922000.0
1117,2021-10-05 06:21:01,20500.0,100.0,1921900.0
1118,2021-10-05 06:21:01,20500.0,600.0,1921800.0
1119,2021-10-05 06:21:01,20500.0,500.0,1921200.0
1120,2021-10-05 06:21:01,20500.0,500.0,1920700.0
1121,2021-10-05 06:21:01,20500.0,200.0,1920200.0
1122,2021-10-05 06:21:01,20500.0,500.0,1920000.0
1123,2021-10-05 06:21:01,20500.0,100.0,1919500.0
1124,2021-10-05 06:21:01,20500.0,300.0,1919400.0
1125,2021-10-05 06:21:01,20500.0,300.0,1919100.0
1126,2021-10-05 06:21:01,20500.0,100.0,1918800.0
1127,2021-10-05 06:21:01,20500.0,200.0,1918700.0
1128,2021-10-05 06:20:48,20550.0,500.0,1918500.0
1129,2021-10-05 06:20:36,20600.0,200.0,1918000.0
1130,2021-10-05 06:20:36,20600.0,1000.0,1917800.0
1131,2021-10-05 06:20:36,20600.0,800.0,1916800.0
1132,2021-10-05 06:20:30,20500.0,100.0,1916000.0
1133,2021-10-05 06:20:30,20500.0,1200.0,1915900.0
1134,2021-10-05 06:20:30,20500.0,1000.0,1914700.0
1135,2021-10-05 06:20:30,20500.0,100.0,1913700.0
1136,2021-10-05 06:20:30,20500.0,100.0,1913600.0
1137,2021-10-05 06:20:30,20500.0,300.0,1913500.0
1138,2021-10-05 06:20:30,20500.0,1000.0,1913200.0
1139,2021-10-05 06:20:30,20500.0,200.0,1912200.0
1140,2021-10-05 06:20:30,20500.0,100.0,1912000.0
1141,2021-10-05 06:20:30,20500.0,3000.0,1911900.0
1142,2021-10-05 06:20:30,20500.0,1000.0,1908900.0
1143,2021-10-05 06:20:30,20500.0,1000.0,1907900.0
1144,2021-10-05 06:20:30,20500.0,200.0,1906900.0
1145,2021-10-05 06:20:30,20500.0,500.0,1906700.0
1146,2021-10-05 06:20:30,20500.0,100.0,1906200.0
1147,2021-10-05 06:20:30,20500.0,200.0,1906100.0
1148,2021-10-05 06:20:30,20500.0,100.0,1905900.0
1149,2021-10-05 06:20:30,20500.0,200.0,1905800.0
1150,2021-10-05 06:20:30,20500.0,100.0,1905600.0
1151,2021-10-05 06:20:30,20500.0,1500.0,1905500.0
1152,2021-10-05 06:20:30,20500.0,200.0,1904000.0
1153,2021-10-05 06:20:30,20500.0,200.0,1903800.0
1154,2021-10-05 06:20:30,20500.0,100.0,1903600.0
1155,2021-10-05 06:20:30,20500.0,5000.0,1903500.0
1156,2021-10-05 06:20:30,20500.0,500.0,1898500.0
1157,2021-10-05 06:20:30,20500.0,900.0,1898000.0
1158,2021-10-05 06:20:30,20500.0,500.0,1897100.0
1159,2021-10-05 06:20:30,20500.0,100.0,1896600.0
1160,2021-10-05 06:20:30,20500.0,200.0,1896500.0
1161,2021-10-05 06:20:30,20500.0,300.0,1896300.0
1162,2021-10-05 06:20:30,20500.0,1000.0,1896000.0
1163,2021-10-05 06:20:30,20500.0,400.0,1895000.0
1164,2021-10-05 06:20:30,20500.0,500.0,1894600.0
1165,2021-10-05 06:20:30,20500.0,300.0,1894100.0
1166,2021-10-05 06:20:30,20500.0,7300.0,1893800.0
1167,2021-10-05 06:20:30,20500.0,100.0,1886500.0
1168,2021-10-05 06:20:30,20500.0,1000.0,1886400.0
1169,2021-10-05 06:20:30,20500.0,200.0,1885400.0
1170,2021-10-05 06:20:30,20500.0,500.0,1885200.0
1171,2021-10-05 06:20:30,20500.0,200.0,1884700.0
1172,2021-10-05 06:20:30,20500.0,200.0,1884500.0
1173,2021-10-05 06:20:30,20500.0,100.0,1884300.0
1174,2021-10-05 06:20:30,20500.0,100.0,1884200.0
1175,2021-10-05 06:20:30,20500.0,200.0,1884100.0
1176,2021-10-05 06:20:30,20500.0,2000.0,1883900.0
1177,2021-10-05 06:20:30,20500.0,200.0,1881900.0
1178,2021-10-05 06:20:30,20500.0,100.0,1881700.0
1179,2021-10-05 06:20:30,20500.0,500.0,1881600.0
1180,2021-10-05 06:20:30,20500.0,1000.0,1881100.0
1181,2021-10-05 06:20:30,20500.0,300.0,1880100.0
1182,2021-10-05 06:20:30,20500.0,200.0,1879800.0
1183,2021-10-05 06:20:30,20500.0,300.0,1879600.0
1184,2021-10-05 06:20:30,20500.0,1000.0,1879300.0
1185,2021-10-05 06:20:30,20500.0,1000.0,1878300.0
1186,2021-10-05 06:20:30,20500.0,200.0,1877300.0
1187,2021-10-05 06:20:30,20500.0,1000.0,1877100.0
1188,2021-10-05 06:20:30,20500.0,7000.0,1876100.0
1189,2021-10-05 06:20:30,20550.0,500.0,1869100.0
1190,2021-10-05 06:20:30,20550.0,1000.0,1868600.0
1191,2021-10-05 06:20:30,20550.0,1000.0,1867600.0
1192,2021-10-05 06:20:30,20550.0,400.0,1866600.0
1193,2021-10-05 06:20:30,20550.0,200.0,1866200.0
1194,2021-10-05 06:19:40,20550.0,1000.0,1866000.0
1195,2021-10-05 06:19:32,20550.0,100.0,1865000.0
1196,2021-10-05 06:19:27,20550.0,100.0,1864900.0
1197,2021-10-05 06:19:24,20550.0,1800.0,1864800.0
1198,2021-10-05 06:19:24,20550.0,200.0,1863000.0
1199,2021-10-05 06:19:16,20550.0,400.0,1862800.0
1200,2021-10-05 06:19:10,20550.0,100.0,1862400.0
1201,2021-10-05 06:19:07,20550.0,500.0,1862300.0
1202,2021-10-05 06:19:01,20550.0,300.0,1861800.0
1203,2021-10-05 06:18:52,20550.0,100.0,1861500.0
1204,2021-10-05 06:18:28,20550.0,500.0,1861400.0
1205,2021-10-05 06:18:28,20550.0,300.0,1860900.0
1206,2021-10-05 06:18:28,20550.0,1000.0,1860600.0
1207,2021-10-05 06:18:28,20550.0,100.0,1859600.0
1208,2021-10-05 06:18:28,20550.0,500.0,1859500.0
1209,2021-10-05 06:18:28,20550.0,2000.0,1859000.0
1210,2021-10-05 06:18:18,20550.0,1000.0,1857000.0
1211,2021-10-05 06:18:18,20550.0,1000.0,1856000.0
1212,2021-10-05 06:18:18,20550.0,100.0,1855000.0
1213,2021-10-05 06:18:18,20550.0,1000.0,1854900.0
1214,2021-10-05 06:18:18,20550.0,100.0,1853900.0
1215,2021-10-05 06:18:18,20550.0,300.0,1853800.0
1216,2021-10-05 06:18:18,20550.0,100.0,1853500.0
1217,2021-10-05 06:18:18,20550.0,400.0,1853400.0
1218,2021-10-05 06:18:04,20550.0,4600.0,1853000.0
1219,2021-10-05 06:18:04,20550.0,200.0,1848400.0
1220,2021-10-05 06:18:04,20550.0,800.0,1848200.0
1221,2021-10-05 06:18:04,20550.0,500.0,1847400.0
1222,2021-10-05 06:18:04,20550.0,100.0,1846900.0
1223,2021-10-05 06:18:04,20550.0,100.0,1846800.0
1224,2021-10-05 06:18:04,20550.0,100.0,1846700.0
1225,2021-10-05 06:18:04,20550.0,600.0,1846600.0
1226,2021-10-05 06:17:47,20550.0,2400.0,1846000.0
1227,2021-10-05 06:17:47,20550.0,100.0,1843600.0
1228,2021-10-05 06:17:29,20550.0,100.0,1843500.0
1229,2021-10-05 06:17:29,20550.0,1400.0,1843400.0
1230,2021-10-05 06:17:28,20550.0,2000.0,1842000.0
1231,2021-10-05 06:16:58,20550.0,200.0,1840000.0
1232,2021-10-05 06:15:51,20550.0,1000.0,1839800.0
1233,2021-10-05 06:15:35,20550.0,500.0,1838800.0
1234,2021-10-05 06:15:30,20550.0,500.0,1838300.0
1235,2021-10-05 06:15:17,20550.0,400.0,1837800.0
1236,2021-10-05 06:15:17,20550.0,100.0,1837400.0
1237,2021-10-05 06:15:17,20550.0,100.0,1837300.0
1238,2021-10-05 06:15:17,20550.0,400.0,1837200.0
1239,2021-10-05 06:15:17,20550.0,7000.0,1836800.0
1240,2021-10-05 06:15:16,20550.0,500.0,1829800.0
1241,2021-10-05 06:14:57,20550.0,500.0,1829300.0
1242,2021-10-05 06:14:16,20600.0,800.0,1828800.0
1243,2021-10-05 06:14:07,20600.0,100.0,1828000.0
1244,2021-10-05 06:13:48,20550.0,100.0,1827900.0
1245,2021-10-05 06:13:43,20600.0,100.0,1827800.0
1246,2021-10-05 06:13:39,20550.0,100.0,1827700.0
1247,2021-10-05 06:13:19,20550.0,1000.0,1827600.0
1248,2021-10-05 06:13:10,20550.0,500.0,1826600.0
1249,2021-10-05 06:13:09,20600.0,1000.0,1826100.0
1250,2021-10-05 06:13:06,20600.0,100.0,1825100.0
1251,2021-10-05 06:13:06,20600.0,1000.0,1825000.0
1252,2021-10-05 06:13:04,20600.0,200.0,1824000.0
1253,2021-10-05 06:12:59,20600.0,1200.0,1823800.0
1254,2021-10-05 06:12:33,20600.0,500.0,1822600.0
1255,2021-10-05 06:12:31,20600.0,100.0,1822100.0
1256,2021-10-05 06:12:27,20600.0,100.0,1822000.0
1257,2021-10-05 06:12:23,20600.0,1000.0,1821900.0
1258,2021-10-05 06:12:15,20650.0,700.0,1820900.0
1259,2021-10-05 06:12:15,20600.0,1000.0,1820200.0
1260,2021-10-05 06:12:15,20600.0,300.0,1819200.0
1261,2021-10-05 06:12:02,20600.0,100.0,1818900.0
1262,2021-10-05 06:12:02,20550.0,8100.0,1818800.0
1263,2021-10-05 06:11:52,20600.0,2500.0,1810700.0
1264,2021-10-05 06:11:52,20600.0,200.0,1808200.0
1265,2021-10-05 06:11:52,20600.0,500.0,1808000.0
1266,2021-10-05 06:11:52,20600.0,100.0,1807500.0
1267,2021-10-05 06:11:52,20600.0,900.0,1807400.0
1268,2021-10-05 06:11:52,20600.0,400.0,1806500.0
1269,2021-10-05 06:11:15,20600.0,600.0,1806100.0
1270,2021-10-05 06:11:14,20600.0,300.0,1805500.0
1271,2021-10-05 06:11:07,20600.0,100.0,1805200.0
1272,2021-10-05 06:11:07,20600.0,500.0,1805100.0
1273,2021-10-05 06:11:07,20600.0,2500.0,1804600.0
1274,2021-10-05 06:11:07,20600.0,100.0,1802100.0
1275,2021-10-05 06:11:07,20600.0,900.0,1802000.0
1276,2021-10-05 06:10:25,20600.0,800.0,1801100.0
1277,2021-10-05 06:10:20,20650.0,500.0,1800300.0
1278,2021-10-05 06:10:20,20650.0,1000.0,1799800.0
1279,2021-10-05 06:10:20,20650.0,500.0,1798800.0
1280,2021-10-05 06:10:18,20600.0,900.0,1798300.0
1281,2021-10-05 06:10:18,20600.0,2500.0,1797400.0
1282,2021-10-05 06:10:18,20600.0,1000.0,1794900.0
1283,2021-10-05 06:10:18,20600.0,200.0,1793900.0
1284,2021-10-05 06:10:14,20600.0,100.0,1793700.0
1285,2021-10-05 06:10:10,20600.0,1000.0,1793600.0
1286,2021-10-05 06:09:35,20600.0,100.0,1792600.0
1287,2021-10-05 06:09:35,20600.0,11800.0,1792500.0
1288,2021-10-05 06:09:35,20600.0,1200.0,1780700.0
1289,2021-10-05 06:09:17,20600.0,300.0,1779500.0
1290,2021-10-05 06:09:12,20600.0,500.0,1779200.0
1291,2021-10-05 06:09:10,20550.0,5800.0,1778700.0
1292,2021-10-05 06:08:52,20550.0,1000.0,1772900.0
1293,2021-10-05 06:08:47,20550.0,6000.0,1771900.0
1294,2021-10-05 06:08:26,20550.0,300.0,1765900.0
1295,2021-10-05 06:07:59,20550.0,2800.0,1765600.0
1296,2021-10-05 06:07:57,20550.0,100.0,1762800.0
1297,2021-10-05 06:07:57,20550.0,16000.0,1762700.0
1298,2021-10-05 06:07:53,20550.0,100.0,1746700.0
1299,2021-10-05 06:07:39,20550.0,1000.0,1746600.0
1300,2021-10-05 06:07:31,20550.0,100.0,1745600.0
1301,2021-10-05 06:07:08,20550.0,400.0,1745500.0
1302,2021-10-05 06:07:01,20550.0,2400.0,1745100.0
1303,2021-10-05 06:06:56,20550.0,1000.0,1742700.0
1304,2021-10-05 06:06:56,20550.0,1000.0,1741700.0
1305,2021-10-05 06:06:56,20550.0,600.0,1740700.0
1306,2021-10-05 06:06:53,20550.0,1500.0,1740100.0
1307,2021-10-05 06:06:52,20550.0,500.0,1738600.0
1308,2021-10-05 06:06:29,20550.0,100.0,1738100.0
1309,2021-10-05 06:05:58,20550.0,100.0,1738000.0
1310,2021-10-05 06:05:58,20550.0,200.0,1737900.0
1311,2021-10-05 06:05:58,20550.0,500.0,1737700.0
1312,2021-10-05 06:05:58,20550.0,1000.0,1737200.0
1313,2021-10-05 06:05:58,20550.0,200.0,1736200.0
1314,2021-10-05 06:05:55,20550.0,800.0,1736000.0
1315,2021-10-05 06:05:55,20550.0,400.0,1735200.0
1316,2021-10-05 06:05:55,20550.0,500.0,1734800.0
1317,2021-10-05 06:05:55,20550.0,200.0,1734300.0
1318,2021-10-05 06:05:55,20550.0,100.0,1734100.0
1319,2021-10-05 06:05:51,20550.0,400.0,1734000.0
1320,2021-10-05 06:05:51,20550.0,1000.0,1733600.0
1321,2021-10-05 06:05:51,20550.0,2500.0,1732600.0
1322,2021-10-05 06:05:51,20550.0,700.0,1730100.0
1323,2021-10-05 06:05:51,20550.0,100.0,1729400.0
1324,2021-10-05 06:05:51,20550.0,200.0,1729300.0
1325,2021-10-05 06:05:51,20550.0,2000.0,1729100.0
1326,2021-10-05 06:05:51,20550.0,500.0,1727100.0
1327,2021-10-05 06:05:51,20550.0,1700.0,1726600.0
1328,2021-10-05 06:05:06,20550.0,1000.0,1724900.0
1329,2021-10-05 06:04:48,20550.0,1700.0,1723900.0
1330,2021-10-05 06:04:22,20550.0,500.0,1722200.0
1331,2021-10-05 06:04:12,20550.0,100.0,1721700.0
1332,2021-10-05 06:03:02,20550.0,1000.0,1721600.0
1333,2021-10-05 06:03:00,20550.0,100.0,1720600.0
1334,2021-10-05 06:02:55,20600.0,2000.0,1720500.0
1335,2021-10-05 06:02:51,20600.0,200.0,1718500.0
1336,2021-10-05 06:02:34,20600.0,800.0,1718300.0
1337,2021-10-05 06:02:34,20600.0,1200.0,1717500.0
1338,2021-10-05 06:02:33,20550.0,900.0,1716300.0
1339,2021-10-05 06:02:33,20550.0,100.0,1715400.0
1340,2021-10-05 06:02:33,20550.0,100.0,1715300.0
1341,2021-10-05 06:02:33,20550.0,200.0,1715200.0
1342,2021-10-05 06:02:33,20550.0,1000.0,1715000.0
1343,2021-10-05 06:02:33,20550.0,200.0,1714000.0
1344,2021-10-05 06:02:33,20550.0,200.0,1713800.0
1345,2021-10-05 06:02:33,20550.0,6300.0,1713600.0
1346,2021-10-05 06:02:24,20600.0,500.0,1707300.0
1347,2021-10-05 06:02:24,20600.0,500.0,1706800.0
1348,2021-10-05 06:02:15,20600.0,100.0,1706300.0
1349,2021-10-05 06:01:23,20550.0,2700.0,1706200.0
1350,2021-10-05 06:01:23,20550.0,100.0,1703500.0
1351,2021-10-05 06:01:23,20550.0,200.0,1703400.0
1352,2021-10-05 06:01:11,20550.0,500.0,1703200.0
1353,2021-10-05 06:00:37,20600.0,2100.0,1702700.0
1354,2021-10-05 06:00:37,20600.0,900.0,1700600.0
1355,2021-10-05 06:00:31,20600.0,400.0,1699700.0
1356,2021-10-05 06:00:26,20600.0,300.0,1699300.0
1357,2021-10-05 06:00:26,20600.0,200.0,1699000.0
1358,2021-10-05 06:00:22,20600.0,600.0,1698800.0
1359,2021-10-05 06:00:21,20550.0,300.0,1698200.0
1360,2021-10-05 06:00:21,20550.0,100.0,1697900.0
1361,2021-10-05 06:00:21,20550.0,100.0,1697800.0
1362,2021-10-05 06:00:21,20600.0,500.0,1697700.0
1363,2021-10-05 06:00:11,20600.0,500.0,1697200.0
1364,2021-10-05 06:00:11,20600.0,200.0,1696700.0
1365,2021-10-05 06:00:09,20600.0,200.0,1696500.0
1366,2021-10-05 06:00:08,20650.0,1100.0,1696300.0
1367,2021-10-05 06:00:08,20600.0,3500.0,1695200.0
1368,2021-10-05 06:00:08,20600.0,400.0,1691700.0
1369,2021-10-05 06:00:08,20600.0,100.0,1691300.0
1370,2021-10-05 06:00:03,20600.0,100.0,1691200.0
1371,2021-10-05 06:00:01,20600.0,100.0,1691100.0
1372,2021-10-05 06:00:01,20600.0,100.0,1691000.0
1373,2021-10-05 06:00:01,20600.0,400.0,1690900.0
1374,2021-10-05 06:00:01,20600.0,1000.0,1690500.0
1375,2021-10-05 06:00:01,20600.0,2000.0,1689500.0
1376,2021-10-05 06:00:01,20600.0,1000.0,1687500.0
1377,2021-10-05 06:00:01,20550.0,1000.0,1686500.0
1378,2021-10-05 06:00:01,20600.0,200.0,1685500.0
1379,2021-10-05 06:00:01,20600.0,300.0,1685300.0
1380,2021-10-05 04:29:33,20600.0,800.0,1685000.0
1381,2021-10-05 04:29:33,20600.0,3900.0,1684200.0
1382,2021-10-05 04:29:30,20600.0,500.0,1680300.0
1383,2021-10-05 04:29:13,20550.0,1000.0,1679800.0
1384,2021-10-05 04:29:13,20550.0,100.0,1678800.0
1385,2021-10-05 04:29:13,20550.0,200.0,1678700.0
1386,2021-10-05 04:29:13,20550.0,2800.0,1678500.0
1387,2021-10-05 04:29:08,20600.0,200.0,1675700.0
1388,2021-10-05 04:28:44,20600.0,500.0,1675500.0
1389,2021-10-05 04:28:17,20600.0,200.0,1675000.0
1390,2021-10-05 04:27:49,20550.0,200.0,1674800.0
1391,2021-10-05 04:27:49,20550.0,100.0,1674600.0
1392,2021-10-05 04:27:49,20550.0,700.0,1674500.0
1393,2021-10-05 04:27:43,20600.0,1500.0,1673800.0
1394,2021-10-05 04:27:27,20550.0,2300.0,1672300.0
1395,2021-10-05 04:27:27,20550.0,100.0,1670000.0
1396,2021-10-05 04:27:27,20550.0,600.0,1669900.0
1397,2021-10-05 04:26:19,20550.0,4400.0,1669300.0
1398,2021-10-05 04:26:19,20550.0,500.0,1664900.0
1399,2021-10-05 04:26:19,20550.0,100.0,1664400.0
1400,2021-10-05 04:26:15,20600.0,1000.0,1664300.0
1401,2021-10-05 04:26:09,20550.0,2000.0,1663300.0
1402,2021-10-05 04:25:08,20550.0,200.0,1661300.0
1403,2021-10-05 04:25:05,20550.0,1300.0,1661100.0
1404,2021-10-05 04:24:48,20550.0,5300.0,1659800.0
1405,2021-10-05 04:24:35,20550.0,500.0,1654500.0
1406,2021-10-05 04:24:11,20550.0,600.0,1654000.0
1407,2021-10-05 04:24:11,20550.0,1400.0,1653400.0
1408,2021-10-05 04:23:41,20550.0,100.0,1652000.0
1409,2021-10-05 04:23:26,20600.0,500.0,1651900.0
1410,2021-10-05 04:23:09,20600.0,300.0,1651400.0
1411,2021-10-05 04:23:01,20600.0,1400.0,1651100.0
1412,2021-10-05 04:23:01,20600.0,1100.0,1649700.0
1413,2021-10-05 04:22:10,20600.0,100.0,1648600.0
1414,2021-10-05 04:22:10,20600.0,200.0,1648500.0
1415,2021-10-05 04:22:10,20600.0,600.0,1648300.0
1416,2021-10-05 04:21:58,20600.0,100.0,1647700.0
1417,2021-10-05 04:21:51,20600.0,2000.0,1647600.0
1418,2021-10-05 04:21:39,20600.0,300.0,1645600.0
1419,2021-10-05 04:21:39,20600.0,100.0,1645300.0
1420,2021-10-05 04:21:39,20600.0,500.0,1645200.0
1421,2021-10-05 04:21:39,20600.0,1000.0,1644700.0
1422,2021-10-05 04:21:39,20600.0,500.0,1643700.0
1423,2021-10-05 04:21:39,20600.0,100.0,1643200.0
1424,2021-10-05 04:21:39,20600.0,200.0,1643100.0
1425,2021-10-05 04:21:39,20600.0,100.0,1642900.0
1426,2021-10-05 04:21:39,20600.0,100.0,1642800.0
1427,2021-10-05 04:21:39,20600.0,100.0,1642700.0
1428,2021-10-05 04:21:26,20600.0,200.0,1642600.0
1429,2021-10-05 04:20:23,20600.0,400.0,1642400.0
1430,2021-10-05 04:20:23,20600.0,200.0,1642000.0
1431,2021-10-05 04:20:23,20600.0,300.0,1641800.0
1432,2021-10-05 04:20:23,20600.0,1800.0,1641500.0
1433,2021-10-05 04:20:23,20600.0,300.0,1639700.0
1434,2021-10-05 04:20:23,20600.0,800.0,1639400.0
1435,2021-10-05 04:20:23,20600.0,400.0,1638600.0
1436,2021-10-05 04:20:23,20600.0,500.0,1638200.0
1437,2021-10-05 04:20:23,20600.0,800.0,1637700.0
1438,2021-10-05 04:20:23,20600.0,500.0,1636900.0
1439,2021-10-05 04:20:23,20600.0,500.0,1636400.0
1440,2021-10-05 04:20:23,20600.0,1000.0,1635900.0
1441,2021-10-05 04:20:23,20600.0,1200.0,1634900.0
1442,2021-10-05 04:20:23,20600.0,1500.0,1633700.0
1443,2021-10-05 04:20:23,20600.0,9800.0,1632200.0
1444,2021-10-05 04:20:09,20600.0,100.0,1622400.0
1445,2021-10-05 04:19:02,20600.0,100.0,1622300.0
1446,2021-10-05 04:19:02,20600.0,200.0,1622200.0
1447,2021-10-05 04:18:43,20600.0,300.0,1622000.0
1448,2021-10-05 04:18:36,20600.0,500.0,1621700.0
1449,2021-10-05 04:18:36,20600.0,500.0,1621200.0
1450,2021-10-05 04:18:28,20600.0,200.0,1620700.0
1451,2021-10-05 04:18:00,20600.0,200.0,1620500.0
1452,2021-10-05 04:17:09,20600.0,1100.0,1620300.0
1453,2021-10-05 04:17:09,20600.0,500.0,1619200.0
1454,2021-10-05 04:16:33,20600.0,100.0,1618700.0
1455,2021-10-05 04:16:06,20600.0,1000.0,1618600.0
1456,2021-10-05 04:15:43,20600.0,400.0,1617600.0
1457,2021-10-05 04:15:43,20600.0,1000.0,1617200.0
1458,2021-10-05 04:15:43,20600.0,100.0,1616200.0
1459,2021-10-05 04:15:43,20600.0,200.0,1616100.0
1460,2021-10-05 04:14:48,20650.0,1000.0,1615900.0
1461,2021-10-05 04:14:20,20600.0,100.0,1614900.0
1462,2021-10-05 04:13:48,20650.0,100.0,1614800.0
1463,2021-10-05 04:13:44,20650.0,500.0,1614700.0
1464,2021-10-05 04:13:26,20650.0,5000.0,1614200.0
1465,2021-10-05 04:12:58,20600.0,100.0,1609200.0
1466,2021-10-05 04:12:47,20650.0,300.0,1609100.0
1467,2021-10-05 04:11:53,20650.0,100.0,1608800.0
1468,2021-10-05 04:11:21,20650.0,700.0,1608700.0
1469,2021-10-05 04:10:28,20600.0,600.0,1608000.0
1470,2021-10-05 04:10:28,20600.0,100.0,1607400.0
1471,2021-10-05 04:10:28,20600.0,1300.0,1607300.0
1472,2021-10-05 04:10:24,20600.0,100.0,1606000.0
1473,2021-10-05 04:10:02,20600.0,1100.0,1605900.0
1474,2021-10-05 04:10:02,20600.0,1900.0,1604800.0
1475,2021-10-05 04:09:57,20650.0,600.0,1602900.0
1476,2021-10-05 04:09:57,20600.0,300.0,1602300.0
1477,2021-10-05 04:09:57,20600.0,100.0,1602000.0
1478,2021-10-05 04:09:53,20600.0,1000.0,1601900.0
1479,2021-10-05 04:09:52,20600.0,400.0,1600900.0
1480,2021-10-05 04:09:52,20600.0,100.0,1600500.0
1481,2021-10-05 04:09:52,20600.0,200.0,1600400.0
1482,2021-10-05 04:09:46,20600.0,400.0,1600200.0
1483,2021-10-05 04:09:18,20600.0,1000.0,1599800.0
1484,2021-10-05 04:09:18,20600.0,2000.0,1598800.0
1485,2021-10-05 04:09:18,20600.0,7000.0,1596800.0
1486,2021-10-05 04:09:18,20600.0,500.0,1589800.0
1487,2021-10-05 04:09:18,20600.0,3800.0,1589300.0
1488,2021-10-05 04:09:18,20600.0,20000.0,1585500.0
1489,2021-10-05 04:09:18,20600.0,500.0,1565500.0
1490,2021-10-05 04:09:18,20600.0,500.0,1565000.0
1491,2021-10-05 04:09:18,20600.0,400.0,1564500.0
1492,2021-10-05 04:09:09,20600.0,1600.0,1564100.0
1493,2021-10-05 04:09:09,20600.0,4000.0,1562500.0
1494,2021-10-05 04:09:09,20600.0,200.0,1558500.0
1495,2021-10-05 04:09:09,20600.0,3000.0,1558300.0
1496,2021-10-05 04:09:09,20600.0,1200.0,1555300.0
1497,2021-10-05 04:06:57,20600.0,100.0,1554100.0
1498,2021-10-05 04:06:54,20550.0,7500.0,1554000.0
1499,2021-10-05 04:06:54,20550.0,100.0,1546500.0
1500,2021-10-05 04:06:54,20550.0,500.0,1546400.0
1501,2021-10-05 04:06:54,20550.0,1000.0,1545900.0
1502,2021-10-05 04:06:54,20550.0,900.0,1544900.0
1503,2021-10-05 04:06:43,20600.0,1000.0,1544000.0
1504,2021-10-05 04:06:21,20550.0,100.0,1543000.0
1505,2021-10-05 04:05:48,20550.0,100.0,1542900.0
1506,2021-10-05 04:05:08,20550.0,900.0,1542800.0
1507,2021-10-05 04:05:08,20550.0,4000.0,1541900.0
1508,2021-10-05 04:05:08,20550.0,100.0,1537900.0
1509,2021-10-05 04:05:03,20550.0,200.0,1537800.0
1510,2021-10-05 04:04:23,20550.0,300.0,1537600.0
1511,2021-10-05 04:04:18,20550.0,100.0,1537300.0
1512,2021-10-05 04:04:18,20550.0,300.0,1537200.0
1513,2021-10-05 04:04:04,20550.0,300.0,1536900.0
1514,2021-10-05 04:03:52,20550.0,700.0,1536600.0
1515,2021-10-05 04:03:52,20550.0,200.0,1535900.0
1516,2021-10-05 04:03:52,20550.0,100.0,1535700.0
1517,2021-10-05 04:03:38,20550.0,100.0,1535600.0
1518,2021-10-05 04:02:51,20550.0,4800.0,1535500.0
1519,2021-10-05 04:02:51,20550.0,1100.0,1530700.0
1520,2021-10-05 04:02:49,20550.0,200.0,1529600.0
1521,2021-10-05 04:02:32,20600.0,2500.0,1529400.0
1522,2021-10-05 04:02:30,20550.0,8400.0,1526900.0
1523,2021-10-05 04:02:01,20600.0,600.0,1518500.0
1524,2021-10-05 04:02:01,20600.0,700.0,1517900.0
1525,2021-10-05 04:01:52,20550.0,300.0,1517200.0
1526,2021-10-05 04:01:51,20550.0,2000.0,1516900.0
1527,2021-10-05 04:01:22,20600.0,4700.0,1514900.0
1528,2021-10-05 04:01:22,20600.0,1900.0,1510200.0
1529,2021-10-05 04:01:10,20600.0,100.0,1508300.0
1530,2021-10-05 04:00:38,20550.0,400.0,1508200.0
1531,2021-10-05 04:00:24,20550.0,2000.0,1507800.0
1532,2021-10-05 03:59:44,20600.0,2000.0,1505800.0
1533,2021-10-05 03:59:39,20550.0,1800.0,1503800.0
1534,2021-10-05 03:58:55,20550.0,10000.0,1502000.0
1535,2021-10-05 03:58:46,20550.0,2700.0,1492000.0
1536,2021-10-05 03:58:46,20550.0,1000.0,1489300.0
1537,2021-10-05 03:58:46,20550.0,100.0,1488300.0
1538,2021-10-05 03:58:30,20500.0,100.0,1488200.0
1539,2021-10-05 03:58:09,20500.0,500.0,1488100.0
1540,2021-10-05 03:57:30,20550.0,100.0,1487600.0
1541,2021-10-05 03:57:19,20550.0,100.0,1487500.0
1542,2021-10-05 03:56:51,20550.0,100.0,1487400.0
1543,2021-10-05 03:56:51,20550.0,200.0,1487300.0
1544,2021-10-05 03:55:56,20500.0,100.0,1487100.0
1545,2021-10-05 03:55:46,20550.0,500.0,1487000.0
1546,2021-10-05 03:55:46,20550.0,900.0,1486500.0
1547,2021-10-05 03:55:39,20550.0,4300.0,1485600.0
1548,2021-10-05 03:55:12,20500.0,500.0,1481300.0
1549,2021-10-05 03:54:59,20500.0,100.0,1480800.0
1550,2021-10-05 03:54:42,20500.0,300.0,1480700.0
1551,2021-10-05 03:54:42,20500.0,500.0,1480400.0
1552,2021-10-05 03:54:42,20500.0,200.0,1479900.0
1553,2021-10-05 03:54:42,20500.0,200.0,1479700.0
1554,2021-10-05 03:54:24,20550.0,100.0,1479500.0
1555,2021-10-05 03:54:10,20500.0,300.0,1479400.0
1556,2021-10-05 03:54:09,20550.0,200.0,1479100.0
1557,2021-10-05 03:53:55,20550.0,200.0,1478900.0
1558,2021-10-05 03:53:49,20550.0,200.0,1478700.0
1559,2021-10-05 03:53:12,20550.0,100.0,1478500.0
1560,2021-10-05 03:53:11,20550.0,100.0,1478400.0
1561,2021-10-05 03:53:02,20550.0,100.0,1478300.0
1562,2021-10-05 03:52:56,20550.0,100.0,1478200.0
1563,2021-10-05 03:52:44,20550.0,100.0,1478100.0
1564,2021-10-05 03:52:37,20550.0,1000.0,1478000.0
1565,2021-10-05 03:52:37,20550.0,100.0,1477000.0
1566,2021-10-05 03:52:37,20550.0,100.0,1476900.0
1567,2021-10-05 03:52:37,20550.0,1000.0,1476800.0
1568,2021-10-05 03:52:37,20550.0,100.0,1475800.0
1569,2021-10-05 03:52:37,20550.0,300.0,1475700.0
1570,2021-10-05 03:52:37,20550.0,100.0,1475400.0
1571,2021-10-05 03:52:37,20550.0,100.0,1475300.0
1572,2021-10-05 03:52:00,20550.0,100.0,1475200.0
1573,2021-10-05 03:51:53,20550.0,200.0,1475100.0
1574,2021-10-05 03:51:53,20550.0,2400.0,1474900.0
1575,2021-10-05 03:51:53,20550.0,2400.0,1472500.0
1576,2021-10-05 03:51:37,20550.0,300.0,1470100.0
1577,2021-10-05 03:51:29,20550.0,100.0,1469800.0
1578,2021-10-05 03:51:06,20550.0,4200.0,1469700.0
1579,2021-10-05 03:51:06,20550.0,4900.0,1465500.0
1580,2021-10-05 03:51:06,20550.0,100.0,1460600.0
1581,2021-10-05 03:51:06,20550.0,100.0,1460500.0
1582,2021-10-05 03:51:06,20550.0,100.0,1460400.0
1583,2021-10-05 03:51:06,20550.0,500.0,1460300.0
1584,2021-10-05 03:50:22,20600.0,500.0,1459800.0
1585,2021-10-05 03:50:12,20600.0,500.0,1459300.0
1586,2021-10-05 03:50:12,20600.0,400.0,1458800.0
1587,2021-10-05 03:50:12,20600.0,100.0,1458400.0
1588,2021-10-05 03:49:09,20600.0,200.0,1458300.0
1589,2021-10-05 03:49:01,20600.0,200.0,1458100.0
1590,2021-10-05 03:48:47,20600.0,1000.0,1457900.0
1591,2021-10-05 03:48:43,20600.0,100.0,1456900.0
1592,2021-10-05 03:48:29,20600.0,1000.0,1456800.0
1593,2021-10-05 03:48:06,20600.0,400.0,1455800.0
1594,2021-10-05 03:48:06,20600.0,100.0,1455400.0
1595,2021-10-05 03:48:06,20600.0,100.0,1455300.0
1596,2021-10-05 03:48:06,20600.0,800.0,1455200.0
1597,2021-10-05 03:47:39,20600.0,3800.0,1454400.0
1598,2021-10-05 03:47:34,20600.0,100.0,1450600.0
1599,2021-10-05 03:47:23,20650.0,100.0,1450500.0
1600,2021-10-05 03:47:00,20600.0,300.0,1450400.0
1601,2021-10-05 03:46:35,20600.0,100.0,1450100.0
1602,2021-10-05 03:46:17,20600.0,200.0,1450000.0
1603,2021-10-05 03:46:05,20600.0,300.0,1449800.0
1604,2021-10-05 03:45:11,20600.0,900.0,1449500.0
1605,2021-10-05 03:45:11,20600.0,3200.0,1448600.0
1606,2021-10-05 03:45:02,20600.0,200.0,1445400.0
1607,2021-10-05 03:44:55,20600.0,4400.0,1445200.0
1608,2021-10-05 03:44:55,20600.0,100.0,1440800.0
1609,2021-10-05 03:44:55,20600.0,200.0,1440700.0
1610,2021-10-05 03:44:55,20600.0,1000.0,1440500.0
1611,2021-10-05 03:44:55,20600.0,500.0,1439500.0
1612,2021-10-05 03:44:55,20600.0,200.0,1439000.0
1613,2021-10-05 03:44:55,20600.0,200.0,1438800.0
1614,2021-10-05 03:44:55,20600.0,2000.0,1438600.0
1615,2021-10-05 03:44:27,20600.0,3000.0,1436600.0
1616,2021-10-05 03:44:27,20600.0,2000.0,1433600.0
1617,2021-10-05 03:44:05,20600.0,1000.0,1431600.0
1618,2021-10-05 03:44:05,20600.0,1500.0,1430600.0
1619,2021-10-05 03:43:48,20650.0,400.0,1429100.0
1620,2021-10-05 03:43:45,20600.0,100.0,1428700.0
1621,2021-10-05 03:43:35,20650.0,200.0,1428600.0
1622,2021-10-05 03:43:00,20650.0,800.0,1428400.0
1623,2021-10-05 03:42:47,20700.0,200.0,1427600.0
1624,2021-10-05 03:42:47,20700.0,200.0,1427400.0
1625,2021-10-05 03:42:47,20700.0,1400.0,1427200.0
1626,2021-10-05 03:42:47,20650.0,300.0,1425800.0
1627,2021-10-05 03:42:40,20650.0,200.0,1425500.0
1628,2021-10-05 03:42:40,20650.0,100.0,1425300.0
1629,2021-10-05 03:42:40,20650.0,2000.0,1425200.0
1630,2021-10-05 03:42:40,20650.0,800.0,1423200.0
1631,2021-10-05 03:42:40,20650.0,100.0,1422400.0
1632,2021-10-05 03:42:40,20650.0,200.0,1422300.0
1633,2021-10-05 03:42:40,20650.0,6300.0,1422100.0
1634,2021-10-05 03:42:23,20650.0,200.0,1415800.0
1635,2021-10-05 03:41:58,20650.0,1500.0,1415600.0
1636,2021-10-05 03:41:31,20650.0,1000.0,1414100.0
1637,2021-10-05 03:40:52,20700.0,100.0,1413100.0
1638,2021-10-05 03:40:22,20700.0,100.0,1413000.0
1639,2021-10-05 03:40:04,20650.0,1000.0,1412900.0
1640,2021-10-05 03:39:21,20700.0,100.0,1411900.0
1641,2021-10-05 03:38:57,20700.0,1300.0,1411800.0
1642,2021-10-05 03:38:57,20700.0,100.0,1410500.0
1643,2021-10-05 03:38:57,20700.0,400.0,1410400.0
1644,2021-10-05 03:38:57,20700.0,100.0,1410000.0
1645,2021-10-05 03:38:57,20700.0,1100.0,1409900.0
1646,2021-10-05 03:38:57,20700.0,1500.0,1408800.0
1647,2021-10-05 03:38:57,20700.0,2800.0,1407300.0
1648,2021-10-05 03:38:57,20650.0,100.0,1404500.0
1649,2021-10-05 03:38:57,20650.0,4000.0,1404400.0
1650,2021-10-05 03:38:57,20650.0,10000.0,1400400.0
1651,2021-10-05 03:38:57,20650.0,600.0,1390400.0
1652,2021-10-05 03:38:51,20650.0,4400.0,1389800.0
1653,2021-10-05 03:38:51,20650.0,600.0,1385400.0
1654,2021-10-05 03:38:46,20650.0,100.0,1384800.0
1655,2021-10-05 03:38:33,20650.0,500.0,1384700.0
1656,2021-10-05 03:38:15,20650.0,5000.0,1384200.0
1657,2021-10-05 03:37:43,20650.0,3800.0,1379200.0
1658,2021-10-05 03:37:17,20650.0,500.0,1375400.0
1659,2021-10-05 03:37:17,20650.0,400.0,1374900.0
1660,2021-10-05 03:37:17,20650.0,100.0,1374500.0
1661,2021-10-05 03:36:39,20650.0,400.0,1374400.0
1662,2021-10-05 03:36:39,20650.0,600.0,1374000.0
1663,2021-10-05 03:36:33,20650.0,100.0,1373400.0
1664,2021-10-05 03:36:00,20650.0,100.0,1373300.0
1665,2021-10-05 03:35:41,20650.0,9200.0,1373200.0
1666,2021-10-05 03:35:41,20650.0,100.0,1364000.0
1667,2021-10-05 03:35:41,20650.0,1000.0,1363900.0
1668,2021-10-05 03:35:41,20650.0,1000.0,1362900.0
1669,2021-10-05 03:35:41,20650.0,200.0,1361900.0
1670,2021-10-05 03:35:41,20650.0,1000.0,1361700.0
1671,2021-10-05 03:35:41,20650.0,1500.0,1360700.0
1672,2021-10-05 03:34:35,20600.0,200.0,1359200.0
1673,2021-10-05 03:34:35,20600.0,300.0,1359000.0
1674,2021-10-05 03:34:35,20600.0,500.0,1358700.0
1675,2021-10-05 03:33:50,20600.0,100.0,1358200.0
1676,2021-10-05 03:33:16,20600.0,1500.0,1358100.0
1677,2021-10-05 03:33:16,20600.0,200.0,1356600.0
1678,2021-10-05 03:33:16,20600.0,300.0,1356400.0
1679,2021-10-05 03:33:15,20550.0,200.0,1356100.0
1680,2021-10-05 03:32:22,20550.0,400.0,1355900.0
1681,2021-10-05 03:32:12,20600.0,100.0,1355500.0
1682,2021-10-05 03:32:12,20600.0,100.0,1355400.0
1683,2021-10-05 03:32:12,20600.0,1000.0,1355300.0
1684,2021-10-05 03:32:12,20600.0,100.0,1354300.0
1685,2021-10-05 03:32:12,20600.0,1200.0,1354200.0
1686,2021-10-05 03:32:12,20600.0,100.0,1353000.0
1687,2021-10-05 03:32:12,20600.0,1100.0,1352900.0
1688,2021-10-05 03:32:12,20600.0,200.0,1351800.0
1689,2021-10-05 03:32:12,20600.0,400.0,1351600.0
1690,2021-10-05 03:32:12,20550.0,300.0,1351200.0
1691,2021-10-05 03:32:12,20550.0,200.0,1350900.0
1692,2021-10-05 03:31:32,20550.0,100.0,1350700.0
1693,2021-10-05 03:31:32,20550.0,100.0,1350600.0
1694,2021-10-05 03:31:18,20550.0,100.0,1350500.0
1695,2021-10-05 03:31:18,20550.0,500.0,1350400.0
1696,2021-10-05 03:31:18,20550.0,300.0,1349900.0
1697,2021-10-05 03:31:18,20550.0,200.0,1349600.0
1698,2021-10-05 03:31:18,20550.0,300.0,1349400.0
1699,2021-10-05 03:31:18,20550.0,600.0,1349100.0
1700,2021-10-05 03:30:52,20500.0,500.0,1348500.0
1701,2021-10-05 03:30:51,20500.0,300.0,1348000.0
1702,2021-10-05 03:30:51,20500.0,1000.0,1347700.0
1703,2021-10-05 03:30:51,20500.0,200.0,1346700.0
1704,2021-10-05 03:30:44,20500.0,100.0,1346500.0
1705,2021-10-05 03:30:44,20500.0,2500.0,1346400.0
1706,2021-10-05 03:30:44,20500.0,2000.0,1343900.0
1707,2021-10-05 03:30:44,20500.0,1000.0,1341900.0
1708,2021-10-05 03:30:44,20500.0,1000.0,1340900.0
1709,2021-10-05 03:30:44,20500.0,600.0,1339900.0
1710,2021-10-05 03:30:44,20500.0,100.0,1339300.0
1711,2021-10-05 03:30:44,20500.0,200.0,1339200.0
1712,2021-10-05 03:30:44,20500.0,500.0,1339000.0
1713,2021-10-05 03:30:44,20500.0,200.0,1338500.0
1714,2021-10-05 03:30:44,20500.0,1000.0,1338300.0
1715,2021-10-05 03:30:44,20500.0,100.0,1337300.0
1716,2021-10-05 03:30:44,20500.0,100.0,1337200.0
1717,2021-10-05 03:30:44,20500.0,100.0,1337100.0
1718,2021-10-05 03:30:44,20500.0,3000.0,1337000.0
1719,2021-10-05 03:30:44,20500.0,100.0,1334000.0
1720,2021-10-05 03:30:44,20500.0,100.0,1333900.0
1721,2021-10-05 03:30:44,20500.0,100.0,1333800.0
1722,2021-10-05 03:30:44,20500.0,200.0,1333700.0
1723,2021-10-05 03:30:44,20500.0,500.0,1333500.0
1724,2021-10-05 03:30:44,20500.0,900.0,1333000.0
1725,2021-10-05 03:30:40,20550.0,100.0,1332100.0
1726,2021-10-05 03:30:20,20550.0,200.0,1332000.0
1727,2021-10-05 03:29:59,20550.0,100.0,1331800.0
1728,2021-10-05 03:29:50,20550.0,100.0,1331700.0
1729,2021-10-05 03:29:07,20500.0,100.0,1331600.0
1730,2021-10-05 03:29:07,20500.0,500.0,1331500.0
1731,2021-10-05 03:29:07,20500.0,1000.0,1331000.0
1732,2021-10-05 03:29:07,20500.0,2000.0,1330000.0
1733,2021-10-05 03:29:07,20500.0,300.0,1328000.0
1734,2021-10-05 03:29:07,20500.0,100.0,1327700.0
1735,2021-10-05 03:29:07,20500.0,500.0,1327600.0
1736,2021-10-05 03:29:07,20500.0,300.0,1327100.0
1737,2021-10-05 03:29:07,20500.0,500.0,1326800.0
1738,2021-10-05 03:29:07,20500.0,100.0,1326300.0
1739,2021-10-05 03:29:07,20500.0,1000.0,1326200.0
1740,2021-10-05 03:29:07,20500.0,500.0,1325200.0
1741,2021-10-05 03:29:07,20500.0,1000.0,1324700.0
1742,2021-10-05 03:29:07,20500.0,6600.0,1323700.0
1743,2021-10-05 03:29:04,20550.0,200.0,1317100.0
1744,2021-10-05 03:28:53,20500.0,100.0,1316900.0
1745,2021-10-05 03:28:52,20500.0,4500.0,1316800.0
1746,2021-10-05 03:28:17,20550.0,100.0,1312300.0
1747,2021-10-05 03:27:37,20550.0,100.0,1312200.0
1748,2021-10-05 03:27:23,20550.0,300.0,1312100.0
1749,2021-10-05 03:27:19,20500.0,100.0,1311800.0
1750,2021-10-05 03:27:06,20550.0,200.0,1311700.0
1751,2021-10-05 03:26:57,20550.0,400.0,1311500.0
1752,2021-10-05 03:26:57,20550.0,600.0,1311100.0
1753,2021-10-05 03:26:35,20550.0,500.0,1310500.0
1754,2021-10-05 03:26:18,20550.0,300.0,1310000.0
1755,2021-10-05 03:26:13,20550.0,5000.0,1309700.0
1756,2021-10-05 03:26:13,20550.0,500.0,1304700.0
1757,2021-10-05 03:26:06,20550.0,1100.0,1304200.0
1758,2021-10-05 03:26:02,20550.0,600.0,1303100.0
1759,2021-10-05 03:25:55,20550.0,500.0,1302500.0
1760,2021-10-05 03:25:52,20550.0,200.0,1302000.0
1761,2021-10-05 03:25:46,20550.0,700.0,1301800.0
1762,2021-10-05 03:25:46,20550.0,300.0,1301100.0
1763,2021-10-05 03:25:35,20550.0,100.0,1300800.0
1764,2021-10-05 03:25:28,20550.0,200.0,1300700.0
1765,2021-10-05 03:25:12,20550.0,100.0,1300500.0
1766,2021-10-05 03:25:05,20550.0,200.0,1300400.0
1767,2021-10-05 03:25:05,20550.0,700.0,1300200.0
1768,2021-10-05 03:25:02,20550.0,300.0,1299500.0
1769,2021-10-05 03:24:24,20500.0,3700.0,1299200.0
1770,2021-10-05 03:24:24,20500.0,100.0,1295500.0
1771,2021-10-05 03:24:24,20500.0,100.0,1295400.0
1772,2021-10-05 03:24:24,20500.0,200.0,1295300.0
1773,2021-10-05 03:24:24,20500.0,200.0,1295100.0
1774,2021-10-05 03:24:24,20500.0,1000.0,1294900.0
1775,2021-10-05 03:24:24,20500.0,100.0,1293900.0
1776,2021-10-05 03:24:24,20500.0,1000.0,1293800.0
1777,2021-10-05 03:24:24,20500.0,1100.0,1292800.0
1778,2021-10-05 03:24:17,20500.0,900.0,1291700.0
1779,2021-10-05 03:24:17,20500.0,300.0,1290800.0
1780,2021-10-05 03:24:17,20500.0,100.0,1290500.0
1781,2021-10-05 03:24:17,20500.0,100.0,1290400.0
1782,2021-10-05 03:24:15,20550.0,100.0,1290300.0
1783,2021-10-05 03:24:09,20500.0,200.0,1290200.0
1784,2021-10-05 03:24:09,20500.0,5000.0,1290000.0
1785,2021-10-05 03:24:09,20500.0,100.0,1285000.0
1786,2021-10-05 03:24:09,20500.0,200.0,1284900.0
1787,2021-10-05 03:24:09,20500.0,1600.0,1284700.0
1788,2021-10-05 03:24:09,20500.0,500.0,1283100.0
1789,2021-10-05 03:24:09,20500.0,1000.0,1282600.0
1790,2021-10-05 03:24:09,20500.0,200.0,1281600.0
1791,2021-10-05 03:24:09,20500.0,1000.0,1281400.0
1792,2021-10-05 03:24:09,20500.0,5000.0,1280400.0
1793,2021-10-05 03:24:09,20500.0,500.0,1275400.0
1794,2021-10-05 03:24:09,20500.0,100.0,1274900.0
1795,2021-10-05 03:24:09,20500.0,200.0,1274800.0
1796,2021-10-05 03:24:09,20500.0,100.0,1274600.0
1797,2021-10-05 03:24:09,20500.0,500.0,1274500.0
1798,2021-10-05 03:24:09,20500.0,5000.0,1274000.0
1799,2021-10-05 03:24:09,20500.0,100.0,1269000.0
1800,2021-10-05 03:24:09,20500.0,500.0,1268900.0
1801,2021-10-05 03:24:09,20500.0,100.0,1268400.0
1802,2021-10-05 03:24:09,20500.0,100.0,1268300.0
1803,2021-10-05 03:24:09,20500.0,1000.0,1268200.0
1804,2021-10-05 03:24:09,20500.0,300.0,1267200.0
1805,2021-10-05 03:24:09,20500.0,1000.0,1266900.0
1806,2021-10-05 03:24:09,20500.0,1000.0,1265900.0
1807,2021-10-05 03:24:09,20500.0,200.0,1264900.0
1808,2021-10-05 03:24:09,20500.0,400.0,1264700.0
1809,2021-10-05 03:24:03,20500.0,600.0,1264300.0
1810,2021-10-05 03:24:03,20500.0,100.0,1263700.0
1811,2021-10-05 03:24:03,20500.0,500.0,1263600.0
1812,2021-10-05 03:24:03,20500.0,500.0,1263100.0
1813,2021-10-05 03:24:03,20500.0,200.0,1262600.0
1814,2021-10-05 03:24:03,20500.0,100.0,1262400.0
1815,2021-10-05 03:24:03,20500.0,100.0,1262300.0
1816,2021-10-05 03:23:52,20550.0,200.0,1262200.0
1817,2021-10-05 03:23:35,20500.0,400.0,1262000.0
1818,2021-10-05 03:23:35,20500.0,100.0,1261600.0
1819,2021-10-05 03:23:35,20500.0,100.0,1261500.0
1820,2021-10-05 03:23:32,20500.0,100.0,1261400.0
1821,2021-10-05 03:23:20,20500.0,800.0,1261300.0
1822,2021-10-05 03:23:20,20500.0,200.0,1260500.0
1823,2021-10-05 03:23:20,20500.0,200.0,1260300.0
1824,2021-10-05 03:23:20,20500.0,100.0,1260100.0
1825,2021-10-05 03:23:20,20500.0,200.0,1260000.0
1826,2021-10-05 03:23:20,20500.0,400.0,1259800.0
1827,2021-10-05 03:23:20,20500.0,1000.0,1259400.0
1828,2021-10-05 03:23:20,20500.0,1000.0,1258400.0
1829,2021-10-05 03:23:20,20500.0,3000.0,1257400.0
1830,2021-10-05 03:23:20,20500.0,3000.0,1254400.0
1831,2021-10-05 03:23:20,20500.0,900.0,1251400.0
1832,2021-10-05 03:23:17,20500.0,2100.0,1250500.0
1833,2021-10-05 03:23:17,20500.0,100.0,1248400.0
1834,2021-10-05 03:23:17,20500.0,100.0,1248300.0
1835,2021-10-05 03:23:17,20500.0,2000.0,1248200.0
1836,2021-10-05 03:23:17,20500.0,500.0,1246200.0
1837,2021-10-05 03:23:17,20500.0,7100.0,1245700.0
1838,2021-10-05 03:23:06,20500.0,100.0,1238600.0
1839,2021-10-05 03:22:45,20500.0,700.0,1238500.0
1840,2021-10-05 03:22:40,20500.0,500.0,1237800.0
1841,2021-10-05 03:22:39,20500.0,7100.0,1237300.0
1842,2021-10-05 03:22:38,20500.0,1500.0,1230200.0
1843,2021-10-05 03:22:18,20500.0,3000.0,1228700.0
1844,2021-10-05 03:22:18,20500.0,300.0,1225700.0
1845,2021-10-05 03:22:18,20500.0,6700.0,1225400.0
1846,2021-10-05 03:22:08,20550.0,300.0,1218700.0
1847,2021-10-05 03:22:08,20550.0,1000.0,1218400.0
1848,2021-10-05 03:22:08,20550.0,1900.0,1217400.0
1849,2021-10-05 03:22:04,20550.0,300.0,1215500.0
1850,2021-10-05 03:22:00,20550.0,2800.0,1215200.0
1851,2021-10-05 03:21:53,20550.0,400.0,1212400.0
1852,2021-10-05 03:21:49,20550.0,100.0,1212000.0
1853,2021-10-05 03:21:47,20550.0,100.0,1211900.0
1854,2021-10-05 03:21:37,20550.0,500.0,1211800.0
1855,2021-10-05 03:21:19,20500.0,3300.0,1211300.0
1856,2021-10-05 03:21:19,20500.0,100.0,1208000.0
1857,2021-10-05 03:21:19,20500.0,1200.0,1207900.0
1858,2021-10-05 03:21:19,20500.0,100.0,1206700.0
1859,2021-10-05 03:21:19,20500.0,3900.0,1206600.0
1860,2021-10-05 03:21:19,20500.0,100.0,1202700.0
1861,2021-10-05 03:21:19,20500.0,2000.0,1202600.0
1862,2021-10-05 03:21:19,20500.0,1000.0,1200600.0
1863,2021-10-05 03:21:19,20500.0,300.0,1199600.0
1864,2021-10-05 03:21:19,20500.0,500.0,1199300.0
1865,2021-10-05 03:21:19,20500.0,2000.0,1198800.0
1866,2021-10-05 03:21:19,20500.0,200.0,1196800.0
1867,2021-10-05 03:21:19,20500.0,500.0,1196600.0
1868,2021-10-05 03:21:19,20500.0,100.0,1196100.0
1869,2021-10-05 03:21:19,20550.0,100.0,1196000.0
1870,2021-10-05 03:21:19,20550.0,500.0,1195900.0
1871,2021-10-05 03:21:19,20550.0,200.0,1195400.0
1872,2021-10-05 03:21:19,20550.0,4000.0,1195200.0
1873,2021-10-05 03:21:19,20550.0,1000.0,1191200.0
1874,2021-10-05 03:21:19,20550.0,1000.0,1190200.0
1875,2021-10-05 03:21:19,20550.0,100.0,1189200.0
1876,2021-10-05 03:21:19,20550.0,500.0,1189100.0
1877,2021-10-05 03:21:19,20550.0,400.0,1188600.0
1878,2021-10-05 03:21:19,20550.0,100.0,1188200.0
1879,2021-10-05 03:21:19,20550.0,2500.0,1188100.0
1880,2021-10-05 03:21:19,20550.0,100.0,1185600.0
1881,2021-10-05 03:21:19,20550.0,500.0,1185500.0
1882,2021-10-05 03:21:19,20550.0,100.0,1185000.0
1883,2021-10-05 03:21:19,20550.0,6300.0,1184900.0
1884,2021-10-05 03:21:19,20550.0,2300.0,1178600.0
1885,2021-10-05 03:21:14,20550.0,100.0,1176300.0
1886,2021-10-05 03:20:30,20550.0,2600.0,1176200.0
1887,2021-10-05 03:20:30,20550.0,200.0,1173600.0
1888,2021-10-05 03:20:30,20550.0,1000.0,1173400.0
1889,2021-10-05 03:20:30,20550.0,1000.0,1172400.0
1890,2021-10-05 03:20:30,20550.0,200.0,1171400.0
1891,2021-10-05 03:19:55,20550.0,200.0,1171200.0
1892,2021-10-05 03:19:55,20550.0,300.0,1171000.0
1893,2021-10-05 03:19:54,20600.0,3000.0,1170700.0
1894,2021-10-05 03:19:51,20600.0,500.0,1167700.0
1895,2021-10-05 03:18:54,20600.0,100.0,1167200.0
1896,2021-10-05 03:18:54,20600.0,4500.0,1167100.0
1897,2021-10-05 03:18:50,20600.0,200.0,1162600.0
1898,2021-10-05 03:18:43,20600.0,300.0,1162400.0
1899,2021-10-05 03:18:32,20550.0,1700.0,1162100.0
1900,2021-10-05 03:18:32,20550.0,500.0,1160400.0
1901,2021-10-05 03:18:32,20550.0,6700.0,1159900.0
1902,2021-10-05 03:18:32,20550.0,100.0,1153200.0
1903,2021-10-05 03:18:32,20550.0,100.0,1153100.0
1904,2021-10-05 03:18:32,20550.0,300.0,1153000.0
1905,2021-10-05 03:18:32,20550.0,100.0,1152700.0
1906,2021-10-05 03:18:32,20550.0,600.0,1152600.0
1907,2021-10-05 03:18:32,20550.0,100.0,1152000.0
1908,2021-10-05 03:18:32,20550.0,300.0,1151900.0
1909,2021-10-05 03:18:32,20550.0,8600.0,1151600.0
1910,2021-10-05 03:18:32,20550.0,3000.0,1143000.0
1911,2021-10-05 03:18:32,20550.0,200.0,1140000.0
1912,2021-10-05 03:18:32,20550.0,500.0,1139800.0
1913,2021-10-05 03:18:32,20550.0,1000.0,1139300.0
1914,2021-10-05 03:18:32,20550.0,1000.0,1138300.0
1915,2021-10-05 03:18:32,20550.0,100.0,1137300.0
1916,2021-10-05 03:18:32,20550.0,100.0,1137200.0
1917,2021-10-05 03:18:32,20550.0,600.0,1137100.0
1918,2021-10-05 03:18:32,20550.0,200.0,1136500.0
1919,2021-10-05 03:18:32,20550.0,1000.0,1136300.0
1920,2021-10-05 03:18:32,20550.0,5000.0,1135300.0
1921,2021-10-05 03:18:32,20550.0,5000.0,1130300.0
1922,2021-10-05 03:18:32,20550.0,9200.0,1125300.0
1923,2021-10-05 03:18:07,20600.0,100.0,1116100.0
1924,2021-10-05 03:18:07,20600.0,900.0,1116000.0
1925,2021-10-05 03:17:59,20600.0,100.0,1115100.0
1926,2021-10-05 03:17:59,20600.0,2000.0,1115000.0
1927,2021-10-05 03:17:59,20600.0,100.0,1113000.0
1928,2021-10-05 03:17:59,20600.0,600.0,1112900.0
1929,2021-10-05 03:17:59,20600.0,200.0,1112300.0
1930,2021-10-05 03:17:59,20600.0,300.0,1112100.0
1931,2021-10-05 03:17:59,20600.0,300.0,1111800.0
1932,2021-10-05 03:17:59,20600.0,1000.0,1111500.0
1933,2021-10-05 03:17:59,20600.0,100.0,1110500.0
1934,2021-10-05 03:17:59,20600.0,100.0,1110400.0
1935,2021-10-05 03:17:59,20600.0,1000.0,1110300.0
1936,2021-10-05 03:17:59,20600.0,200.0,1109300.0
1937,2021-10-05 03:17:59,20600.0,2000.0,1109100.0
1938,2021-10-05 03:17:59,20600.0,100.0,1107100.0
1939,2021-10-05 03:17:59,20600.0,100.0,1107000.0
1940,2021-10-05 03:17:59,20600.0,700.0,1106900.0
1941,2021-10-05 03:17:59,20600.0,1100.0,1106200.0
1942,2021-10-05 03:17:47,20600.0,400.0,1105100.0
1943,2021-10-05 03:17:47,20600.0,500.0,1104700.0
1944,2021-10-05 03:17:47,20600.0,100.0,1104200.0
1945,2021-10-05 03:17:40,20650.0,2000.0,1104100.0
1946,2021-10-05 03:15:56,20600.0,300.0,1102100.0
1947,2021-10-05 03:15:54,20650.0,2000.0,1101800.0
1948,2021-10-05 03:15:18,20600.0,1200.0,1099800.0
1949,2021-10-05 03:15:18,20600.0,500.0,1098600.0
1950,2021-10-05 03:15:18,20600.0,300.0,1098100.0
1951,2021-10-05 03:15:02,20600.0,200.0,1097800.0
1952,2021-10-05 03:14:59,20650.0,500.0,1097600.0
1953,2021-10-05 03:14:48,20600.0,1500.0,1097100.0
1954,2021-10-05 03:14:46,20600.0,500.0,1095600.0
1955,2021-10-05 03:14:46,20600.0,1000.0,1095100.0
1956,2021-10-05 03:14:46,20600.0,3500.0,1094100.0
1957,2021-10-05 03:14:39,20600.0,2000.0,1090600.0
1958,2021-10-05 03:14:34,20600.0,700.0,1088600.0
1959,2021-10-05 03:14:32,20600.0,3800.0,1087900.0
1960,2021-10-05 03:14:32,20600.0,1200.0,1084100.0
1961,2021-10-05 03:14:03,20600.0,1000.0,1082900.0
1962,2021-10-05 03:13:28,20600.0,100.0,1081900.0
1963,2021-10-05 03:13:25,20600.0,500.0,1081800.0
1964,2021-10-05 03:13:25,20600.0,500.0,1081300.0
1965,2021-10-05 03:13:07,20600.0,100.0,1080800.0
1966,2021-10-05 03:12:59,20600.0,100.0,1080700.0
1967,2021-10-05 03:12:57,20600.0,100.0,1080600.0
1968,2021-10-05 03:12:55,20600.0,300.0,1080500.0
1969,2021-10-05 03:12:41,20550.0,100.0,1080200.0
1970,2021-10-05 03:12:34,20600.0,200.0,1080100.0
1971,2021-10-05 03:12:34,20600.0,900.0,1079900.0
1972,2021-10-05 03:12:14,20600.0,100.0,1079000.0
1973,2021-10-05 03:12:03,20600.0,3000.0,1078900.0
1974,2021-10-05 03:12:00,20600.0,1000.0,1075900.0
1975,2021-10-05 03:11:47,20600.0,400.0,1074900.0
1976,2021-10-05 03:11:38,20550.0,700.0,1074500.0
1977,2021-10-05 03:11:38,20550.0,200.0,1073800.0
1978,2021-10-05 03:11:38,20550.0,1000.0,1073600.0
1979,2021-10-05 03:11:38,20550.0,1600.0,1072600.0
1980,2021-10-05 03:11:24,20600.0,200.0,1071000.0
1981,2021-10-05 03:11:18,20600.0,100.0,1070800.0
1982,2021-10-05 03:11:17,20600.0,100.0,1070700.0
1983,2021-10-05 03:11:15,20600.0,2000.0,1070600.0
1984,2021-10-05 03:11:14,20600.0,2000.0,1068600.0
1985,2021-10-05 03:11:09,20600.0,500.0,1066600.0
1986,2021-10-05 03:11:03,20600.0,100.0,1066100.0
1987,2021-10-05 03:11:01,20600.0,300.0,1066000.0
1988,2021-10-05 03:10:46,20600.0,300.0,1065700.0
1989,2021-10-05 03:10:46,20600.0,700.0,1065400.0
1990,2021-10-05 03:10:26,20550.0,100.0,1064700.0
1991,2021-10-05 03:10:14,20550.0,1300.0,1064600.0
1992,2021-10-05 03:10:14,20550.0,500.0,1063300.0
1993,2021-10-05 03:10:14,20550.0,200.0,1062800.0
1994,2021-10-05 03:09:39,20600.0,100.0,1062600.0
1995,2021-10-05 03:09:29,20600.0,100.0,1062500.0
1996,2021-10-05 03:09:25,20600.0,200.0,1062400.0
1997,2021-10-05 03:09:25,20600.0,600.0,1062200.0
1998,2021-10-05 03:09:24,20600.0,500.0,1061600.0
1999,2021-10-05 03:09:15,20600.0,1000.0,1061100.0
2000,2021-10-05 03:08:53,20600.0,200.0,1060100.0
2001,2021-10-05 03:08:48,20600.0,100.0,1059900.0
2002,2021-10-05 03:08:45,20600.0,900.0,1059800.0
2003,2021-10-05 03:08:45,20600.0,100.0,1058900.0
2004,2021-10-05 03:08:40,20600.0,100.0,1058800.0
2005,2021-10-05 03:08:09,20600.0,3000.0,1058700.0
2006,2021-10-05 03:08:04,20600.0,200.0,1055700.0
2007,2021-10-05 03:08:02,20600.0,4000.0,1055500.0
2008,2021-10-05 03:08:01,20600.0,300.0,1051500.0
2009,2021-10-05 03:08:01,20600.0,1400.0,1051200.0
2010,2021-10-05 03:08:01,20600.0,100.0,1049800.0
2011,2021-10-05 03:08:01,20600.0,100.0,1049700.0
2012,2021-10-05 03:08:01,20600.0,200.0,1049600.0
2013,2021-10-05 03:08:01,20600.0,500.0,1049400.0
2014,2021-10-05 03:07:25,20600.0,100.0,1048900.0
2015,2021-10-05 03:07:25,20600.0,1700.0,1048800.0
2016,2021-10-05 03:07:23,20600.0,900.0,1047100.0
2017,2021-10-05 03:07:00,20600.0,400.0,1046200.0
2018,2021-10-05 03:07:00,20600.0,600.0,1045800.0
2019,2021-10-05 03:06:46,20600.0,400.0,1045200.0
2020,2021-10-05 03:06:46,20600.0,200.0,1044800.0
2021,2021-10-05 03:06:44,20600.0,100.0,1044600.0
2022,2021-10-05 03:06:40,20600.0,100.0,1044500.0
2023,2021-10-05 03:06:30,20600.0,200.0,1044400.0
2024,2021-10-05 03:06:25,20600.0,3000.0,1044200.0
2025,2021-10-05 03:06:25,20600.0,100.0,1041200.0
2026,2021-10-05 03:06:25,20600.0,900.0,1041100.0
2027,2021-10-05 03:06:19,20600.0,4100.0,1040200.0
2028,2021-10-05 03:06:19,20600.0,100.0,1036100.0
2029,2021-10-05 03:06:19,20600.0,600.0,1036000.0
2030,2021-10-05 03:06:19,20600.0,100.0,1035400.0
2031,2021-10-05 03:06:19,20600.0,100.0,1035300.0
2032,2021-10-05 03:05:44,20600.0,100.0,1035200.0
2033,2021-10-05 03:05:33,20600.0,800.0,1035100.0
2034,2021-10-05 03:05:33,20600.0,100.0,1034300.0
2035,2021-10-05 03:05:33,20600.0,300.0,1034200.0
2036,2021-10-05 03:05:33,20600.0,100.0,1033900.0
2037,2021-10-05 03:05:33,20600.0,300.0,1033800.0
2038,2021-10-05 03:05:33,20600.0,100.0,1033500.0
2039,2021-10-05 03:05:33,20600.0,100.0,1033400.0
2040,2021-10-05 03:05:33,20600.0,300.0,1033300.0
2041,2021-10-05 03:05:06,20600.0,200.0,1033000.0
2042,2021-10-05 03:04:58,20600.0,500.0,1032800.0
2043,2021-10-05 03:04:58,20600.0,100.0,1032300.0
2044,2021-10-05 03:04:58,20600.0,100.0,1032200.0
2045,2021-10-05 03:04:58,20600.0,300.0,1032100.0
2046,2021-10-05 03:04:36,20600.0,700.0,1031800.0
2047,2021-10-05 03:04:36,20600.0,100.0,1031100.0
2048,2021-10-05 03:03:56,20600.0,100.0,1031000.0
