,Time,Price,Volume_per_trade,Volume
0,2021-10-08 07:45:01,22600.0,100.0,4979100.0
1,2021-10-08 07:45:01,22600.0,500.0,4979000.0
2,2021-10-08 07:45:01,22600.0,900.0,4978500.0
3,2021-10-08 07:45:01,22600.0,100.0,4977600.0
4,2021-10-08 07:45:01,22600.0,500.0,4977500.0
5,2021-10-08 07:45:01,22600.0,500.0,4977000.0
6,2021-10-08 07:45:01,22600.0,100.0,4976500.0
7,2021-10-08 07:45:01,22600.0,600.0,4976400.0
8,2021-10-08 07:45:01,22600.0,500.0,4975800.0
9,2021-10-08 07:45:01,22600.0,200.0,4975300.0
10,2021-10-08 07:45:01,22600.0,200.0,4975100.0
11,2021-10-08 07:45:01,22600.0,400.0,4974900.0
12,2021-10-08 07:45:01,22600.0,600.0,4974500.0
13,2021-10-08 07:45:01,22600.0,800.0,4973900.0
14,2021-10-08 07:45:01,22600.0,100.0,4973100.0
15,2021-10-08 07:45:01,22600.0,1100.0,4973000.0
16,2021-10-08 07:45:01,22600.0,100.0,4971900.0
17,2021-10-08 07:45:01,22600.0,100.0,4971800.0
18,2021-10-08 07:45:01,22600.0,700.0,4971700.0
19,2021-10-08 07:45:01,22600.0,500.0,4971000.0
20,2021-10-08 07:45:01,22600.0,400.0,4970500.0
21,2021-10-08 07:45:01,22600.0,500.0,4970100.0
22,2021-10-08 07:45:01,22600.0,100.0,4969600.0
23,2021-10-08 07:45:01,22600.0,1500.0,4969500.0
24,2021-10-08 07:45:01,22600.0,300.0,4968000.0
25,2021-10-08 07:45:01,22600.0,200.0,4967700.0
26,2021-10-08 07:45:01,22600.0,100.0,4967500.0
27,2021-10-08 07:45:01,22600.0,1000.0,4967400.0
28,2021-10-08 07:45:01,22600.0,200.0,4966400.0
29,2021-10-08 07:45:01,22600.0,1000.0,4966200.0
30,2021-10-08 07:45:01,22600.0,500.0,4965200.0
31,2021-10-08 07:45:01,22600.0,100.0,4964700.0
32,2021-10-08 07:45:01,22600.0,2000.0,4964600.0
33,2021-10-08 07:45:01,22600.0,400.0,4962600.0
34,2021-10-08 07:45:01,22600.0,300.0,4962200.0
35,2021-10-08 07:45:01,22600.0,3900.0,4961900.0
36,2021-10-08 07:45:01,22600.0,200.0,4958000.0
37,2021-10-08 07:45:01,22600.0,200.0,4957800.0
38,2021-10-08 07:45:01,22600.0,1100.0,4957600.0
39,2021-10-08 07:45:01,22600.0,500.0,4956500.0
40,2021-10-08 07:45:01,22600.0,300.0,4956000.0
41,2021-10-08 07:45:01,22600.0,200.0,4955700.0
42,2021-10-08 07:45:01,22600.0,200.0,4955500.0
43,2021-10-08 07:45:01,22600.0,800.0,4955300.0
44,2021-10-08 07:45:01,22600.0,1000.0,4954500.0
45,2021-10-08 07:45:01,22600.0,300.0,4953500.0
46,2021-10-08 07:45:01,22600.0,100.0,4953200.0
47,2021-10-08 07:45:01,22600.0,800.0,4953100.0
48,2021-10-08 07:45:01,22600.0,800.0,4952300.0
49,2021-10-08 07:45:01,22600.0,300.0,4951500.0
50,2021-10-08 07:45:01,22600.0,700.0,4951200.0
51,2021-10-08 07:45:01,22600.0,2000.0,4950500.0
52,2021-10-08 07:45:01,22600.0,1000.0,4948500.0
53,2021-10-08 07:45:01,22600.0,100.0,4947500.0
54,2021-10-08 07:45:01,22600.0,100.0,4947400.0
55,2021-10-08 07:45:01,22600.0,2000.0,4947300.0
56,2021-10-08 07:45:01,22600.0,6600.0,4945300.0
57,2021-10-08 07:45:01,22600.0,200.0,4938700.0
58,2021-10-08 07:45:01,22600.0,200.0,4938500.0
59,2021-10-08 07:45:01,22600.0,500.0,4938300.0
60,2021-10-08 07:45:01,22600.0,100.0,4937800.0
61,2021-10-08 07:45:01,22600.0,200.0,4937700.0
62,2021-10-08 07:45:01,22600.0,1900.0,4937500.0
63,2021-10-08 07:45:01,22600.0,2000.0,4935600.0
64,2021-10-08 07:45:01,22600.0,500.0,4933600.0
65,2021-10-08 07:45:01,22600.0,1000.0,4933100.0
66,2021-10-08 07:45:01,22600.0,200.0,4932100.0
67,2021-10-08 07:45:01,22600.0,3300.0,4931900.0
68,2021-10-08 07:45:01,22600.0,2000.0,4928600.0
69,2021-10-08 07:45:01,22600.0,100.0,4926600.0
70,2021-10-08 07:45:01,22600.0,200.0,4926500.0
71,2021-10-08 07:45:01,22600.0,500.0,4926300.0
72,2021-10-08 07:45:01,22600.0,100.0,4925800.0
73,2021-10-08 07:45:01,22600.0,400.0,4925700.0
74,2021-10-08 07:45:01,22600.0,500.0,4925300.0
75,2021-10-08 07:45:01,22600.0,200.0,4924800.0
76,2021-10-08 07:45:01,22600.0,3900.0,4924600.0
77,2021-10-08 07:45:01,22600.0,4100.0,4920700.0
78,2021-10-08 07:45:01,22600.0,400.0,4916600.0
79,2021-10-08 07:45:01,22600.0,100.0,4916200.0
80,2021-10-08 07:45:01,22600.0,100.0,4916100.0
81,2021-10-08 07:45:01,22600.0,1000.0,4916000.0
82,2021-10-08 07:29:54,22500.0,1000.0,4915000.0
83,2021-10-08 07:29:54,22500.0,100.0,4914000.0
84,2021-10-08 07:29:43,22550.0,200.0,4913900.0
85,2021-10-08 07:29:43,22550.0,100.0,4913700.0
86,2021-10-08 07:29:43,22550.0,4700.0,4913600.0
87,2021-10-08 07:29:32,22550.0,5300.0,4908900.0
88,2021-10-08 07:29:32,22550.0,4600.0,4903600.0
89,2021-10-08 07:29:32,22450.0,100.0,4899000.0
90,2021-10-08 07:29:30,22450.0,100.0,4898900.0
91,2021-10-08 07:29:30,22450.0,200.0,4898800.0
92,2021-10-08 07:29:30,22450.0,1000.0,4898600.0
93,2021-10-08 07:29:30,22450.0,400.0,4897600.0
94,2021-10-08 07:29:30,22450.0,100.0,4897200.0
95,2021-10-08 07:29:30,22450.0,1000.0,4897100.0
96,2021-10-08 07:29:30,22450.0,500.0,4896100.0
97,2021-10-08 07:29:30,22450.0,900.0,4895600.0
98,2021-10-08 07:29:30,22450.0,3000.0,4894700.0
99,2021-10-08 07:29:30,22500.0,100.0,4891700.0
100,2021-10-08 07:29:30,22500.0,6000.0,4891600.0
101,2021-10-08 07:29:30,22500.0,18000.0,4885600.0
102,2021-10-08 07:29:30,22500.0,500.0,4867600.0
103,2021-10-08 07:29:30,22500.0,100.0,4867100.0
104,2021-10-08 07:29:30,22500.0,3600.0,4867000.0
105,2021-10-08 07:29:30,22500.0,1000.0,4863400.0
106,2021-10-08 07:29:30,22500.0,500.0,4862400.0
107,2021-10-08 07:29:30,22500.0,300.0,4861900.0
108,2021-10-08 07:29:30,22500.0,500.0,4861600.0
109,2021-10-08 07:29:30,22500.0,5000.0,4861100.0
110,2021-10-08 07:29:30,22500.0,100.0,4856100.0
111,2021-10-08 07:29:28,22550.0,1000.0,4856000.0
112,2021-10-08 07:29:20,22550.0,1000.0,4855000.0
113,2021-10-08 07:29:17,22500.0,2000.0,4854000.0
114,2021-10-08 07:29:15,22550.0,1000.0,4852000.0
115,2021-10-08 07:29:13,22550.0,300.0,4851000.0
116,2021-10-08 07:29:11,22550.0,2000.0,4850700.0
117,2021-10-08 07:29:10,22550.0,100.0,4848700.0
118,2021-10-08 07:29:10,22550.0,400.0,4848600.0
119,2021-10-08 07:29:04,22500.0,1500.0,4848200.0
120,2021-10-08 07:29:03,22550.0,100.0,4846700.0
121,2021-10-08 07:29:01,22550.0,300.0,4846600.0
122,2021-10-08 07:29:00,22500.0,1400.0,4846300.0
123,2021-10-08 07:28:56,22500.0,5100.0,4844900.0
124,2021-10-08 07:28:56,22500.0,8500.0,4839800.0
125,2021-10-08 07:28:56,22500.0,1000.0,4831300.0
126,2021-10-08 07:28:56,22500.0,400.0,4830300.0
127,2021-10-08 07:28:56,22500.0,1000.0,4829900.0
128,2021-10-08 07:28:56,22500.0,900.0,4828900.0
129,2021-10-08 07:28:56,22500.0,1000.0,4828000.0
130,2021-10-08 07:28:56,22500.0,200.0,4827000.0
131,2021-10-08 07:28:56,22500.0,900.0,4826800.0
132,2021-10-08 07:28:56,22500.0,200.0,4825900.0
133,2021-10-08 07:28:56,22500.0,800.0,4825700.0
134,2021-10-08 07:28:50,22550.0,200.0,4824900.0
135,2021-10-08 07:28:50,22550.0,400.0,4824700.0
136,2021-10-08 07:28:50,22550.0,400.0,4824300.0
137,2021-10-08 07:28:50,22550.0,1000.0,4823900.0
138,2021-10-08 07:28:40,22550.0,1800.0,4822900.0
139,2021-10-08 07:28:22,22550.0,200.0,4821100.0
140,2021-10-08 07:27:59,22500.0,200.0,4820900.0
141,2021-10-08 07:27:56,22500.0,500.0,4820700.0
142,2021-10-08 07:27:51,22500.0,1600.0,4820200.0
143,2021-10-08 07:27:51,22500.0,200.0,4818600.0
144,2021-10-08 07:27:51,22500.0,900.0,4818400.0
145,2021-10-08 07:27:48,22500.0,700.0,4817500.0
146,2021-10-08 07:27:42,22500.0,900.0,4816800.0
147,2021-10-08 07:27:42,22500.0,1000.0,4815900.0
148,2021-10-08 07:27:42,22500.0,1000.0,4814900.0
149,2021-10-08 07:27:42,22500.0,800.0,4813900.0
150,2021-10-08 07:27:42,22500.0,300.0,4813100.0
151,2021-10-08 07:27:42,22500.0,100.0,4812800.0
152,2021-10-08 07:27:42,22500.0,400.0,4812700.0
153,2021-10-08 07:27:42,22500.0,100.0,4812300.0
154,2021-10-08 07:27:42,22500.0,400.0,4812200.0
155,2021-10-08 07:27:42,22500.0,100.0,4811800.0
156,2021-10-08 07:27:42,22500.0,5900.0,4811700.0
157,2021-10-08 07:27:39,22500.0,100.0,4805800.0
158,2021-10-08 07:27:38,22500.0,1600.0,4805700.0
159,2021-10-08 07:27:35,22500.0,1000.0,4804100.0
160,2021-10-08 07:27:31,22500.0,1400.0,4803100.0
161,2021-10-08 07:27:31,22500.0,10000.0,4801700.0
162,2021-10-08 07:27:31,22500.0,100.0,4791700.0
163,2021-10-08 07:27:31,22500.0,2500.0,4791600.0
164,2021-10-08 07:27:29,22500.0,400.0,4789100.0
165,2021-10-08 07:27:29,22500.0,1000.0,4788700.0
166,2021-10-08 07:27:21,22500.0,1000.0,4787700.0
167,2021-10-08 07:27:16,22500.0,100.0,4786700.0
168,2021-10-08 07:27:15,22500.0,500.0,4786600.0
169,2021-10-08 07:27:15,22500.0,200.0,4786100.0
170,2021-10-08 07:27:13,22500.0,500.0,4785900.0
171,2021-10-08 07:27:11,22500.0,500.0,4785400.0
172,2021-10-08 07:27:11,22500.0,200.0,4784900.0
173,2021-10-08 07:27:11,22500.0,300.0,4784700.0
174,2021-10-08 07:27:11,22500.0,1000.0,4784400.0
175,2021-10-08 07:27:09,22500.0,500.0,4783400.0
176,2021-10-08 07:27:09,22500.0,200.0,4782900.0
177,2021-10-08 07:27:09,22500.0,200.0,4782700.0
178,2021-10-08 07:27:06,22500.0,800.0,4782500.0
179,2021-10-08 07:27:06,22500.0,300.0,4781700.0
180,2021-10-08 07:27:06,22500.0,300.0,4781400.0
181,2021-10-08 07:27:06,22500.0,200.0,4781100.0
182,2021-10-08 07:27:06,22500.0,400.0,4780900.0
183,2021-10-08 07:26:49,22500.0,100.0,4780500.0
184,2021-10-08 07:26:49,22500.0,100.0,4780400.0
185,2021-10-08 07:26:39,22500.0,100.0,4780300.0
186,2021-10-08 07:26:39,22500.0,100.0,4780200.0
187,2021-10-08 07:26:39,22500.0,1200.0,4780100.0
188,2021-10-08 07:26:26,22450.0,500.0,4778900.0
189,2021-10-08 07:26:20,22500.0,100.0,4778400.0
190,2021-10-08 07:26:18,22500.0,500.0,4778300.0
191,2021-10-08 07:26:15,22500.0,1000.0,4777800.0
192,2021-10-08 07:26:15,22450.0,3000.0,4776800.0
193,2021-10-08 07:26:15,22450.0,3000.0,4773800.0
194,2021-10-08 07:26:15,22450.0,3400.0,4770800.0
195,2021-10-08 07:26:15,22450.0,500.0,4767400.0
196,2021-10-08 07:26:15,22450.0,100.0,4766900.0
197,2021-10-08 07:26:14,22500.0,100.0,4766800.0
198,2021-10-08 07:26:11,22450.0,200.0,4766700.0
199,2021-10-08 07:26:10,22450.0,200.0,4766500.0
200,2021-10-08 07:26:07,22500.0,100.0,4766300.0
201,2021-10-08 07:26:02,22500.0,400.0,4766200.0
202,2021-10-08 07:26:02,22500.0,100.0,4765800.0
203,2021-10-08 07:25:50,22500.0,300.0,4765700.0
204,2021-10-08 07:25:47,22500.0,100.0,4765400.0
205,2021-10-08 07:25:46,22450.0,1000.0,4765300.0
206,2021-10-08 07:25:39,22500.0,700.0,4764300.0
207,2021-10-08 07:25:37,22500.0,200.0,4763600.0
208,2021-10-08 07:25:34,22500.0,200.0,4763400.0
209,2021-10-08 07:25:27,22500.0,1000.0,4763200.0
210,2021-10-08 07:25:27,22500.0,200.0,4762200.0
211,2021-10-08 07:25:27,22500.0,200.0,4762000.0
212,2021-10-08 07:25:23,22500.0,100.0,4761800.0
213,2021-10-08 07:25:20,22500.0,400.0,4761700.0
214,2021-10-08 07:25:20,22500.0,100.0,4761300.0
215,2021-10-08 07:25:20,22500.0,1000.0,4761200.0
216,2021-10-08 07:25:14,22500.0,300.0,4760200.0
217,2021-10-08 07:25:14,22500.0,1000.0,4759900.0
218,2021-10-08 07:25:13,22500.0,1000.0,4758900.0
219,2021-10-08 07:25:06,22500.0,1200.0,4757900.0
220,2021-10-08 07:25:03,22500.0,200.0,4756700.0
221,2021-10-08 07:24:59,22500.0,1000.0,4756500.0
222,2021-10-08 07:24:43,22500.0,300.0,4755500.0
223,2021-10-08 07:24:43,22500.0,200.0,4755200.0
224,2021-10-08 07:24:43,22500.0,100.0,4755000.0
225,2021-10-08 07:24:43,22500.0,500.0,4754900.0
226,2021-10-08 07:24:43,22500.0,500.0,4754400.0
227,2021-10-08 07:24:43,22500.0,300.0,4753900.0
228,2021-10-08 07:24:43,22500.0,300.0,4753600.0
229,2021-10-08 07:24:43,22500.0,200.0,4753300.0
230,2021-10-08 07:24:43,22500.0,500.0,4753100.0
231,2021-10-08 07:24:43,22500.0,2000.0,4752600.0
232,2021-10-08 07:24:43,22500.0,2100.0,4750600.0
233,2021-10-08 07:24:18,22500.0,2000.0,4748500.0
234,2021-10-08 07:24:17,22500.0,700.0,4746500.0
235,2021-10-08 07:24:16,22500.0,200.0,4745800.0
236,2021-10-08 07:24:07,22500.0,2000.0,4745600.0
237,2021-10-08 07:23:56,22500.0,1800.0,4743600.0
238,2021-10-08 07:23:19,22500.0,10000.0,4741800.0
239,2021-10-08 07:23:19,22400.0,100.0,4731800.0
240,2021-10-08 07:23:12,22400.0,1000.0,4731700.0
241,2021-10-08 07:23:06,22450.0,300.0,4730700.0
242,2021-10-08 07:23:03,22400.0,500.0,4730400.0
243,2021-10-08 07:22:46,22400.0,17600.0,4729900.0
244,2021-10-08 07:22:46,22400.0,1000.0,4712300.0
245,2021-10-08 07:22:46,22400.0,300.0,4711300.0
246,2021-10-08 07:22:46,22400.0,1000.0,4711000.0
247,2021-10-08 07:22:46,22450.0,200.0,4710000.0
248,2021-10-08 07:22:46,22450.0,600.0,4709800.0
249,2021-10-08 07:22:46,22450.0,200.0,4709200.0
250,2021-10-08 07:22:46,22450.0,1800.0,4709000.0
251,2021-10-08 07:22:46,22450.0,2000.0,4707200.0
252,2021-10-08 07:22:46,22450.0,300.0,4705200.0
253,2021-10-08 07:22:44,22500.0,200.0,4704900.0
254,2021-10-08 07:22:40,22500.0,200.0,4704700.0
255,2021-10-08 07:22:39,22500.0,200.0,4704500.0
256,2021-10-08 07:22:30,22500.0,300.0,4704300.0
257,2021-10-08 07:22:29,22500.0,2000.0,4704000.0
258,2021-10-08 07:22:23,22500.0,1900.0,4702000.0
259,2021-10-08 07:22:23,22450.0,2900.0,4700100.0
260,2021-10-08 07:22:23,22450.0,200.0,4697200.0
261,2021-10-08 07:22:17,22450.0,200.0,4697000.0
262,2021-10-08 07:22:14,22450.0,1300.0,4696800.0
263,2021-10-08 07:22:14,22450.0,700.0,4695500.0
264,2021-10-08 07:22:11,22400.0,100.0,4694800.0
265,2021-10-08 07:22:01,22400.0,1000.0,4694700.0
266,2021-10-08 07:21:54,22400.0,300.0,4693700.0
267,2021-10-08 07:21:54,22400.0,400.0,4693400.0
268,2021-10-08 07:21:51,22450.0,300.0,4693000.0
269,2021-10-08 07:21:46,22400.0,100.0,4692700.0
270,2021-10-08 07:21:46,22400.0,700.0,4692600.0
271,2021-10-08 07:21:46,22400.0,4300.0,4691900.0
272,2021-10-08 07:21:42,22400.0,100.0,4687600.0
273,2021-10-08 07:21:41,22350.0,300.0,4687500.0
274,2021-10-08 07:21:27,22400.0,500.0,4687200.0
275,2021-10-08 07:21:18,22400.0,100.0,4686700.0
276,2021-10-08 07:21:18,22400.0,100.0,4686600.0
277,2021-10-08 07:21:11,22400.0,900.0,4686500.0
278,2021-10-08 07:21:11,22400.0,100.0,4685600.0
279,2021-10-08 07:21:10,22400.0,200.0,4685500.0
280,2021-10-08 07:21:10,22350.0,500.0,4685300.0
281,2021-10-08 07:21:10,22350.0,400.0,4684800.0
282,2021-10-08 07:21:10,22350.0,100.0,4684400.0
283,2021-10-08 07:21:08,22400.0,100.0,4684300.0
284,2021-10-08 07:20:56,22400.0,1000.0,4684200.0
285,2021-10-08 07:20:52,22400.0,300.0,4683200.0
286,2021-10-08 07:20:52,22400.0,500.0,4682900.0
287,2021-10-08 07:20:52,22400.0,500.0,4682400.0
288,2021-10-08 07:20:52,22400.0,200.0,4681900.0
289,2021-10-08 07:20:52,22400.0,400.0,4681700.0
290,2021-10-08 07:20:43,22450.0,500.0,4681300.0
291,2021-10-08 07:20:39,22450.0,500.0,4680800.0
292,2021-10-08 07:20:36,22450.0,3000.0,4680300.0
293,2021-10-08 07:20:25,22450.0,500.0,4677300.0
294,2021-10-08 07:20:24,22400.0,100.0,4676800.0
295,2021-10-08 07:20:24,22400.0,100.0,4676700.0
296,2021-10-08 07:20:19,22400.0,100.0,4676600.0
297,2021-10-08 07:20:19,22400.0,300.0,4676500.0
298,2021-10-08 07:20:19,22400.0,100.0,4676200.0
299,2021-10-08 07:20:19,22400.0,400.0,4676100.0
300,2021-10-08 07:20:19,22400.0,600.0,4675700.0
301,2021-10-08 07:20:12,22450.0,1000.0,4675100.0
302,2021-10-08 07:19:58,22400.0,3800.0,4674100.0
303,2021-10-08 07:19:58,22400.0,3000.0,4670300.0
304,2021-10-08 07:19:58,22400.0,300.0,4667300.0
305,2021-10-08 07:19:58,22400.0,2900.0,4667000.0
306,2021-10-08 07:19:54,22400.0,500.0,4664100.0
307,2021-10-08 07:19:54,22450.0,200.0,4663600.0
308,2021-10-08 07:19:49,22450.0,500.0,4663400.0
309,2021-10-08 07:19:43,22400.0,1600.0,4662900.0
310,2021-10-08 07:19:43,22400.0,300.0,4661300.0
311,2021-10-08 07:19:43,22400.0,200.0,4661000.0
312,2021-10-08 07:19:43,22400.0,500.0,4660800.0
313,2021-10-08 07:19:43,22400.0,300.0,4660300.0
314,2021-10-08 07:19:43,22400.0,100.0,4660000.0
315,2021-10-08 07:19:43,22400.0,100.0,4659900.0
316,2021-10-08 07:19:43,22400.0,500.0,4659800.0
317,2021-10-08 07:19:43,22400.0,500.0,4659300.0
318,2021-10-08 07:19:43,22400.0,500.0,4658800.0
319,2021-10-08 07:19:43,22400.0,100.0,4658300.0
320,2021-10-08 07:19:43,22400.0,100.0,4658200.0
321,2021-10-08 07:19:43,22400.0,100.0,4658100.0
322,2021-10-08 07:19:43,22400.0,300.0,4658000.0
323,2021-10-08 07:19:43,22400.0,1200.0,4657700.0
324,2021-10-08 07:19:43,22400.0,200.0,4656500.0
325,2021-10-08 07:19:43,22400.0,200.0,4656300.0
326,2021-10-08 07:19:43,22400.0,1000.0,4656100.0
327,2021-10-08 07:19:43,22400.0,500.0,4655100.0
328,2021-10-08 07:19:43,22400.0,200.0,4654600.0
329,2021-10-08 07:19:43,22400.0,500.0,4654400.0
330,2021-10-08 07:19:43,22400.0,300.0,4653900.0
331,2021-10-08 07:19:43,22400.0,100.0,4653600.0
332,2021-10-08 07:19:43,22400.0,300.0,4653500.0
333,2021-10-08 07:19:43,22400.0,200.0,4653200.0
334,2021-10-08 07:19:43,22400.0,100.0,4653000.0
335,2021-10-08 07:19:38,22450.0,100.0,4652900.0
336,2021-10-08 07:19:38,22450.0,10000.0,4652800.0
337,2021-10-08 07:19:38,22450.0,2000.0,4642800.0
338,2021-10-08 07:19:38,22450.0,200.0,4640800.0
339,2021-10-08 07:19:38,22450.0,1000.0,4640600.0
340,2021-10-08 07:19:38,22450.0,500.0,4639600.0
341,2021-10-08 07:19:38,22450.0,100.0,4639100.0
342,2021-10-08 07:19:38,22450.0,600.0,4639000.0
343,2021-10-08 07:19:38,22450.0,200.0,4638400.0
344,2021-10-08 07:19:38,22450.0,1900.0,4638200.0
345,2021-10-08 07:19:38,22450.0,1000.0,4636300.0
346,2021-10-08 07:19:38,22450.0,100.0,4635300.0
347,2021-10-08 07:19:38,22450.0,100.0,4635200.0
348,2021-10-08 07:19:38,22450.0,1000.0,4635100.0
349,2021-10-08 07:19:38,22450.0,2500.0,4634100.0
350,2021-10-08 07:19:36,22500.0,500.0,4631600.0
351,2021-10-08 07:19:35,22500.0,400.0,4631100.0
352,2021-10-08 07:19:35,22500.0,200.0,4630700.0
353,2021-10-08 07:19:33,22450.0,100.0,4630500.0
354,2021-10-08 07:19:33,22450.0,500.0,4630400.0
355,2021-10-08 07:19:33,22450.0,1000.0,4629900.0
356,2021-10-08 07:19:33,22450.0,100.0,4628900.0
357,2021-10-08 07:19:33,22450.0,500.0,4628800.0
358,2021-10-08 07:19:33,22450.0,300.0,4628300.0
359,2021-10-08 07:19:33,22450.0,300.0,4628000.0
360,2021-10-08 07:19:33,22450.0,200.0,4627700.0
361,2021-10-08 07:19:33,22450.0,200.0,4627500.0
362,2021-10-08 07:19:33,22450.0,300.0,4627300.0
363,2021-10-08 07:19:33,22450.0,100.0,4627000.0
364,2021-10-08 07:19:33,22450.0,3600.0,4626900.0
365,2021-10-08 07:19:33,22450.0,500.0,4623300.0
366,2021-10-08 07:19:33,22450.0,2300.0,4622800.0
367,2021-10-08 07:19:32,22500.0,600.0,4620500.0
368,2021-10-08 07:19:31,22500.0,2000.0,4619900.0
369,2021-10-08 07:19:26,22500.0,700.0,4617900.0
370,2021-10-08 07:19:26,22500.0,10000.0,4617200.0
371,2021-10-08 07:19:23,22450.0,100.0,4607200.0
372,2021-10-08 07:19:22,22500.0,1000.0,4607100.0
373,2021-10-08 07:19:11,22450.0,1600.0,4606100.0
374,2021-10-08 07:19:11,22450.0,3400.0,4604500.0
375,2021-10-08 07:19:09,22500.0,1000.0,4601100.0
376,2021-10-08 07:19:07,22500.0,1000.0,4600100.0
377,2021-10-08 07:18:50,22500.0,100.0,4599100.0
378,2021-10-08 07:18:42,22450.0,100.0,4599000.0
379,2021-10-08 07:18:39,22450.0,100.0,4598900.0
380,2021-10-08 07:18:24,22500.0,100.0,4598800.0
381,2021-10-08 07:18:22,22500.0,100.0,4598700.0
382,2021-10-08 07:18:18,22500.0,1000.0,4598600.0
383,2021-10-08 07:18:15,22500.0,5000.0,4597600.0
384,2021-10-08 07:18:13,22500.0,100.0,4592600.0
385,2021-10-08 07:18:04,22500.0,1000.0,4592500.0
386,2021-10-08 07:17:51,22450.0,200.0,4591500.0
387,2021-10-08 07:17:51,22450.0,500.0,4591300.0
388,2021-10-08 07:17:44,22500.0,200.0,4590800.0
389,2021-10-08 07:17:29,22500.0,10000.0,4590600.0
390,2021-10-08 07:17:29,22500.0,3600.0,4580600.0
391,2021-10-08 07:17:25,22500.0,100.0,4577000.0
392,2021-10-08 07:17:10,22500.0,1000.0,4576900.0
393,2021-10-08 07:16:55,22500.0,3000.0,4575900.0
394,2021-10-08 07:16:52,22500.0,600.0,4572900.0
395,2021-10-08 07:16:41,22500.0,100.0,4572300.0
396,2021-10-08 07:16:31,22450.0,100.0,4572200.0
397,2021-10-08 07:16:13,22500.0,200.0,4572100.0
398,2021-10-08 07:16:04,22500.0,3000.0,4571900.0
399,2021-10-08 07:15:52,22500.0,100.0,4568900.0
400,2021-10-08 07:15:49,22450.0,400.0,4568800.0
401,2021-10-08 07:15:46,22500.0,100.0,4568400.0
402,2021-10-08 07:15:40,22500.0,5000.0,4568300.0
403,2021-10-08 07:15:36,22500.0,5000.0,4563300.0
404,2021-10-08 07:15:30,22500.0,300.0,4558300.0
405,2021-10-08 07:15:24,22450.0,2000.0,4558000.0
406,2021-10-08 07:15:22,22500.0,2500.0,4556000.0
407,2021-10-08 07:15:11,22450.0,200.0,4553500.0
408,2021-10-08 07:15:05,22500.0,100.0,4553300.0
409,2021-10-08 07:14:45,22450.0,500.0,4553200.0
410,2021-10-08 07:14:34,22450.0,8100.0,4552700.0
411,2021-10-08 07:14:34,22450.0,1000.0,4544600.0
412,2021-10-08 07:14:34,22450.0,900.0,4543600.0
413,2021-10-08 07:14:18,22450.0,300.0,4542700.0
414,2021-10-08 07:14:10,22450.0,100.0,4542400.0
415,2021-10-08 07:13:58,22450.0,200.0,4542300.0
416,2021-10-08 07:13:41,22450.0,300.0,4542100.0
417,2021-10-08 07:13:40,22450.0,100.0,4541800.0
418,2021-10-08 07:13:38,22450.0,100.0,4541700.0
419,2021-10-08 07:13:27,22450.0,1300.0,4541600.0
420,2021-10-08 07:13:27,22450.0,500.0,4540300.0
421,2021-10-08 07:13:27,22450.0,100.0,4539800.0
422,2021-10-08 07:13:27,22450.0,3100.0,4539700.0
423,2021-10-08 07:13:24,22450.0,400.0,4536600.0
424,2021-10-08 07:13:11,22400.0,100.0,4536200.0
425,2021-10-08 07:13:10,22400.0,200.0,4536100.0
426,2021-10-08 07:13:05,22400.0,200.0,4535900.0
427,2021-10-08 07:13:05,22400.0,100.0,4535700.0
428,2021-10-08 07:13:05,22400.0,200.0,4535600.0
429,2021-10-08 07:13:02,22400.0,100.0,4535400.0
430,2021-10-08 07:13:02,22400.0,500.0,4535300.0
431,2021-10-08 07:13:02,22400.0,400.0,4534800.0
432,2021-10-08 07:12:46,22450.0,1000.0,4534400.0
433,2021-10-08 07:12:13,22400.0,100.0,4533400.0
434,2021-10-08 07:11:58,22400.0,1300.0,4533300.0
435,2021-10-08 07:11:48,22400.0,1200.0,4532000.0
436,2021-10-08 07:11:48,22400.0,200.0,4530800.0
437,2021-10-08 07:11:48,22400.0,500.0,4530600.0
438,2021-10-08 07:11:48,22400.0,1000.0,4530100.0
439,2021-10-08 07:11:40,22450.0,500.0,4529100.0
440,2021-10-08 07:11:38,22400.0,100.0,4528600.0
441,2021-10-08 07:11:36,22450.0,400.0,4528500.0
442,2021-10-08 07:11:24,22450.0,500.0,4528100.0
443,2021-10-08 07:11:03,22450.0,2900.0,4527600.0
444,2021-10-08 07:11:01,22450.0,300.0,4524700.0
445,2021-10-08 07:11:00,22450.0,100.0,4524400.0
446,2021-10-08 07:11:00,22450.0,7000.0,4524300.0
447,2021-10-08 07:11:00,22450.0,1700.0,4517300.0
448,2021-10-08 07:11:00,22450.0,200.0,4515600.0
449,2021-10-08 07:11:00,22450.0,200.0,4515400.0
450,2021-10-08 07:11:00,22450.0,1000.0,4515200.0
451,2021-10-08 07:10:56,22500.0,1000.0,4514200.0
452,2021-10-08 07:10:53,22500.0,100.0,4513200.0
453,2021-10-08 07:10:50,22450.0,200.0,4513100.0
454,2021-10-08 07:10:50,22450.0,100.0,4512900.0
455,2021-10-08 07:10:50,22450.0,100.0,4512800.0
456,2021-10-08 07:10:49,22500.0,500.0,4512700.0
457,2021-10-08 07:10:48,22500.0,100.0,4512200.0
458,2021-10-08 07:10:43,22500.0,1000.0,4512100.0
459,2021-10-08 07:10:41,22500.0,5200.0,4511100.0
460,2021-10-08 07:10:41,22500.0,7000.0,4505900.0
461,2021-10-08 07:10:41,22500.0,100.0,4498900.0
462,2021-10-08 07:10:41,22500.0,1000.0,4498800.0
463,2021-10-08 07:10:41,22500.0,100.0,4497800.0
464,2021-10-08 07:10:41,22500.0,500.0,4497700.0
465,2021-10-08 07:10:41,22500.0,100.0,4497200.0
466,2021-10-08 07:10:41,22550.0,200.0,4497100.0
467,2021-10-08 07:10:33,22550.0,6400.0,4496900.0
468,2021-10-08 07:10:33,22550.0,3600.0,4490500.0
469,2021-10-08 07:10:32,22550.0,500.0,4486900.0
470,2021-10-08 07:10:18,22500.0,200.0,4486400.0
471,2021-10-08 07:10:18,22500.0,700.0,4486200.0
472,2021-10-08 07:10:09,22550.0,100.0,4485500.0
473,2021-10-08 07:09:49,22550.0,800.0,4485400.0
474,2021-10-08 07:09:49,22550.0,1200.0,4484600.0
475,2021-10-08 07:09:46,22550.0,300.0,4483400.0
476,2021-10-08 07:09:46,22500.0,300.0,4483100.0
477,2021-10-08 07:09:46,22500.0,300.0,4482800.0
478,2021-10-08 07:09:46,22500.0,200.0,4482500.0
479,2021-10-08 07:09:46,22500.0,200.0,4482300.0
480,2021-10-08 07:09:46,22500.0,8000.0,4482100.0
481,2021-10-08 07:09:46,22500.0,100.0,4474100.0
482,2021-10-08 07:09:46,22500.0,1000.0,4474000.0
483,2021-10-08 07:09:46,22500.0,100.0,4473000.0
484,2021-10-08 07:09:46,22500.0,300.0,4472900.0
485,2021-10-08 07:09:46,22500.0,100.0,4472600.0
486,2021-10-08 07:09:46,22500.0,5000.0,4472500.0
487,2021-10-08 07:09:46,22500.0,100.0,4467500.0
488,2021-10-08 07:09:46,22500.0,500.0,4467400.0
489,2021-10-08 07:09:46,22500.0,100.0,4466900.0
490,2021-10-08 07:09:46,22500.0,500.0,4466800.0
491,2021-10-08 07:09:46,22500.0,7600.0,4466300.0
492,2021-10-08 07:09:46,22500.0,100.0,4458700.0
493,2021-10-08 07:09:46,22500.0,300.0,4458600.0
494,2021-10-08 07:09:46,22500.0,6000.0,4458300.0
495,2021-10-08 07:09:46,22500.0,200.0,4452300.0
496,2021-10-08 07:09:46,22500.0,300.0,4452100.0
497,2021-10-08 07:09:46,22500.0,100.0,4451800.0
498,2021-10-08 07:09:46,22500.0,300.0,4451700.0
499,2021-10-08 07:09:46,22500.0,6000.0,4451400.0
500,2021-10-08 07:09:46,22500.0,200.0,4445400.0
501,2021-10-08 07:09:46,22500.0,200.0,4445200.0
502,2021-10-08 07:09:46,22500.0,500.0,4445000.0
503,2021-10-08 07:09:46,22500.0,1600.0,4444500.0
504,2021-10-08 07:09:46,22500.0,1000.0,4442900.0
505,2021-10-08 07:09:46,22500.0,1000.0,4441900.0
506,2021-10-08 07:09:46,22500.0,100.0,4440900.0
507,2021-10-08 07:09:46,22500.0,2200.0,4440800.0
508,2021-10-08 07:09:46,22500.0,100.0,4438600.0
509,2021-10-08 07:09:46,22500.0,300.0,4438500.0
510,2021-10-08 07:09:46,22500.0,5000.0,4438200.0
511,2021-10-08 07:09:46,22500.0,500.0,4433200.0
512,2021-10-08 07:09:46,22500.0,2200.0,4432700.0
513,2021-10-08 07:09:46,22500.0,100.0,4430500.0
514,2021-10-08 07:09:46,22500.0,200.0,4430400.0
515,2021-10-08 07:09:46,22500.0,100.0,4430200.0
516,2021-10-08 07:09:46,22500.0,3000.0,4430100.0
517,2021-10-08 07:09:46,22500.0,300.0,4427100.0
518,2021-10-08 07:09:46,22500.0,2000.0,4426800.0
519,2021-10-08 07:09:46,22500.0,2000.0,4424800.0
520,2021-10-08 07:09:46,22500.0,100.0,4422800.0
521,2021-10-08 07:09:46,22500.0,22000.0,4422700.0
522,2021-10-08 07:09:46,22500.0,1000.0,4400700.0
523,2021-10-08 07:09:46,22500.0,100.0,4399700.0
524,2021-10-08 07:09:46,22500.0,1500.0,4399600.0
525,2021-10-08 07:09:42,22550.0,500.0,4398100.0
526,2021-10-08 07:09:38,22550.0,700.0,4397600.0
527,2021-10-08 07:09:38,22550.0,100.0,4396900.0
528,2021-10-08 07:09:35,22550.0,200.0,4396800.0
529,2021-10-08 07:09:32,22550.0,300.0,4396600.0
530,2021-10-08 07:09:17,22550.0,500.0,4396300.0
531,2021-10-08 07:09:17,22550.0,1100.0,4395800.0
532,2021-10-08 07:09:13,22500.0,100.0,4394700.0
533,2021-10-08 07:09:12,22550.0,200.0,4394600.0
534,2021-10-08 07:09:02,22550.0,400.0,4394400.0
535,2021-10-08 07:09:02,22550.0,400.0,4394000.0
536,2021-10-08 07:09:02,22550.0,9200.0,4393600.0
537,2021-10-08 07:08:56,22550.0,500.0,4384400.0
538,2021-10-08 07:08:56,22550.0,200.0,4383900.0
539,2021-10-08 07:08:56,22550.0,500.0,4383700.0
540,2021-10-08 07:08:56,22550.0,4500.0,4383200.0
541,2021-10-08 07:08:56,22550.0,4300.0,4378700.0
542,2021-10-08 07:08:55,22550.0,500.0,4374400.0
543,2021-10-08 07:08:52,22550.0,100.0,4373900.0
544,2021-10-08 07:08:27,22550.0,100.0,4373800.0
545,2021-10-08 07:08:27,22550.0,200.0,4373700.0
546,2021-10-08 07:08:26,22550.0,1000.0,4373500.0
547,2021-10-08 07:08:26,22500.0,600.0,4372500.0
548,2021-10-08 07:08:25,22500.0,1300.0,4371900.0
549,2021-10-08 07:08:22,22550.0,100.0,4370600.0
550,2021-10-08 07:07:57,22550.0,100.0,4370500.0
551,2021-10-08 07:07:45,22550.0,400.0,4370400.0
552,2021-10-08 07:07:45,22550.0,200.0,4370000.0
553,2021-10-08 07:07:43,22550.0,200.0,4369800.0
554,2021-10-08 07:07:43,22550.0,500.0,4369600.0
555,2021-10-08 07:07:43,22550.0,100.0,4369100.0
556,2021-10-08 07:07:43,22550.0,400.0,4369000.0
557,2021-10-08 07:07:43,22550.0,200.0,4368600.0
558,2021-10-08 07:07:43,22550.0,100.0,4368400.0
559,2021-10-08 07:07:43,22550.0,100.0,4368300.0
560,2021-10-08 07:07:43,22550.0,300.0,4368200.0
561,2021-10-08 07:07:43,22550.0,100.0,4367900.0
562,2021-10-08 07:07:39,22550.0,2900.0,4367800.0
563,2021-10-08 07:07:39,22550.0,100.0,4364900.0
564,2021-10-08 07:07:39,22550.0,12000.0,4364800.0
565,2021-10-08 07:07:39,22550.0,100.0,4352800.0
566,2021-10-08 07:07:39,22550.0,100.0,4352700.0
567,2021-10-08 07:07:39,22550.0,400.0,4352600.0
568,2021-10-08 07:07:39,22550.0,300.0,4352200.0
569,2021-10-08 07:07:39,22550.0,500.0,4351900.0
570,2021-10-08 07:07:39,22550.0,200.0,4351400.0
571,2021-10-08 07:07:39,22550.0,100.0,4351200.0
572,2021-10-08 07:07:39,22550.0,3300.0,4351100.0
573,2021-10-08 07:07:36,22550.0,200.0,4347800.0
574,2021-10-08 07:07:29,22550.0,100.0,4347600.0
575,2021-10-08 07:07:20,22550.0,800.0,4347500.0
576,2021-10-08 07:07:19,22550.0,300.0,4346700.0
577,2021-10-08 07:07:14,22550.0,1700.0,4346400.0
578,2021-10-08 07:07:14,22550.0,300.0,4344700.0
579,2021-10-08 07:07:07,22550.0,900.0,4344400.0
580,2021-10-08 07:06:55,22550.0,6000.0,4343500.0
581,2021-10-08 07:06:51,22550.0,100.0,4337500.0
582,2021-10-08 07:06:50,22550.0,1000.0,4337400.0
583,2021-10-08 07:06:21,22550.0,100.0,4336400.0
584,2021-10-08 07:06:16,22550.0,500.0,4336300.0
585,2021-10-08 07:05:52,22550.0,1000.0,4335800.0
586,2021-10-08 07:05:49,22550.0,100.0,4334800.0
587,2021-10-08 07:05:49,22550.0,200.0,4334700.0
588,2021-10-08 07:05:49,22550.0,1000.0,4334500.0
589,2021-10-08 07:05:49,22550.0,700.0,4333500.0
590,2021-10-08 07:05:42,22550.0,1000.0,4332800.0
591,2021-10-08 07:05:40,22550.0,800.0,4331800.0
592,2021-10-08 07:05:38,22550.0,1500.0,4331000.0
593,2021-10-08 07:05:38,22550.0,200.0,4329500.0
594,2021-10-08 07:05:38,22550.0,100.0,4329300.0
595,2021-10-08 07:05:38,22550.0,200.0,4329200.0
596,2021-10-08 07:05:30,22550.0,300.0,4329000.0
597,2021-10-08 07:05:30,22550.0,700.0,4328700.0
598,2021-10-08 07:05:10,22550.0,200.0,4328000.0
599,2021-10-08 07:04:58,22550.0,1000.0,4327800.0
600,2021-10-08 07:04:48,22600.0,200.0,4326800.0
601,2021-10-08 07:04:33,22600.0,1000.0,4326600.0
602,2021-10-08 07:04:21,22600.0,100.0,4325600.0
603,2021-10-08 07:04:21,22600.0,300.0,4325500.0
604,2021-10-08 07:04:21,22600.0,500.0,4325200.0
605,2021-10-08 07:04:21,22600.0,500.0,4324700.0
606,2021-10-08 07:04:21,22600.0,500.0,4324200.0
607,2021-10-08 07:04:21,22600.0,200.0,4323700.0
608,2021-10-08 07:04:21,22600.0,1000.0,4323500.0
609,2021-10-08 07:04:21,22600.0,200.0,4322500.0
610,2021-10-08 07:04:18,22600.0,300.0,4322300.0
611,2021-10-08 07:04:18,22600.0,100.0,4322000.0
612,2021-10-08 07:04:18,22600.0,600.0,4321900.0
613,2021-10-08 07:04:15,22600.0,400.0,4321300.0
614,2021-10-08 07:04:15,22600.0,100.0,4320900.0
615,2021-10-08 07:04:15,22600.0,100.0,4320800.0
616,2021-10-08 07:04:15,22600.0,200.0,4320700.0
617,2021-10-08 07:04:15,22600.0,400.0,4320500.0
618,2021-10-08 07:04:15,22600.0,600.0,4320100.0
619,2021-10-08 07:04:15,22600.0,100.0,4319500.0
620,2021-10-08 07:04:15,22600.0,8100.0,4319400.0
621,2021-10-08 07:04:15,22600.0,200.0,4311300.0
622,2021-10-08 07:04:13,22600.0,2000.0,4311100.0
623,2021-10-08 07:04:10,22600.0,1000.0,4309100.0
624,2021-10-08 07:04:01,22600.0,200.0,4308100.0
625,2021-10-08 07:03:58,22600.0,500.0,4307900.0
626,2021-10-08 07:03:51,22600.0,7700.0,4307400.0
627,2021-10-08 07:03:51,22600.0,300.0,4299700.0
628,2021-10-08 07:03:51,22600.0,500.0,4299400.0
629,2021-10-08 07:03:51,22600.0,100.0,4298900.0
630,2021-10-08 07:03:51,22600.0,1400.0,4298800.0
631,2021-10-08 07:03:51,22600.0,1000.0,4297400.0
632,2021-10-08 07:03:49,22600.0,1000.0,4296400.0
633,2021-10-08 07:03:39,22600.0,5000.0,4295400.0
634,2021-10-08 07:03:32,22600.0,1000.0,4290400.0
635,2021-10-08 07:03:32,22600.0,500.0,4289400.0
636,2021-10-08 07:03:30,22600.0,100.0,4288900.0
637,2021-10-08 07:03:30,22600.0,400.0,4288800.0
638,2021-10-08 07:03:30,22600.0,300.0,4288400.0
639,2021-10-08 07:03:25,22600.0,5000.0,4288100.0
640,2021-10-08 07:03:10,22600.0,100.0,4283100.0
641,2021-10-08 07:03:00,22600.0,2800.0,4283000.0
642,2021-10-08 07:03:00,22600.0,200.0,4280200.0
643,2021-10-08 07:02:56,22600.0,100.0,4280000.0
644,2021-10-08 07:02:54,22600.0,200.0,4279900.0
645,2021-10-08 07:02:54,22600.0,800.0,4279700.0
646,2021-10-08 07:02:35,22600.0,100.0,4278900.0
647,2021-10-08 07:02:35,22600.0,1000.0,4278800.0
648,2021-10-08 07:02:35,22600.0,3900.0,4277800.0
649,2021-10-08 07:02:34,22600.0,300.0,4273900.0
650,2021-10-08 07:02:34,22600.0,300.0,4273600.0
651,2021-10-08 07:02:34,22600.0,400.0,4273300.0
652,2021-10-08 07:02:22,22600.0,1000.0,4272900.0
653,2021-10-08 07:02:15,22650.0,300.0,4271900.0
654,2021-10-08 07:02:11,22650.0,200.0,4271600.0
655,2021-10-08 07:02:11,22600.0,600.0,4271400.0
656,2021-10-08 07:02:11,22600.0,400.0,4270800.0
657,2021-10-08 07:02:07,22650.0,100.0,4270400.0
658,2021-10-08 07:01:53,22650.0,1200.0,4270300.0
659,2021-10-08 07:01:50,22650.0,300.0,4269100.0
660,2021-10-08 07:01:50,22650.0,500.0,4268800.0
661,2021-10-08 07:01:50,22650.0,100.0,4268300.0
662,2021-10-08 07:01:50,22650.0,500.0,4268200.0
663,2021-10-08 07:01:50,22650.0,500.0,4267700.0
664,2021-10-08 07:01:50,22650.0,4000.0,4267200.0
665,2021-10-08 07:01:50,22650.0,4600.0,4263200.0
666,2021-10-08 07:01:50,22650.0,1000.0,4258600.0
667,2021-10-08 07:01:50,22650.0,200.0,4257600.0
668,2021-10-08 07:01:50,22650.0,1000.0,4257400.0
669,2021-10-08 07:01:50,22650.0,100.0,4256400.0
670,2021-10-08 07:01:50,22650.0,1000.0,4256300.0
671,2021-10-08 07:01:50,22650.0,500.0,4255300.0
672,2021-10-08 07:01:50,22650.0,200.0,4254800.0
673,2021-10-08 07:01:02,22650.0,1000.0,4254600.0
674,2021-10-08 07:00:48,22700.0,600.0,4253600.0
675,2021-10-08 07:00:31,22650.0,3000.0,4253000.0
676,2021-10-08 07:00:30,22650.0,1000.0,4250000.0
677,2021-10-08 07:00:30,22650.0,100.0,4249000.0
678,2021-10-08 07:00:30,22650.0,2500.0,4248900.0
679,2021-10-08 07:00:30,22650.0,1000.0,4246400.0
680,2021-10-08 07:00:30,22650.0,18200.0,4245400.0
681,2021-10-08 07:00:26,22650.0,400.0,4227200.0
682,2021-10-08 07:00:14,22650.0,300.0,4226800.0
683,2021-10-08 07:00:03,22600.0,600.0,4226500.0
684,2021-10-08 07:00:03,22600.0,100.0,4225900.0
685,2021-10-08 07:00:03,22600.0,1000.0,4225800.0
686,2021-10-08 06:59:57,22650.0,100.0,4224800.0
687,2021-10-08 06:59:53,22650.0,500.0,4224700.0
688,2021-10-08 06:59:51,22650.0,500.0,4224200.0
689,2021-10-08 06:59:51,22650.0,20000.0,4223700.0
690,2021-10-08 06:59:51,22650.0,1000.0,4203700.0
691,2021-10-08 06:59:48,22650.0,400.0,4202700.0
692,2021-10-08 06:59:46,22650.0,1000.0,4202300.0
693,2021-10-08 06:59:45,22650.0,100.0,4201300.0
694,2021-10-08 06:59:43,22650.0,1800.0,4201200.0
695,2021-10-08 06:59:43,22650.0,200.0,4199400.0
696,2021-10-08 06:59:41,22650.0,1000.0,4199200.0
697,2021-10-08 06:59:26,22650.0,10000.0,4198200.0
698,2021-10-08 06:59:19,22650.0,100.0,4188200.0
699,2021-10-08 06:59:18,22650.0,800.0,4188100.0
700,2021-10-08 06:59:17,22650.0,600.0,4187300.0
701,2021-10-08 06:59:15,22650.0,100.0,4186700.0
702,2021-10-08 06:59:15,22650.0,200.0,4186600.0
703,2021-10-08 06:59:15,22650.0,1000.0,4186400.0
704,2021-10-08 06:59:15,22650.0,300.0,4185400.0
705,2021-10-08 06:59:15,22650.0,400.0,4185100.0
706,2021-10-08 06:59:15,22650.0,1000.0,4184700.0
707,2021-10-08 06:59:13,22700.0,400.0,4183700.0
708,2021-10-08 06:58:55,22650.0,600.0,4183300.0
709,2021-10-08 06:58:55,22650.0,1300.0,4182700.0
710,2021-10-08 06:58:48,22700.0,6000.0,4181400.0
711,2021-10-08 06:58:48,22700.0,500.0,4175400.0
712,2021-10-08 06:58:42,22700.0,500.0,4174900.0
713,2021-10-08 06:58:39,22700.0,900.0,4174400.0
714,2021-10-08 06:58:39,22700.0,2200.0,4173500.0
715,2021-10-08 06:58:39,22700.0,1000.0,4171300.0
716,2021-10-08 06:58:39,22700.0,100.0,4170300.0
717,2021-10-08 06:58:39,22700.0,300.0,4170200.0
718,2021-10-08 06:58:37,22750.0,2000.0,4169900.0
719,2021-10-08 06:58:35,22700.0,200.0,4167900.0
720,2021-10-08 06:58:35,22700.0,600.0,4167700.0
721,2021-10-08 06:58:32,22700.0,400.0,4167100.0
722,2021-10-08 06:58:32,22700.0,200.0,4166700.0
723,2021-10-08 06:58:32,22700.0,600.0,4166500.0
724,2021-10-08 06:58:32,22700.0,400.0,4165900.0
725,2021-10-08 06:58:32,22700.0,100.0,4165500.0
726,2021-10-08 06:58:32,22700.0,100.0,4165400.0
727,2021-10-08 06:58:32,22700.0,400.0,4165300.0
728,2021-10-08 06:58:27,22700.0,100.0,4164900.0
729,2021-10-08 06:58:27,22700.0,100.0,4164800.0
730,2021-10-08 06:58:26,22700.0,300.0,4164700.0
731,2021-10-08 06:58:26,22700.0,2000.0,4164400.0
732,2021-10-08 06:58:26,22700.0,500.0,4162400.0
733,2021-10-08 06:58:26,22700.0,10000.0,4161900.0
734,2021-10-08 06:58:26,22700.0,2000.0,4151900.0
735,2021-10-08 06:58:26,22700.0,100.0,4149900.0
736,2021-10-08 06:58:26,22700.0,100.0,4149800.0
737,2021-10-08 06:58:26,22700.0,2000.0,4149700.0
738,2021-10-08 06:58:26,22700.0,3000.0,4147700.0
739,2021-10-08 06:58:26,22700.0,1000.0,4144700.0
740,2021-10-08 06:58:05,22700.0,1700.0,4143700.0
741,2021-10-08 06:58:04,22700.0,800.0,4142000.0
742,2021-10-08 06:58:01,22700.0,200.0,4141200.0
743,2021-10-08 06:57:37,22700.0,1000.0,4141000.0
744,2021-10-08 06:57:24,22700.0,200.0,4140000.0
745,2021-10-08 06:57:24,22700.0,2100.0,4139800.0
746,2021-10-08 06:57:24,22700.0,200.0,4137700.0
747,2021-10-08 06:57:23,22700.0,200.0,4137500.0
748,2021-10-08 06:57:23,22700.0,300.0,4137300.0
749,2021-10-08 06:57:23,22700.0,200.0,4137000.0
750,2021-10-08 06:57:23,22700.0,400.0,4136800.0
751,2021-10-08 06:57:23,22700.0,900.0,4136400.0
752,2021-10-08 06:57:21,22700.0,100.0,4135500.0
753,2021-10-08 06:57:21,22700.0,1000.0,4135400.0
754,2021-10-08 06:57:21,22700.0,100.0,4134400.0
755,2021-10-08 06:57:21,22700.0,900.0,4134300.0
756,2021-10-08 06:57:19,22700.0,8100.0,4133400.0
757,2021-10-08 06:57:18,22700.0,1000.0,4125300.0
758,2021-10-08 06:57:16,22700.0,500.0,4124300.0
759,2021-10-08 06:57:15,22700.0,1000.0,4123800.0
760,2021-10-08 06:57:12,22700.0,100.0,4122800.0
761,2021-10-08 06:56:56,22700.0,100.0,4122700.0
762,2021-10-08 06:56:56,22650.0,1000.0,4122600.0
763,2021-10-08 06:56:55,22650.0,700.0,4121600.0
764,2021-10-08 06:56:55,22650.0,300.0,4120900.0
765,2021-10-08 06:56:51,22650.0,400.0,4120600.0
766,2021-10-08 06:56:51,22650.0,500.0,4120200.0
767,2021-10-08 06:56:51,22650.0,100.0,4119700.0
768,2021-10-08 06:56:51,22650.0,700.0,4119600.0
769,2021-10-08 06:56:51,22650.0,300.0,4118900.0
770,2021-10-08 06:56:51,22650.0,1100.0,4118600.0
771,2021-10-08 06:56:51,22650.0,300.0,4117500.0
772,2021-10-08 06:56:51,22650.0,600.0,4117200.0
773,2021-10-08 06:56:48,22700.0,500.0,4116600.0
774,2021-10-08 06:56:39,22650.0,400.0,4116100.0
775,2021-10-08 06:56:39,22650.0,600.0,4115700.0
776,2021-10-08 06:56:18,22650.0,400.0,4115100.0
777,2021-10-08 06:56:18,22650.0,100.0,4114700.0
778,2021-10-08 06:56:16,22700.0,300.0,4114600.0
779,2021-10-08 06:56:16,22700.0,1000.0,4114300.0
780,2021-10-08 06:56:15,22650.0,900.0,4113300.0
781,2021-10-08 06:56:15,22650.0,500.0,4112400.0
782,2021-10-08 06:56:15,22650.0,100.0,4111900.0
783,2021-10-08 06:56:15,22650.0,1400.0,4111800.0
784,2021-10-08 06:56:15,22650.0,900.0,4110400.0
785,2021-10-08 06:56:15,22650.0,100.0,4109500.0
786,2021-10-08 06:56:15,22650.0,1000.0,4109400.0
787,2021-10-08 06:56:15,22650.0,100.0,4108400.0
788,2021-10-08 06:56:04,22650.0,200.0,4108300.0
789,2021-10-08 06:56:02,22700.0,300.0,4108100.0
790,2021-10-08 06:55:59,22700.0,5000.0,4107800.0
791,2021-10-08 06:55:59,22700.0,2000.0,4102800.0
792,2021-10-08 06:55:58,22700.0,200.0,4100800.0
793,2021-10-08 06:55:58,22700.0,200.0,4100600.0
794,2021-10-08 06:55:55,22700.0,400.0,4100400.0
795,2021-10-08 06:55:54,22700.0,200.0,4100000.0
796,2021-10-08 06:55:50,22700.0,100.0,4099800.0
797,2021-10-08 06:55:48,22700.0,200.0,4099700.0
798,2021-10-08 06:55:47,22700.0,1000.0,4099500.0
799,2021-10-08 06:55:44,22700.0,100.0,4098500.0
800,2021-10-08 06:55:43,22700.0,600.0,4098400.0
801,2021-10-08 06:55:42,22700.0,100.0,4097800.0
802,2021-10-08 06:55:40,22700.0,500.0,4097700.0
803,2021-10-08 06:55:39,22700.0,4300.0,4097200.0
804,2021-10-08 06:55:33,22700.0,1800.0,4092900.0
805,2021-10-08 06:55:33,22700.0,2000.0,4091100.0
806,2021-10-08 06:55:33,22700.0,1000.0,4089100.0
807,2021-10-08 06:55:33,22700.0,300.0,4088100.0
808,2021-10-08 06:55:33,22700.0,700.0,4087800.0
809,2021-10-08 06:55:33,22700.0,200.0,4087100.0
810,2021-10-08 06:55:33,22700.0,3000.0,4086900.0
811,2021-10-08 06:55:26,22650.0,300.0,4083900.0
812,2021-10-08 06:55:20,22600.0,200.0,4083600.0
813,2021-10-08 06:55:20,22600.0,800.0,4083400.0
814,2021-10-08 06:55:20,22600.0,200.0,4082600.0
815,2021-10-08 06:55:20,22600.0,1200.0,4082400.0
816,2021-10-08 06:55:20,22600.0,300.0,4081200.0
817,2021-10-08 06:55:20,22600.0,100.0,4080900.0
818,2021-10-08 06:55:20,22600.0,900.0,4080800.0
819,2021-10-08 06:55:19,22600.0,100.0,4079900.0
820,2021-10-08 06:55:19,22600.0,400.0,4079800.0
821,2021-10-08 06:55:17,22600.0,100.0,4079400.0
822,2021-10-08 06:55:17,22600.0,500.0,4079300.0
823,2021-10-08 06:55:17,22600.0,1000.0,4078800.0
824,2021-10-08 06:55:17,22600.0,1000.0,4077800.0
825,2021-10-08 06:55:17,22600.0,5500.0,4076800.0
826,2021-10-08 06:55:14,22550.0,100.0,4071300.0
827,2021-10-08 06:55:14,22550.0,100.0,4071200.0
828,2021-10-08 06:55:13,22600.0,200.0,4071100.0
829,2021-10-08 06:55:05,22600.0,1100.0,4070900.0
830,2021-10-08 06:55:03,22600.0,100.0,4069800.0
831,2021-10-08 06:54:56,22600.0,5000.0,4069700.0
832,2021-10-08 06:54:54,22600.0,3500.0,4064700.0
833,2021-10-08 06:54:54,22550.0,500.0,4061200.0
834,2021-10-08 06:54:54,22600.0,1000.0,4060700.0
835,2021-10-08 06:54:51,22600.0,100.0,4059700.0
836,2021-10-08 06:54:51,22600.0,1300.0,4059600.0
837,2021-10-08 06:54:51,22600.0,600.0,4058300.0
838,2021-10-08 06:54:51,22600.0,1300.0,4057700.0
839,2021-10-08 06:54:50,22600.0,700.0,4056400.0
840,2021-10-08 06:54:50,22600.0,200.0,4055700.0
841,2021-10-08 06:54:50,22600.0,400.0,4055500.0
842,2021-10-08 06:54:45,22600.0,1400.0,4055100.0
843,2021-10-08 06:54:45,22600.0,200.0,4053700.0
844,2021-10-08 06:54:40,22600.0,500.0,4053500.0
845,2021-10-08 06:54:37,22600.0,300.0,4053000.0
846,2021-10-08 06:54:35,22550.0,500.0,4052700.0
847,2021-10-08 06:54:30,22550.0,500.0,4052200.0
848,2021-10-08 06:54:23,22600.0,3000.0,4051700.0
849,2021-10-08 06:54:22,22600.0,200.0,4048700.0
850,2021-10-08 06:54:18,22550.0,1900.0,4048500.0
851,2021-10-08 06:54:17,22550.0,500.0,4046600.0
852,2021-10-08 06:54:09,22550.0,500.0,4046100.0
853,2021-10-08 06:54:02,22600.0,1000.0,4045600.0
854,2021-10-08 06:53:57,22500.0,3000.0,4044600.0
855,2021-10-08 06:53:53,22600.0,1200.0,4041600.0
856,2021-10-08 06:53:51,22600.0,600.0,4040400.0
857,2021-10-08 06:53:43,22600.0,2000.0,4039800.0
858,2021-10-08 06:53:40,22500.0,600.0,4037800.0
859,2021-10-08 06:53:40,22500.0,100.0,4037200.0
860,2021-10-08 06:53:40,22500.0,300.0,4037100.0
861,2021-10-08 06:53:38,22500.0,200.0,4036800.0
862,2021-10-08 06:53:33,22500.0,500.0,4036600.0
863,2021-10-08 06:53:32,22500.0,200.0,4036100.0
864,2021-10-08 06:53:32,22500.0,600.0,4035900.0
865,2021-10-08 06:53:32,22500.0,200.0,4035300.0
866,2021-10-08 06:53:31,22500.0,200.0,4035100.0
867,2021-10-08 06:53:28,22500.0,200.0,4034900.0
868,2021-10-08 06:53:24,22600.0,200.0,4034700.0
869,2021-10-08 06:53:24,22600.0,700.0,4034500.0
870,2021-10-08 06:53:24,22600.0,100.0,4033800.0
871,2021-10-08 06:53:24,22600.0,1200.0,4033700.0
872,2021-10-08 06:53:21,22500.0,400.0,4032500.0
873,2021-10-08 06:53:21,22500.0,2000.0,4032100.0
874,2021-10-08 06:53:21,22500.0,100.0,4030100.0
875,2021-10-08 06:53:21,22500.0,100.0,4030000.0
876,2021-10-08 06:53:21,22550.0,1000.0,4029900.0
877,2021-10-08 06:53:21,22550.0,1400.0,4028900.0
878,2021-10-08 06:53:19,22600.0,100.0,4027500.0
879,2021-10-08 06:53:19,22550.0,3000.0,4027400.0
880,2021-10-08 06:53:16,22550.0,600.0,4024400.0
881,2021-10-08 06:53:15,22550.0,100.0,4023800.0
882,2021-10-08 06:53:15,22600.0,700.0,4023700.0
883,2021-10-08 06:53:15,22600.0,200.0,4023000.0
884,2021-10-08 06:53:14,22600.0,800.0,4022800.0
885,2021-10-08 06:53:13,22600.0,200.0,4022000.0
886,2021-10-08 06:53:12,22600.0,3800.0,4021800.0
887,2021-10-08 06:53:12,22600.0,2200.0,4018000.0
888,2021-10-08 06:53:12,22600.0,100.0,4015800.0
889,2021-10-08 06:53:05,22600.0,100.0,4015700.0
890,2021-10-08 06:53:05,22600.0,100.0,4015600.0
891,2021-10-08 06:53:05,22600.0,2000.0,4015500.0
892,2021-10-08 06:53:05,22600.0,100.0,4013500.0
893,2021-10-08 06:53:05,22600.0,400.0,4013400.0
894,2021-10-08 06:53:04,22600.0,200.0,4013000.0
895,2021-10-08 06:53:04,22600.0,200.0,4012800.0
896,2021-10-08 06:53:04,22600.0,200.0,4012600.0
897,2021-10-08 06:53:04,22600.0,4400.0,4012400.0
898,2021-10-08 06:52:59,22600.0,2100.0,4008000.0
899,2021-10-08 06:52:59,22700.0,200.0,4005900.0
900,2021-10-08 06:52:57,22600.0,200.0,4005700.0
901,2021-10-08 06:52:57,22700.0,500.0,4005500.0
902,2021-10-08 06:52:55,22700.0,500.0,4005000.0
903,2021-10-08 06:52:52,22600.0,3300.0,4004500.0
904,2021-10-08 06:52:52,22600.0,300.0,4001200.0
905,2021-10-08 06:52:52,22650.0,400.0,4000900.0
906,2021-10-08 06:52:50,22700.0,100.0,4000500.0
907,2021-10-08 06:52:50,22700.0,200.0,4000400.0
908,2021-10-08 06:52:50,22700.0,1200.0,4000200.0
909,2021-10-08 06:52:49,22700.0,400.0,3999000.0
910,2021-10-08 06:52:48,22750.0,1000.0,3998600.0
911,2021-10-08 06:52:48,22750.0,800.0,3997600.0
912,2021-10-08 06:52:46,22700.0,500.0,3996800.0
913,2021-10-08 06:52:46,22700.0,3900.0,3996300.0
914,2021-10-08 06:52:45,22700.0,900.0,3992400.0
915,2021-10-08 06:52:42,22700.0,20000.0,3991500.0
916,2021-10-08 06:52:42,22700.0,1000.0,3971500.0
917,2021-10-08 06:52:40,22700.0,200.0,3970500.0
918,2021-10-08 06:52:37,22700.0,100.0,3970300.0
919,2021-10-08 06:52:37,22700.0,500.0,3970200.0
920,2021-10-08 06:52:35,22700.0,1300.0,3969700.0
921,2021-10-08 06:52:35,22700.0,100.0,3968400.0
922,2021-10-08 06:52:35,22700.0,600.0,3968300.0
923,2021-10-08 06:52:35,22700.0,900.0,3967700.0
924,2021-10-08 06:52:35,22700.0,100.0,3966800.0
925,2021-10-08 06:52:34,22750.0,400.0,3966700.0
926,2021-10-08 06:52:30,22700.0,700.0,3966300.0
927,2021-10-08 06:52:30,22750.0,100.0,3965600.0
928,2021-10-08 06:52:30,22750.0,100.0,3965500.0
929,2021-10-08 06:52:30,22750.0,4100.0,3965400.0
930,2021-10-08 06:52:30,22750.0,3000.0,3961300.0
931,2021-10-08 06:52:28,22750.0,3300.0,3958300.0
932,2021-10-08 06:52:27,22750.0,1500.0,3955000.0
933,2021-10-08 06:52:23,22750.0,200.0,3953500.0
934,2021-10-08 06:52:21,22750.0,400.0,3953300.0
935,2021-10-08 06:52:16,22800.0,200.0,3952900.0
936,2021-10-08 06:52:15,22800.0,200.0,3952700.0
937,2021-10-08 06:52:11,22800.0,200.0,3952500.0
938,2021-10-08 06:52:11,22800.0,100.0,3952300.0
939,2021-10-08 06:52:11,22800.0,100.0,3952200.0
940,2021-10-08 06:52:11,22800.0,500.0,3952100.0
941,2021-10-08 06:52:11,22800.0,1000.0,3951600.0
942,2021-10-08 06:52:11,22800.0,700.0,3950600.0
943,2021-10-08 06:52:10,22800.0,300.0,3949900.0
944,2021-10-08 06:52:10,22800.0,700.0,3949600.0
945,2021-10-08 06:52:09,22800.0,300.0,3948900.0
946,2021-10-08 06:52:09,22800.0,700.0,3948600.0
947,2021-10-08 06:52:08,22800.0,300.0,3947900.0
948,2021-10-08 06:52:08,22800.0,100.0,3947600.0
949,2021-10-08 06:52:08,22800.0,100.0,3947500.0
950,2021-10-08 06:52:03,22800.0,100.0,3947400.0
951,2021-10-08 06:52:02,22800.0,600.0,3947300.0
952,2021-10-08 06:52:02,22800.0,200.0,3946700.0
953,2021-10-08 06:52:02,22800.0,4800.0,3946500.0
954,2021-10-08 06:51:55,22850.0,1400.0,3941700.0
955,2021-10-08 06:51:55,22800.0,1100.0,3940300.0
956,2021-10-08 06:51:51,22850.0,1300.0,3939200.0
957,2021-10-08 06:51:50,22800.0,4100.0,3937900.0
958,2021-10-08 06:51:50,22850.0,100.0,3933800.0
959,2021-10-08 06:51:50,22850.0,500.0,3933700.0
960,2021-10-08 06:51:50,22850.0,100.0,3933200.0
961,2021-10-08 06:51:50,22850.0,200.0,3933100.0
962,2021-10-08 06:51:50,22850.0,800.0,3932900.0
963,2021-10-08 06:51:50,22850.0,100.0,3932100.0
964,2021-10-08 06:51:50,22850.0,400.0,3932000.0
965,2021-10-08 06:51:50,22850.0,500.0,3931600.0
966,2021-10-08 06:51:50,22850.0,100.0,3931100.0
967,2021-10-08 06:51:50,22850.0,1000.0,3931000.0
968,2021-10-08 06:51:50,22850.0,200.0,3930000.0
969,2021-10-08 06:51:50,22850.0,1900.0,3929800.0
970,2021-10-08 06:51:49,22850.0,100.0,3927900.0
971,2021-10-08 06:51:48,22850.0,2000.0,3927800.0
972,2021-10-08 06:51:47,22850.0,1000.0,3925800.0
973,2021-10-08 06:51:47,22850.0,1000.0,3924800.0
974,2021-10-08 06:51:47,22850.0,500.0,3923800.0
975,2021-10-08 06:51:46,22900.0,600.0,3923300.0
976,2021-10-08 06:51:46,22900.0,1400.0,3922700.0
977,2021-10-08 06:51:45,22850.0,200.0,3921300.0
978,2021-10-08 06:51:43,22850.0,5000.0,3921100.0
979,2021-10-08 06:51:41,22850.0,200.0,3916100.0
980,2021-10-08 06:51:38,22850.0,100.0,3915900.0
981,2021-10-08 06:51:33,22850.0,1000.0,3915800.0
982,2021-10-08 06:51:28,22850.0,10000.0,3914800.0
983,2021-10-08 06:51:26,22900.0,1000.0,3904800.0
984,2021-10-08 06:51:26,22900.0,800.0,3903800.0
985,2021-10-08 06:51:26,22900.0,900.0,3903000.0
986,2021-10-08 06:51:26,22900.0,900.0,3902100.0
987,2021-10-08 06:51:25,22900.0,2900.0,3901200.0
988,2021-10-08 06:51:25,22900.0,100.0,3898300.0
989,2021-10-08 06:51:25,22900.0,100.0,3898200.0
990,2021-10-08 06:51:25,22900.0,1700.0,3898100.0
991,2021-10-08 06:51:25,22900.0,100.0,3896400.0
992,2021-10-08 06:51:25,22900.0,100.0,3896300.0
993,2021-10-08 06:51:25,22900.0,1100.0,3896200.0
994,2021-10-08 06:51:25,22900.0,500.0,3895100.0
995,2021-10-08 06:51:25,22900.0,500.0,3894600.0
996,2021-10-08 06:51:25,22900.0,2900.0,3894100.0
997,2021-10-08 06:51:24,22950.0,500.0,3891200.0
998,2021-10-08 06:51:16,22950.0,600.0,3890700.0
999,2021-10-08 06:51:16,22950.0,3300.0,3890100.0
1000,2021-10-08 06:51:16,22900.0,100.0,3886800.0
1001,2021-10-08 06:51:13,22950.0,5000.0,3886700.0
1002,2021-10-08 06:51:10,22950.0,100.0,3881700.0
1003,2021-10-08 06:51:09,22900.0,1600.0,3881600.0
1004,2021-10-08 06:51:09,22900.0,100.0,3880000.0
1005,2021-10-08 06:51:09,22900.0,1900.0,3879900.0
1006,2021-10-08 06:51:07,22900.0,600.0,3878000.0
1007,2021-10-08 06:51:07,22900.0,1100.0,3877400.0
1008,2021-10-08 06:51:06,22900.0,1000.0,3876300.0
1009,2021-10-08 06:51:01,22900.0,1500.0,3875300.0
1010,2021-10-08 06:50:57,22900.0,1000.0,3873800.0
1011,2021-10-08 06:50:54,22950.0,3100.0,3872800.0
1012,2021-10-08 06:50:54,22950.0,900.0,3869700.0
1013,2021-10-08 06:50:52,22950.0,500.0,3868800.0
1014,2021-10-08 06:50:52,22950.0,100.0,3868300.0
1015,2021-10-08 06:50:50,22950.0,500.0,3868200.0
1016,2021-10-08 06:50:50,22950.0,1600.0,3867700.0
1017,2021-10-08 06:50:50,22950.0,300.0,3866100.0
1018,2021-10-08 06:50:49,22950.0,1700.0,3865800.0
1019,2021-10-08 06:50:49,22950.0,1000.0,3864100.0
1020,2021-10-08 06:50:49,22950.0,2300.0,3863100.0
1021,2021-10-08 06:50:44,22950.0,200.0,3860800.0
1022,2021-10-08 06:50:44,22950.0,1000.0,3860600.0
1023,2021-10-08 06:50:44,22950.0,100.0,3859600.0
1024,2021-10-08 06:50:44,22950.0,1000.0,3859500.0
1025,2021-10-08 06:50:44,22950.0,200.0,3858500.0
1026,2021-10-08 06:50:44,22950.0,1400.0,3858300.0
1027,2021-10-08 06:50:44,22950.0,5000.0,3856900.0
1028,2021-10-08 06:50:44,22950.0,1000.0,3851900.0
1029,2021-10-08 06:50:40,22950.0,300.0,3850900.0
1030,2021-10-08 06:50:40,22950.0,1500.0,3850600.0
1031,2021-10-08 06:50:40,22950.0,200.0,3849100.0
1032,2021-10-08 06:50:39,22950.0,200.0,3848900.0
1033,2021-10-08 06:50:37,22950.0,1500.0,3848700.0
1034,2021-10-08 06:50:37,22950.0,100.0,3847200.0
1035,2021-10-08 06:50:37,22950.0,1400.0,3847100.0
1036,2021-10-08 06:50:26,22950.0,400.0,3845700.0
1037,2021-10-08 06:50:25,22950.0,2000.0,3845300.0
1038,2021-10-08 06:50:24,22950.0,600.0,3843300.0
1039,2021-10-08 06:50:23,23000.0,400.0,3842700.0
1040,2021-10-08 06:50:23,23000.0,600.0,3842300.0
1041,2021-10-08 06:50:21,23000.0,100.0,3841700.0
1042,2021-10-08 06:50:21,22950.0,100.0,3841600.0
1043,2021-10-08 06:50:20,22950.0,500.0,3841500.0
1044,2021-10-08 06:50:20,22950.0,1200.0,3841000.0
1045,2021-10-08 06:50:20,22950.0,100.0,3839800.0
1046,2021-10-08 06:50:20,22950.0,400.0,3839700.0
1047,2021-10-08 06:50:20,22950.0,100.0,3839300.0
1048,2021-10-08 06:50:20,22950.0,100.0,3839200.0
1049,2021-10-08 06:50:20,22950.0,1000.0,3839100.0
1050,2021-10-08 06:50:20,22950.0,300.0,3838100.0
1051,2021-10-08 06:50:20,22950.0,100.0,3837800.0
1052,2021-10-08 06:50:20,22950.0,400.0,3837700.0
1053,2021-10-08 06:50:20,22950.0,1000.0,3837300.0
1054,2021-10-08 06:50:20,22950.0,100.0,3836300.0
1055,2021-10-08 06:50:20,22950.0,300.0,3836200.0
1056,2021-10-08 06:50:20,22950.0,2000.0,3835900.0
1057,2021-10-08 06:50:20,22950.0,100.0,3833900.0
1058,2021-10-08 06:50:20,22950.0,500.0,3833800.0
1059,2021-10-08 06:50:20,22950.0,100.0,3833300.0
1060,2021-10-08 06:50:20,22950.0,500.0,3833200.0
1061,2021-10-08 06:50:20,22950.0,500.0,3832700.0
1062,2021-10-08 06:50:20,22950.0,200.0,3832200.0
1063,2021-10-08 06:50:20,22950.0,500.0,3832000.0
1064,2021-10-08 06:50:18,22950.0,100.0,3831500.0
1065,2021-10-08 06:50:08,22950.0,100.0,3831400.0
1066,2021-10-08 06:50:08,22950.0,200.0,3831300.0
1067,2021-10-08 06:49:57,22950.0,1500.0,3831100.0
1068,2021-10-08 06:49:56,22950.0,1000.0,3829600.0
1069,2021-10-08 06:49:55,23000.0,100.0,3828600.0
1070,2021-10-08 06:49:55,23000.0,200.0,3828500.0
1071,2021-10-08 06:49:55,23000.0,100.0,3828300.0
1072,2021-10-08 06:49:55,23000.0,100.0,3828200.0
1073,2021-10-08 06:49:55,23000.0,100.0,3828100.0
1074,2021-10-08 06:49:55,23000.0,200.0,3828000.0
1075,2021-10-08 06:49:55,23000.0,2000.0,3827800.0
1076,2021-10-08 06:49:53,23000.0,100.0,3825800.0
1077,2021-10-08 06:49:50,23000.0,100.0,3825700.0
1078,2021-10-08 06:49:48,23000.0,800.0,3825600.0
1079,2021-10-08 06:49:48,23000.0,100.0,3824800.0
1080,2021-10-08 06:49:48,23000.0,500.0,3824700.0
1081,2021-10-08 06:49:48,23000.0,600.0,3824200.0
1082,2021-10-08 06:49:46,23000.0,1000.0,3823600.0
1083,2021-10-08 06:49:46,23000.0,100.0,3822600.0
1084,2021-10-08 06:49:45,23000.0,300.0,3822500.0
1085,2021-10-08 06:49:45,23000.0,300.0,3822200.0
1086,2021-10-08 06:49:45,23000.0,500.0,3821900.0
1087,2021-10-08 06:49:45,23000.0,800.0,3821400.0
1088,2021-10-08 06:49:45,23000.0,8100.0,3820600.0
1089,2021-10-08 06:49:42,23000.0,200.0,3812500.0
1090,2021-10-08 06:49:41,23000.0,200.0,3812300.0
1091,2021-10-08 06:49:41,22950.0,1000.0,3812100.0
1092,2021-10-08 06:49:41,23000.0,7200.0,3811100.0
1093,2021-10-08 06:49:32,23000.0,100.0,3803900.0
1094,2021-10-08 06:49:30,23000.0,4300.0,3803800.0
1095,2021-10-08 06:49:30,23000.0,100.0,3799500.0
1096,2021-10-08 06:49:30,23000.0,100.0,3799400.0
1097,2021-10-08 06:49:30,23000.0,1000.0,3799300.0
1098,2021-10-08 06:49:30,23000.0,300.0,3798300.0
1099,2021-10-08 06:49:30,23000.0,100.0,3798000.0
1100,2021-10-08 06:49:30,23000.0,100.0,3797900.0
1101,2021-10-08 06:49:30,23000.0,100.0,3797800.0
1102,2021-10-08 06:49:30,23000.0,1000.0,3797700.0
1103,2021-10-08 06:49:30,23000.0,400.0,3796700.0
1104,2021-10-08 06:49:30,23000.0,1000.0,3796300.0
1105,2021-10-08 06:49:30,23000.0,10000.0,3795300.0
1106,2021-10-08 06:49:30,23000.0,100.0,3785300.0
1107,2021-10-08 06:49:30,23000.0,1100.0,3785200.0
1108,2021-10-08 06:49:30,23000.0,5400.0,3784100.0
1109,2021-10-08 06:49:30,22950.0,400.0,3778700.0
1110,2021-10-08 06:49:30,22950.0,100.0,3778300.0
1111,2021-10-08 06:49:30,22950.0,900.0,3778200.0
1112,2021-10-08 06:49:30,22950.0,600.0,3777300.0
1113,2021-10-08 06:49:29,23000.0,500.0,3776700.0
1114,2021-10-08 06:49:29,23000.0,1000.0,3776200.0
1115,2021-10-08 06:49:29,23000.0,200.0,3775200.0
1116,2021-10-08 06:49:29,23000.0,1000.0,3775000.0
1117,2021-10-08 06:49:29,23000.0,300.0,3774000.0
1118,2021-10-08 06:49:29,23000.0,700.0,3773700.0
1119,2021-10-08 06:49:29,23000.0,100.0,3773000.0
1120,2021-10-08 06:49:29,23000.0,200.0,3772900.0
1121,2021-10-08 06:49:29,23000.0,1500.0,3772700.0
1122,2021-10-08 06:49:29,23000.0,1000.0,3771200.0
1123,2021-10-08 06:49:29,23000.0,1500.0,3770200.0
1124,2021-10-08 06:49:28,23000.0,600.0,3768700.0
1125,2021-10-08 06:49:26,22950.0,100.0,3768100.0
1126,2021-10-08 06:49:26,23000.0,700.0,3768000.0
1127,2021-10-08 06:49:26,23000.0,100.0,3767300.0
1128,2021-10-08 06:49:26,23000.0,300.0,3767200.0
1129,2021-10-08 06:49:26,23000.0,200.0,3766900.0
1130,2021-10-08 06:49:26,23000.0,1000.0,3766700.0
1131,2021-10-08 06:49:26,23000.0,200.0,3765700.0
1132,2021-10-08 06:49:25,23000.0,300.0,3765500.0
1133,2021-10-08 06:49:25,23000.0,1000.0,3765200.0
1134,2021-10-08 06:49:25,23000.0,1000.0,3764200.0
1135,2021-10-08 06:49:25,23000.0,700.0,3763200.0
1136,2021-10-08 06:49:25,22950.0,500.0,3762500.0
1137,2021-10-08 06:49:25,23000.0,1300.0,3762000.0
1138,2021-10-08 06:49:25,23000.0,100.0,3760700.0
1139,2021-10-08 06:49:25,23000.0,400.0,3760600.0
1140,2021-10-08 06:49:23,23000.0,500.0,3760200.0
1141,2021-10-08 06:49:22,22950.0,1000.0,3759700.0
1142,2021-10-08 06:49:20,23000.0,100.0,3758700.0
1143,2021-10-08 06:49:20,23000.0,1100.0,3758600.0
1144,2021-10-08 06:49:20,23000.0,500.0,3757500.0
1145,2021-10-08 06:49:20,23000.0,100.0,3757000.0
1146,2021-10-08 06:49:20,23000.0,1000.0,3756900.0
1147,2021-10-08 06:49:20,23000.0,100.0,3755900.0
1148,2021-10-08 06:49:20,23000.0,400.0,3755800.0
1149,2021-10-08 06:49:20,23000.0,500.0,3755400.0
1150,2021-10-08 06:49:20,23000.0,1100.0,3754900.0
1151,2021-10-08 06:49:17,22950.0,13500.0,3753800.0
1152,2021-10-08 06:49:15,23000.0,1000.0,3740300.0
1153,2021-10-08 06:49:14,23000.0,400.0,3739300.0
1154,2021-10-08 06:49:14,23000.0,500.0,3738900.0
1155,2021-10-08 06:49:14,23000.0,100.0,3738400.0
1156,2021-10-08 06:49:14,22950.0,20000.0,3738300.0
1157,2021-10-08 06:49:12,23000.0,200.0,3718300.0
1158,2021-10-08 06:49:12,23000.0,900.0,3718100.0
1159,2021-10-08 06:49:12,23000.0,100.0,3717200.0
1160,2021-10-08 06:49:12,23000.0,800.0,3717100.0
1161,2021-10-08 06:49:12,23000.0,1000.0,3716300.0
1162,2021-10-08 06:49:12,23000.0,100.0,3715300.0
1163,2021-10-08 06:49:08,23000.0,2000.0,3715200.0
1164,2021-10-08 06:49:07,23000.0,300.0,3713200.0
1165,2021-10-08 06:49:04,23000.0,500.0,3712900.0
1166,2021-10-08 06:49:03,23000.0,100.0,3712400.0
1167,2021-10-08 06:49:02,23000.0,200.0,3712300.0
1168,2021-10-08 06:49:02,23000.0,800.0,3712100.0
1169,2021-10-08 06:49:01,23000.0,500.0,3711300.0
1170,2021-10-08 06:49:00,22950.0,20000.0,3710800.0
1171,2021-10-08 06:49:00,23000.0,600.0,3690800.0
1172,2021-10-08 06:48:59,23000.0,200.0,3690200.0
1173,2021-10-08 06:48:58,23000.0,700.0,3690000.0
1174,2021-10-08 06:48:57,23000.0,1000.0,3689300.0
1175,2021-10-08 06:48:56,23000.0,1000.0,3688300.0
1176,2021-10-08 06:48:56,23000.0,500.0,3687300.0
1177,2021-10-08 06:48:52,23000.0,46500.0,3686800.0
1178,2021-10-08 06:48:44,23000.0,2000.0,3640300.0
1179,2021-10-08 06:48:44,23000.0,200.0,3638300.0
1180,2021-10-08 06:48:44,23000.0,200.0,3638100.0
1181,2021-10-08 06:48:44,23000.0,1000.0,3637900.0
1182,2021-10-08 06:48:44,23000.0,100.0,3636900.0
1183,2021-10-08 06:48:44,23000.0,100.0,3636800.0
1184,2021-10-08 06:48:44,23000.0,200.0,3636700.0
1185,2021-10-08 06:48:44,23000.0,100.0,3636500.0
1186,2021-10-08 06:48:44,23000.0,5000.0,3636400.0
1187,2021-10-08 06:48:44,23000.0,600.0,3631400.0
1188,2021-10-08 06:48:44,23000.0,100.0,3630800.0
1189,2021-10-08 06:48:44,23000.0,100.0,3630700.0
1190,2021-10-08 06:48:44,23000.0,300.0,3630600.0
1191,2021-10-08 06:48:44,23000.0,200.0,3630300.0
1192,2021-10-08 06:48:44,23000.0,200.0,3630100.0
1193,2021-10-08 06:48:44,23000.0,100.0,3629900.0
1194,2021-10-08 06:48:42,23000.0,700.0,3629800.0
1195,2021-10-08 06:48:42,23000.0,100.0,3629100.0
1196,2021-10-08 06:48:42,23000.0,100.0,3629000.0
1197,2021-10-08 06:48:40,23000.0,100.0,3628900.0
1198,2021-10-08 06:48:40,23000.0,900.0,3628800.0
1199,2021-10-08 06:48:39,23000.0,100.0,3627900.0
1200,2021-10-08 06:48:39,23000.0,200.0,3627800.0
1201,2021-10-08 06:48:38,23000.0,700.0,3627600.0
1202,2021-10-08 06:48:38,23000.0,300.0,3626900.0
1203,2021-10-08 06:48:38,23000.0,100.0,3626600.0
1204,2021-10-08 06:48:38,23000.0,100.0,3626500.0
1205,2021-10-08 06:48:38,23000.0,400.0,3626400.0
1206,2021-10-08 06:48:38,23000.0,200.0,3626000.0
1207,2021-10-08 06:48:38,23000.0,200.0,3625800.0
1208,2021-10-08 06:48:37,23000.0,800.0,3625600.0
1209,2021-10-08 06:48:37,23000.0,500.0,3624800.0
1210,2021-10-08 06:48:37,23000.0,1000.0,3624300.0
1211,2021-10-08 06:48:37,23000.0,300.0,3623300.0
1212,2021-10-08 06:48:37,23000.0,1200.0,3623000.0
1213,2021-10-08 06:48:37,23000.0,200.0,3621800.0
1214,2021-10-08 06:48:37,23000.0,1000.0,3621600.0
1215,2021-10-08 06:48:37,23000.0,200.0,3620600.0
1216,2021-10-08 06:48:37,23000.0,2200.0,3620400.0
1217,2021-10-08 06:48:37,23000.0,100.0,3618200.0
1218,2021-10-08 06:48:37,23000.0,500.0,3618100.0
1219,2021-10-08 06:48:35,22950.0,100.0,3617600.0
1220,2021-10-08 06:48:34,23000.0,1200.0,3617500.0
1221,2021-10-08 06:48:34,23000.0,4700.0,3616300.0
1222,2021-10-08 06:48:34,23000.0,500.0,3611600.0
1223,2021-10-08 06:48:34,23000.0,500.0,3611100.0
1224,2021-10-08 06:48:34,23000.0,4900.0,3610600.0
1225,2021-10-08 06:48:33,23000.0,500.0,3605700.0
1226,2021-10-08 06:48:30,23000.0,3300.0,3605200.0
1227,2021-10-08 06:48:30,23000.0,600.0,3601900.0
1228,2021-10-08 06:48:30,23000.0,300.0,3601300.0
1229,2021-10-08 06:48:30,23000.0,1500.0,3601000.0
1230,2021-10-08 06:48:30,23000.0,100.0,3599500.0
1231,2021-10-08 06:48:30,23000.0,100.0,3599400.0
1232,2021-10-08 06:48:29,23000.0,400.0,3599300.0
1233,2021-10-08 06:48:28,23000.0,1800.0,3598900.0
1234,2021-10-08 06:48:27,23000.0,600.0,3597100.0
1235,2021-10-08 06:48:25,22950.0,1000.0,3596500.0
1236,2021-10-08 06:48:24,22950.0,5000.0,3595500.0
1237,2021-10-08 06:48:20,23000.0,1200.0,3590500.0
1238,2021-10-08 06:48:20,23000.0,200.0,3589300.0
1239,2021-10-08 06:48:19,23000.0,100.0,3589100.0
1240,2021-10-08 06:48:15,23000.0,2000.0,3589000.0
1241,2021-10-08 06:48:15,23000.0,700.0,3587000.0
1242,2021-10-08 06:48:15,23000.0,4000.0,3586300.0
1243,2021-10-08 06:48:15,23000.0,500.0,3582300.0
1244,2021-10-08 06:48:15,23000.0,2500.0,3581800.0
1245,2021-10-08 06:48:15,23000.0,1000.0,3579300.0
1246,2021-10-08 06:48:15,23000.0,1000.0,3578300.0
1247,2021-10-08 06:48:15,23000.0,200.0,3577300.0
1248,2021-10-08 06:48:15,23000.0,300.0,3577100.0
1249,2021-10-08 06:48:15,23000.0,1000.0,3576800.0
1250,2021-10-08 06:48:15,23000.0,4300.0,3575800.0
1251,2021-10-08 06:48:15,23000.0,100.0,3571500.0
1252,2021-10-08 06:48:15,23000.0,200.0,3571400.0
1253,2021-10-08 06:48:15,23000.0,100.0,3571200.0
1254,2021-10-08 06:48:15,23000.0,4100.0,3571100.0
1255,2021-10-08 06:48:15,23000.0,10000.0,3567000.0
1256,2021-10-08 06:48:15,23000.0,2600.0,3557000.0
1257,2021-10-08 06:48:12,23000.0,3200.0,3554400.0
1258,2021-10-08 06:48:04,23000.0,100.0,3551200.0
1259,2021-10-08 06:48:04,23000.0,300.0,3551100.0
1260,2021-10-08 06:48:04,23000.0,100.0,3550800.0
1261,2021-10-08 06:48:04,23000.0,2500.0,3550700.0
1262,2021-10-08 06:48:03,23000.0,2300.0,3548200.0
1263,2021-10-08 06:48:01,23000.0,200.0,3545900.0
1264,2021-10-08 06:48:01,23000.0,2000.0,3545700.0
1265,2021-10-08 06:48:01,23000.0,2000.0,3543700.0
1266,2021-10-08 06:48:01,23000.0,100.0,3541700.0
1267,2021-10-08 06:48:01,23000.0,5000.0,3541600.0
1268,2021-10-08 06:48:01,23000.0,400.0,3536600.0
1269,2021-10-08 06:47:58,22950.0,1200.0,3536200.0
1270,2021-10-08 06:47:58,23000.0,500.0,3535000.0
1271,2021-10-08 06:47:55,22950.0,500.0,3534500.0
1272,2021-10-08 06:47:53,23000.0,3100.0,3534000.0
1273,2021-10-08 06:47:52,23000.0,100.0,3530900.0
1274,2021-10-08 06:47:51,23000.0,900.0,3530800.0
1275,2021-10-08 06:47:51,23000.0,100.0,3529900.0
1276,2021-10-08 06:47:51,23000.0,900.0,3529800.0
1277,2021-10-08 06:47:50,23000.0,600.0,3528900.0
1278,2021-10-08 06:47:48,23000.0,2000.0,3528300.0
1279,2021-10-08 06:47:47,23000.0,500.0,3526300.0
1280,2021-10-08 06:47:47,23000.0,3000.0,3525800.0
1281,2021-10-08 06:47:47,23000.0,200.0,3522800.0
1282,2021-10-08 06:47:43,23000.0,2700.0,3522600.0
1283,2021-10-08 06:47:43,23000.0,3800.0,3519900.0
1284,2021-10-08 06:47:39,23000.0,700.0,3516100.0
1285,2021-10-08 06:47:39,23000.0,200.0,3515400.0
1286,2021-10-08 06:47:38,23000.0,900.0,3515200.0
1287,2021-10-08 06:47:38,23000.0,100.0,3514300.0
1288,2021-10-08 06:47:36,23000.0,700.0,3514200.0
1289,2021-10-08 06:47:36,23000.0,1100.0,3513500.0
1290,2021-10-08 06:47:36,23000.0,500.0,3512400.0
1291,2021-10-08 06:47:33,23000.0,500.0,3511900.0
1292,2021-10-08 06:47:33,22950.0,900.0,3511400.0
1293,2021-10-08 06:47:31,22950.0,2300.0,3510500.0
1294,2021-10-08 06:47:24,22950.0,1000.0,3508200.0
1295,2021-10-08 06:47:24,22950.0,500.0,3507200.0
1296,2021-10-08 06:47:24,22950.0,200.0,3506700.0
1297,2021-10-08 06:47:24,22950.0,400.0,3506500.0
1298,2021-10-08 06:47:24,22950.0,100.0,3506100.0
1299,2021-10-08 06:47:24,22950.0,1000.0,3506000.0
1300,2021-10-08 06:47:24,22950.0,1000.0,3505000.0
1301,2021-10-08 06:47:24,22950.0,200.0,3504000.0
1302,2021-10-08 06:47:24,22950.0,5000.0,3503800.0
1303,2021-10-08 06:47:24,22950.0,3900.0,3498800.0
1304,2021-10-08 06:47:24,22950.0,16000.0,3494900.0
1305,2021-10-08 06:47:24,22950.0,100.0,3478900.0
1306,2021-10-08 06:47:24,22950.0,800.0,3478800.0
1307,2021-10-08 06:47:23,22950.0,200.0,3478000.0
1308,2021-10-08 06:47:23,22950.0,100.0,3477800.0
1309,2021-10-08 06:47:23,22950.0,2000.0,3477700.0
1310,2021-10-08 06:47:23,22950.0,100.0,3475700.0
1311,2021-10-08 06:47:15,22950.0,400.0,3475600.0
1312,2021-10-08 06:47:15,22950.0,1600.0,3475200.0
1313,2021-10-08 06:47:15,22950.0,2300.0,3473600.0
1314,2021-10-08 06:47:15,22950.0,1000.0,3471300.0
1315,2021-10-08 06:47:15,22950.0,100.0,3470300.0
1316,2021-10-08 06:47:15,22950.0,500.0,3470200.0
1317,2021-10-08 06:47:15,22950.0,100.0,3469700.0
1318,2021-10-08 06:47:15,22950.0,100.0,3469600.0
1319,2021-10-08 06:47:15,22950.0,1000.0,3469500.0
1320,2021-10-08 06:47:15,22950.0,500.0,3468500.0
1321,2021-10-08 06:47:15,22950.0,200.0,3468000.0
1322,2021-10-08 06:47:15,22950.0,10500.0,3467800.0
1323,2021-10-08 06:47:15,22950.0,10000.0,3457300.0
1324,2021-10-08 06:47:15,22950.0,8700.0,3447300.0
1325,2021-10-08 06:47:12,22900.0,200.0,3438600.0
1326,2021-10-08 06:47:08,22900.0,2300.0,3438400.0
1327,2021-10-08 06:47:08,22950.0,1300.0,3436100.0
1328,2021-10-08 06:47:08,22950.0,2500.0,3434800.0
1329,2021-10-08 06:47:06,22900.0,2000.0,3432300.0
1330,2021-10-08 06:47:06,22900.0,400.0,3430300.0
1331,2021-10-08 06:47:06,22900.0,100.0,3429900.0
1332,2021-10-08 06:47:06,22900.0,5500.0,3429800.0
1333,2021-10-08 06:47:04,22950.0,500.0,3424300.0
1334,2021-10-08 06:47:04,22950.0,500.0,3423800.0
1335,2021-10-08 06:47:04,22950.0,2500.0,3423300.0
1336,2021-10-08 06:46:57,22900.0,400.0,3420800.0
1337,2021-10-08 06:46:57,22900.0,1000.0,3420400.0
1338,2021-10-08 06:46:53,22950.0,5000.0,3419400.0
1339,2021-10-08 06:46:50,22900.0,8900.0,3414400.0
1340,2021-10-08 06:46:50,22950.0,1000.0,3405500.0
1341,2021-10-08 06:46:45,22900.0,200.0,3404500.0
1342,2021-10-08 06:46:45,22900.0,500.0,3404300.0
1343,2021-10-08 06:46:45,22900.0,300.0,3403800.0
1344,2021-10-08 06:46:44,22950.0,200.0,3403500.0
1345,2021-10-08 06:46:44,22900.0,500.0,3403300.0
1346,2021-10-08 06:46:44,22950.0,1300.0,3402800.0
1347,2021-10-08 06:46:44,22950.0,300.0,3401500.0
1348,2021-10-08 06:46:44,22950.0,1800.0,3401200.0
1349,2021-10-08 06:46:44,22950.0,900.0,3399400.0
1350,2021-10-08 06:46:44,22950.0,700.0,3398500.0
1351,2021-10-08 06:46:41,22900.0,1000.0,3397800.0
1352,2021-10-08 06:46:39,22900.0,100.0,3396800.0
1353,2021-10-08 06:46:38,22900.0,1500.0,3396700.0
1354,2021-10-08 06:46:37,22900.0,100.0,3395200.0
1355,2021-10-08 06:46:36,22900.0,1800.0,3395100.0
1356,2021-10-08 06:46:34,22900.0,1000.0,3393300.0
1357,2021-10-08 06:46:33,22900.0,200.0,3392300.0
1358,2021-10-08 06:46:32,22900.0,100.0,3392100.0
1359,2021-10-08 06:46:28,22900.0,100.0,3392000.0
1360,2021-10-08 06:46:28,22900.0,10000.0,3391900.0
1361,2021-10-08 06:46:27,22900.0,1000.0,3381900.0
1362,2021-10-08 06:46:27,22900.0,100.0,3380900.0
1363,2021-10-08 06:46:27,22900.0,1000.0,3380800.0
1364,2021-10-08 06:46:27,22900.0,200.0,3379800.0
1365,2021-10-08 06:46:27,22900.0,100.0,3379600.0
1366,2021-10-08 06:46:27,22900.0,500.0,3379500.0
1367,2021-10-08 06:46:27,22900.0,400.0,3379000.0
1368,2021-10-08 06:46:26,22900.0,300.0,3378600.0
1369,2021-10-08 06:46:24,22900.0,100.0,3378300.0
1370,2021-10-08 06:46:22,22900.0,100.0,3378200.0
1371,2021-10-08 06:46:21,22900.0,1100.0,3378100.0
1372,2021-10-08 06:46:21,22900.0,500.0,3377000.0
1373,2021-10-08 06:46:21,22900.0,100.0,3376500.0
1374,2021-10-08 06:46:21,22900.0,400.0,3376400.0
1375,2021-10-08 06:46:21,22900.0,700.0,3376000.0
1376,2021-10-08 06:46:21,22900.0,100.0,3375300.0
1377,2021-10-08 06:46:21,22900.0,1000.0,3375200.0
1378,2021-10-08 06:46:21,22900.0,100.0,3374200.0
1379,2021-10-08 06:46:21,22900.0,200.0,3374100.0
1380,2021-10-08 06:46:21,22900.0,100.0,3373900.0
1381,2021-10-08 06:46:21,22900.0,1000.0,3373800.0
1382,2021-10-08 06:46:21,22900.0,200.0,3372800.0
1383,2021-10-08 06:46:21,22900.0,500.0,3372600.0
1384,2021-10-08 06:46:20,22900.0,900.0,3372100.0
1385,2021-10-08 06:46:20,22900.0,1100.0,3371200.0
1386,2021-10-08 06:46:19,22900.0,1600.0,3370100.0
1387,2021-10-08 06:46:18,22900.0,100.0,3368500.0
1388,2021-10-08 06:46:18,22900.0,200.0,3368400.0
1389,2021-10-08 06:46:18,22900.0,2000.0,3368200.0
1390,2021-10-08 06:46:18,22900.0,2000.0,3366200.0
1391,2021-10-08 06:46:15,22900.0,400.0,3364200.0
1392,2021-10-08 06:46:15,22900.0,600.0,3363800.0
1393,2021-10-08 06:46:15,22900.0,1000.0,3363200.0
1394,2021-10-08 06:46:14,22900.0,600.0,3362200.0
1395,2021-10-08 06:46:13,22900.0,400.0,3361600.0
1396,2021-10-08 06:46:13,22900.0,4400.0,3361200.0
1397,2021-10-08 06:46:12,22900.0,2000.0,3356800.0
1398,2021-10-08 06:46:12,22900.0,3600.0,3354800.0
1399,2021-10-08 06:46:12,22900.0,1800.0,3351200.0
1400,2021-10-08 06:46:11,22900.0,2700.0,3349400.0
1401,2021-10-08 06:46:11,22900.0,2300.0,3346700.0
1402,2021-10-08 06:46:10,22900.0,1800.0,3344400.0
1403,2021-10-08 06:46:07,22900.0,1500.0,3342600.0
1404,2021-10-08 06:46:07,22900.0,2000.0,3341100.0
1405,2021-10-08 06:46:07,22900.0,300.0,3339100.0
1406,2021-10-08 06:46:05,22900.0,1000.0,3338800.0
1407,2021-10-08 06:46:04,22900.0,1100.0,3337800.0
1408,2021-10-08 06:46:04,22900.0,8900.0,3336700.0
1409,2021-10-08 06:46:00,22900.0,300.0,3327800.0
1410,2021-10-08 06:46:00,22900.0,200.0,3327500.0
1411,2021-10-08 06:45:58,22850.0,2000.0,3327300.0
1412,2021-10-08 06:45:57,22900.0,1100.0,3325300.0
1413,2021-10-08 06:45:56,22900.0,5000.0,3324200.0
1414,2021-10-08 06:45:55,22900.0,200.0,3319200.0
1415,2021-10-08 06:45:53,22900.0,300.0,3319000.0
1416,2021-10-08 06:45:52,22900.0,200.0,3318700.0
1417,2021-10-08 06:45:52,22900.0,7500.0,3318500.0
1418,2021-10-08 06:45:51,22900.0,100.0,3311000.0
1419,2021-10-08 06:45:50,22900.0,6200.0,3310900.0
1420,2021-10-08 06:45:50,22900.0,100.0,3304700.0
1421,2021-10-08 06:45:50,22900.0,1000.0,3304600.0
1422,2021-10-08 06:45:50,22900.0,300.0,3303600.0
1423,2021-10-08 06:45:50,22900.0,2000.0,3303300.0
1424,2021-10-08 06:45:50,22900.0,400.0,3301300.0
1425,2021-10-08 06:45:49,22900.0,200.0,3300900.0
1426,2021-10-08 06:45:46,22900.0,900.0,3300700.0
1427,2021-10-08 06:45:46,22900.0,2100.0,3299800.0
1428,2021-10-08 06:45:46,22900.0,200.0,3297700.0
1429,2021-10-08 06:45:45,22900.0,2000.0,3297500.0
1430,2021-10-08 06:45:44,22900.0,1600.0,3295500.0
1431,2021-10-08 06:45:43,22900.0,300.0,3293900.0
1432,2021-10-08 06:45:43,22900.0,200.0,3293600.0
1433,2021-10-08 06:45:41,22900.0,12100.0,3293400.0
1434,2021-10-08 06:45:34,22900.0,1000.0,3281300.0
1435,2021-10-08 06:45:33,22900.0,5000.0,3280300.0
1436,2021-10-08 06:45:33,22950.0,300.0,3275300.0
1437,2021-10-08 06:45:30,22900.0,500.0,3275000.0
1438,2021-10-08 06:45:29,22900.0,200.0,3274500.0
1439,2021-10-08 06:45:29,22900.0,1000.0,3274300.0
1440,2021-10-08 06:45:28,22900.0,600.0,3273300.0
1441,2021-10-08 06:45:28,22900.0,1000.0,3272700.0
1442,2021-10-08 06:45:27,22900.0,100.0,3271700.0
1443,2021-10-08 06:45:27,22900.0,100.0,3271600.0
1444,2021-10-08 06:45:23,22900.0,300.0,3271500.0
1445,2021-10-08 06:45:23,22900.0,1900.0,3271200.0
1446,2021-10-08 06:45:21,22900.0,1000.0,3269300.0
1447,2021-10-08 06:45:21,22900.0,500.0,3268300.0
1448,2021-10-08 06:45:21,22900.0,100.0,3267800.0
1449,2021-10-08 06:45:21,22900.0,100.0,3267700.0
1450,2021-10-08 06:45:21,22900.0,2000.0,3267600.0
1451,2021-10-08 06:45:21,22900.0,1000.0,3265600.0
1452,2021-10-08 06:45:21,22900.0,400.0,3264600.0
1453,2021-10-08 06:45:21,22900.0,2500.0,3264200.0
1454,2021-10-08 06:45:21,22900.0,500.0,3261700.0
1455,2021-10-08 06:45:17,22900.0,500.0,3261200.0
1456,2021-10-08 06:45:17,22900.0,100.0,3260700.0
1457,2021-10-08 06:45:16,22900.0,100.0,3260600.0
1458,2021-10-08 06:45:16,22900.0,4900.0,3260500.0
1459,2021-10-08 06:45:15,22900.0,500.0,3255600.0
1460,2021-10-08 06:45:12,22850.0,1300.0,3255100.0
1461,2021-10-08 06:45:12,22850.0,500.0,3253800.0
1462,2021-10-08 06:45:12,22850.0,300.0,3253300.0
1463,2021-10-08 06:45:12,22850.0,4000.0,3253000.0
1464,2021-10-08 06:45:12,22850.0,500.0,3249000.0
1465,2021-10-08 06:45:12,22850.0,500.0,3248500.0
1466,2021-10-08 06:45:11,22900.0,500.0,3248000.0
1467,2021-10-08 06:45:11,22900.0,500.0,3247500.0
1468,2021-10-08 06:45:07,22900.0,1000.0,3247000.0
1469,2021-10-08 06:45:06,22900.0,2600.0,3246000.0
1470,2021-10-08 06:45:06,22900.0,1000.0,3243400.0
1471,2021-10-08 06:45:06,22900.0,100.0,3242400.0
1472,2021-10-08 06:45:06,22900.0,100.0,3242300.0
1473,2021-10-08 06:45:06,22900.0,2400.0,3242200.0
1474,2021-10-08 06:45:05,22900.0,800.0,3239800.0
1475,2021-10-08 06:45:03,22850.0,500.0,3239000.0
1476,2021-10-08 06:45:03,22850.0,1000.0,3238500.0
1477,2021-10-08 06:45:02,22850.0,100.0,3237500.0
1478,2021-10-08 06:45:00,22900.0,1800.0,3237400.0
1479,2021-10-08 06:45:00,22850.0,500.0,3235600.0
1480,2021-10-08 06:45:00,22850.0,2600.0,3235100.0
1481,2021-10-08 06:44:58,22850.0,2000.0,3232500.0
1482,2021-10-08 06:44:58,22850.0,200.0,3230500.0
1483,2021-10-08 06:44:57,22850.0,600.0,3230300.0
1484,2021-10-08 06:44:57,22850.0,1000.0,3229700.0
1485,2021-10-08 06:44:56,22850.0,100.0,3228700.0
1486,2021-10-08 06:44:55,22850.0,3500.0,3228600.0
1487,2021-10-08 06:44:55,22850.0,100.0,3225100.0
1488,2021-10-08 06:44:55,22850.0,1000.0,3225000.0
1489,2021-10-08 06:44:55,22850.0,100.0,3224000.0
1490,2021-10-08 06:44:55,22850.0,300.0,3223900.0
1491,2021-10-08 06:44:54,22850.0,2000.0,3223600.0
1492,2021-10-08 06:44:53,22850.0,1000.0,3221600.0
1493,2021-10-08 06:44:52,22850.0,3600.0,3220600.0
1494,2021-10-08 06:44:51,22850.0,100.0,3217000.0
1495,2021-10-08 06:44:50,22850.0,1000.0,3216900.0
1496,2021-10-08 06:44:50,22850.0,700.0,3215900.0
1497,2021-10-08 06:44:49,22850.0,100.0,3215200.0
1498,2021-10-08 06:44:49,22850.0,1200.0,3215100.0
1499,2021-10-08 06:44:49,22850.0,500.0,3213900.0
1500,2021-10-08 06:44:49,22850.0,300.0,3213400.0
1501,2021-10-08 06:44:47,22850.0,100.0,3213100.0
1502,2021-10-08 06:44:44,22850.0,100.0,3213000.0
1503,2021-10-08 06:44:42,22850.0,500.0,3212900.0
1504,2021-10-08 06:44:42,22850.0,100.0,3212400.0
1505,2021-10-08 06:44:41,22850.0,1000.0,3212300.0
1506,2021-10-08 06:44:41,22850.0,1900.0,3211300.0
1507,2021-10-08 06:44:41,22850.0,300.0,3209400.0
1508,2021-10-08 06:44:40,22850.0,700.0,3209100.0
1509,2021-10-08 06:44:40,22850.0,900.0,3208400.0
1510,2021-10-08 06:44:39,22850.0,100.0,3207500.0
1511,2021-10-08 06:44:39,22850.0,1700.0,3207400.0
1512,2021-10-08 06:44:39,22850.0,2000.0,3205700.0
1513,2021-10-08 06:44:37,22850.0,200.0,3203700.0
1514,2021-10-08 06:44:36,22850.0,2000.0,3203500.0
1515,2021-10-08 06:44:34,22850.0,200.0,3201500.0
1516,2021-10-08 06:44:34,22850.0,1000.0,3201300.0
1517,2021-10-08 06:44:34,22850.0,100.0,3200300.0
1518,2021-10-08 06:44:30,22800.0,900.0,3200200.0
1519,2021-10-08 06:44:30,22800.0,100.0,3199300.0
1520,2021-10-08 06:44:30,22800.0,1000.0,3199200.0
1521,2021-10-08 06:44:30,22800.0,7000.0,3198200.0
1522,2021-10-08 06:44:30,22800.0,100.0,3191200.0
1523,2021-10-08 06:44:30,22800.0,900.0,3191100.0
1524,2021-10-08 06:44:28,22850.0,7000.0,3190200.0
1525,2021-10-08 06:44:27,22850.0,100.0,3183200.0
1526,2021-10-08 06:44:27,22850.0,700.0,3183100.0
1527,2021-10-08 06:44:26,22850.0,300.0,3182400.0
1528,2021-10-08 06:44:23,22800.0,100.0,3182100.0
1529,2021-10-08 06:44:21,22850.0,200.0,3182000.0
1530,2021-10-08 06:44:21,22850.0,300.0,3181800.0
1531,2021-10-08 06:44:21,22800.0,100.0,3181500.0
1532,2021-10-08 06:44:15,22800.0,900.0,3181400.0
1533,2021-10-08 06:44:15,22800.0,1100.0,3180500.0
1534,2021-10-08 06:44:15,22800.0,3900.0,3179400.0
1535,2021-10-08 06:44:14,22800.0,200.0,3175500.0
1536,2021-10-08 06:44:13,22800.0,1000.0,3175300.0
1537,2021-10-08 06:44:13,22800.0,4900.0,3174300.0
1538,2021-10-08 06:44:13,22800.0,100.0,3169400.0
1539,2021-10-08 06:44:13,22800.0,200.0,3169300.0
1540,2021-10-08 06:44:12,22800.0,400.0,3169100.0
1541,2021-10-08 06:44:12,22800.0,300.0,3168700.0
1542,2021-10-08 06:44:12,22800.0,1000.0,3168400.0
1543,2021-10-08 06:44:12,22800.0,200.0,3167400.0
1544,2021-10-08 06:44:09,22800.0,100.0,3167200.0
1545,2021-10-08 06:44:09,22800.0,100.0,3167100.0
1546,2021-10-08 06:44:08,22800.0,400.0,3167000.0
1547,2021-10-08 06:44:08,22800.0,200.0,3166600.0
1548,2021-10-08 06:44:06,22800.0,200.0,3166400.0
1549,2021-10-08 06:44:06,22800.0,500.0,3166200.0
1550,2021-10-08 06:44:06,22800.0,200.0,3165700.0
1551,2021-10-08 06:44:06,22800.0,800.0,3165500.0
1552,2021-10-08 06:44:05,22800.0,200.0,3164700.0
1553,2021-10-08 06:44:00,22750.0,500.0,3164500.0
1554,2021-10-08 06:43:58,22750.0,1200.0,3164000.0
1555,2021-10-08 06:43:58,22800.0,300.0,3162800.0
1556,2021-10-08 06:43:56,22750.0,500.0,3162500.0
1557,2021-10-08 06:43:53,22800.0,100.0,3162000.0
1558,2021-10-08 06:43:53,22800.0,600.0,3161900.0
1559,2021-10-08 06:43:53,22800.0,400.0,3161300.0
1560,2021-10-08 06:43:53,22800.0,200.0,3160900.0
1561,2021-10-08 06:43:52,22750.0,10000.0,3160700.0
1562,2021-10-08 06:43:52,22750.0,10000.0,3150700.0
1563,2021-10-08 06:43:52,22750.0,4200.0,3140700.0
1564,2021-10-08 06:43:52,22750.0,200.0,3136500.0
1565,2021-10-08 06:43:52,22750.0,10000.0,3136300.0
1566,2021-10-08 06:43:52,22700.0,300.0,3126300.0
1567,2021-10-08 06:43:52,22700.0,100.0,3126000.0
1568,2021-10-08 06:43:52,22700.0,100.0,3125900.0
1569,2021-10-08 06:43:52,22700.0,400.0,3125800.0
1570,2021-10-08 06:43:51,22700.0,1700.0,3125400.0
1571,2021-10-08 06:43:51,22700.0,500.0,3123700.0
1572,2021-10-08 06:43:47,22700.0,400.0,3123200.0
1573,2021-10-08 06:43:47,22700.0,100.0,3122800.0
1574,2021-10-08 06:43:47,22700.0,100.0,3122700.0
1575,2021-10-08 06:43:47,22700.0,900.0,3122600.0
1576,2021-10-08 06:43:47,22700.0,100.0,3121700.0
1577,2021-10-08 06:43:47,22700.0,500.0,3121600.0
1578,2021-10-08 06:43:47,22650.0,300.0,3121100.0
1579,2021-10-08 06:43:47,22700.0,100.0,3120800.0
1580,2021-10-08 06:43:43,22650.0,7000.0,3120700.0
1581,2021-10-08 06:43:43,22650.0,600.0,3113700.0
1582,2021-10-08 06:43:43,22650.0,100.0,3113100.0
1583,2021-10-08 06:43:43,22650.0,2000.0,3113000.0
1584,2021-10-08 06:43:43,22650.0,300.0,3111000.0
1585,2021-10-08 06:43:43,22700.0,4500.0,3110700.0
1586,2021-10-08 06:43:43,22700.0,3900.0,3106200.0
1587,2021-10-08 06:43:43,22700.0,100.0,3102300.0
1588,2021-10-08 06:43:40,22700.0,1300.0,3102200.0
1589,2021-10-08 06:43:40,22700.0,900.0,3100900.0
1590,2021-10-08 06:43:40,22700.0,1000.0,3100000.0
1591,2021-10-08 06:43:39,22700.0,1700.0,3099000.0
1592,2021-10-08 06:43:39,22700.0,200.0,3097300.0
1593,2021-10-08 06:43:39,22700.0,100.0,3097100.0
1594,2021-10-08 06:43:36,22650.0,700.0,3097000.0
1595,2021-10-08 06:43:36,22650.0,300.0,3096300.0
1596,2021-10-08 06:43:34,22650.0,1500.0,3096000.0
1597,2021-10-08 06:43:32,22650.0,1000.0,3094500.0
1598,2021-10-08 06:43:31,22650.0,2500.0,3093500.0
1599,2021-10-08 06:43:31,22650.0,1000.0,3091000.0
1600,2021-10-08 06:43:31,22650.0,1200.0,3090000.0
1601,2021-10-08 06:43:31,22650.0,800.0,3088800.0
1602,2021-10-08 06:43:31,22650.0,1000.0,3088000.0
1603,2021-10-08 06:43:30,22700.0,300.0,3087000.0
1604,2021-10-08 06:43:28,22700.0,2700.0,3086700.0
1605,2021-10-08 06:43:28,22700.0,700.0,3084000.0
1606,2021-10-08 06:43:28,22700.0,200.0,3083300.0
1607,2021-10-08 06:43:23,22700.0,1100.0,3083100.0
1608,2021-10-08 06:43:23,22700.0,1900.0,3082000.0
1609,2021-10-08 06:43:23,22600.0,500.0,3080100.0
1610,2021-10-08 06:43:23,22600.0,100.0,3079600.0
1611,2021-10-08 06:43:23,22600.0,100.0,3079500.0
1612,2021-10-08 06:43:23,22600.0,1600.0,3079400.0
1613,2021-10-08 06:43:23,22650.0,700.0,3077800.0
1614,2021-10-08 06:43:22,22700.0,100.0,3077100.0
1615,2021-10-08 06:43:22,22700.0,100.0,3077000.0
1616,2021-10-08 06:43:22,22650.0,300.0,3076900.0
1617,2021-10-08 06:43:21,22600.0,1000.0,3076600.0
1618,2021-10-08 06:43:19,22650.0,300.0,3075600.0
1619,2021-10-08 06:43:19,22650.0,500.0,3075300.0
1620,2021-10-08 06:43:17,22600.0,200.0,3074800.0
1621,2021-10-08 06:43:17,22600.0,3000.0,3074600.0
1622,2021-10-08 06:43:16,22600.0,1000.0,3071600.0
1623,2021-10-08 06:43:16,22600.0,200.0,3070600.0
1624,2021-10-08 06:43:15,22650.0,400.0,3070400.0
1625,2021-10-08 06:43:15,22650.0,8500.0,3070000.0
1626,2021-10-08 06:43:15,22650.0,200.0,3061500.0
1627,2021-10-08 06:43:15,22650.0,200.0,3061300.0
1628,2021-10-08 06:43:15,22650.0,1000.0,3061100.0
1629,2021-10-08 06:43:15,22650.0,100.0,3060100.0
1630,2021-10-08 06:43:13,22600.0,500.0,3060000.0
1631,2021-10-08 06:43:12,22600.0,300.0,3059500.0
1632,2021-10-08 06:43:12,22600.0,200.0,3059200.0
1633,2021-10-08 06:43:12,22600.0,1000.0,3059000.0
1634,2021-10-08 06:43:12,22600.0,200.0,3058000.0
1635,2021-10-08 06:43:12,22600.0,1500.0,3057800.0
1636,2021-10-08 06:43:12,22600.0,15000.0,3056300.0
1637,2021-10-08 06:43:12,22600.0,300.0,3041300.0
1638,2021-10-08 06:43:12,22600.0,6500.0,3041000.0
1639,2021-10-08 06:43:12,22600.0,200.0,3034500.0
1640,2021-10-08 06:43:12,22600.0,1000.0,3034300.0
1641,2021-10-08 06:43:12,22600.0,600.0,3033300.0
1642,2021-10-08 06:43:12,22600.0,1000.0,3032700.0
1643,2021-10-08 06:43:12,22600.0,4000.0,3031700.0
1644,2021-10-08 06:43:12,22600.0,100.0,3027700.0
1645,2021-10-08 06:43:12,22600.0,8000.0,3027600.0
1646,2021-10-08 06:43:12,22600.0,2600.0,3019600.0
1647,2021-10-08 06:43:12,22600.0,5000.0,3017000.0
1648,2021-10-08 06:43:11,22550.0,100.0,3012000.0
1649,2021-10-08 06:43:11,22600.0,2000.0,3011900.0
1650,2021-10-08 06:43:10,22600.0,900.0,3009900.0
1651,2021-10-08 06:43:10,22600.0,100.0,3009000.0
1652,2021-10-08 06:43:09,22600.0,900.0,3008900.0
1653,2021-10-08 06:43:09,22600.0,600.0,3008000.0
1654,2021-10-08 06:43:09,22600.0,500.0,3007400.0
1655,2021-10-08 06:43:08,22600.0,1800.0,3006900.0
1656,2021-10-08 06:43:07,22600.0,200.0,3005100.0
1657,2021-10-08 06:43:07,22600.0,500.0,3004900.0
1658,2021-10-08 06:43:07,22600.0,100.0,3004400.0
1659,2021-10-08 06:43:06,22600.0,500.0,3004300.0
1660,2021-10-08 06:43:04,22600.0,2000.0,3003800.0
1661,2021-10-08 06:43:03,22600.0,600.0,3001800.0
1662,2021-10-08 06:43:03,22600.0,2800.0,3001200.0
1663,2021-10-08 06:43:02,22600.0,200.0,2998400.0
1664,2021-10-08 06:43:02,22600.0,100.0,2998200.0
1665,2021-10-08 06:43:00,22600.0,10000.0,2998100.0
1666,2021-10-08 06:43:00,22600.0,11600.0,2988100.0
1667,2021-10-08 06:43:00,22600.0,900.0,2976500.0
1668,2021-10-08 06:43:00,22550.0,2500.0,2975600.0
1669,2021-10-08 06:42:59,22550.0,600.0,2973100.0
1670,2021-10-08 06:42:59,22550.0,5000.0,2972500.0
1671,2021-10-08 06:42:59,22550.0,1400.0,2967500.0
1672,2021-10-08 06:42:59,22550.0,500.0,2966100.0
1673,2021-10-08 06:42:55,22600.0,500.0,2965600.0
1674,2021-10-08 06:42:53,22600.0,1500.0,2965100.0
1675,2021-10-08 06:42:53,22550.0,4500.0,2963600.0
1676,2021-10-08 06:42:53,22550.0,1100.0,2959100.0
1677,2021-10-08 06:42:53,22550.0,1000.0,2958000.0
1678,2021-10-08 06:42:52,22550.0,200.0,2957000.0
1679,2021-10-08 06:42:52,22550.0,1000.0,2956800.0
1680,2021-10-08 06:42:51,22550.0,300.0,2955800.0
1681,2021-10-08 06:42:51,22550.0,100.0,2955500.0
1682,2021-10-08 06:42:51,22550.0,500.0,2955400.0
1683,2021-10-08 06:42:51,22550.0,500.0,2954900.0
1684,2021-10-08 06:42:51,22550.0,300.0,2954400.0
1685,2021-10-08 06:42:51,22550.0,500.0,2954100.0
1686,2021-10-08 06:42:50,22550.0,400.0,2953600.0
1687,2021-10-08 06:42:48,22600.0,100.0,2953200.0
1688,2021-10-08 06:42:48,22600.0,900.0,2953100.0
1689,2021-10-08 06:42:45,22600.0,3100.0,2952200.0
1690,2021-10-08 06:42:45,22550.0,6900.0,2949100.0
1691,2021-10-08 06:42:45,22550.0,600.0,2942200.0
1692,2021-10-08 06:42:44,22500.0,3300.0,2941600.0
1693,2021-10-08 06:42:44,22500.0,100.0,2938300.0
1694,2021-10-08 06:42:44,22500.0,3000.0,2938200.0
1695,2021-10-08 06:42:44,22500.0,3600.0,2935200.0
1696,2021-10-08 06:42:43,22550.0,100.0,2931600.0
1697,2021-10-08 06:42:42,22550.0,1000.0,2931500.0
1698,2021-10-08 06:42:41,22550.0,100.0,2930500.0
1699,2021-10-08 06:42:40,22550.0,900.0,2930400.0
1700,2021-10-08 06:42:40,22550.0,400.0,2929500.0
1701,2021-10-08 06:42:40,22550.0,300.0,2929100.0
1702,2021-10-08 06:42:38,22500.0,1000.0,2928800.0
1703,2021-10-08 06:42:38,22500.0,400.0,2927800.0
1704,2021-10-08 06:42:38,22500.0,200.0,2927400.0
1705,2021-10-08 06:42:38,22500.0,100.0,2927200.0
1706,2021-10-08 06:42:38,22500.0,5900.0,2927100.0
1707,2021-10-08 06:42:38,22500.0,900.0,2921200.0
1708,2021-10-08 06:42:38,22500.0,2500.0,2920300.0
1709,2021-10-08 06:42:37,22550.0,200.0,2917800.0
1710,2021-10-08 06:42:37,22550.0,300.0,2917600.0
1711,2021-10-08 06:42:32,22500.0,200.0,2917300.0
1712,2021-10-08 06:42:32,22500.0,100.0,2917100.0
1713,2021-10-08 06:42:32,22500.0,200.0,2917000.0
1714,2021-10-08 06:42:32,22500.0,200.0,2916800.0
1715,2021-10-08 06:42:32,22500.0,1000.0,2916600.0
1716,2021-10-08 06:42:32,22500.0,10000.0,2915600.0
1717,2021-10-08 06:42:32,22500.0,500.0,2905600.0
1718,2021-10-08 06:42:32,22500.0,1200.0,2905100.0
1719,2021-10-08 06:42:32,22500.0,1000.0,2903900.0
1720,2021-10-08 06:42:32,22500.0,7900.0,2902900.0
1721,2021-10-08 06:42:32,22500.0,500.0,2895000.0
1722,2021-10-08 06:42:32,22500.0,2400.0,2894500.0
1723,2021-10-08 06:42:32,22500.0,100.0,2892100.0
1724,2021-10-08 06:42:32,22500.0,1000.0,2892000.0
1725,2021-10-08 06:42:32,22500.0,1200.0,2891000.0
1726,2021-10-08 06:42:32,22500.0,200.0,2889800.0
1727,2021-10-08 06:42:31,22500.0,1600.0,2889600.0
1728,2021-10-08 06:42:31,22500.0,2000.0,2888000.0
1729,2021-10-08 06:42:31,22500.0,200.0,2886000.0
1730,2021-10-08 06:42:31,22500.0,500.0,2885800.0
1731,2021-10-08 06:42:31,22500.0,1000.0,2885300.0
1732,2021-10-08 06:42:31,22500.0,500.0,2884300.0
1733,2021-10-08 06:42:31,22500.0,10000.0,2883800.0
1734,2021-10-08 06:42:31,22500.0,1000.0,2873800.0
1735,2021-10-08 06:42:31,22500.0,100.0,2872800.0
1736,2021-10-08 06:42:31,22500.0,100.0,2872700.0
1737,2021-10-08 06:42:31,22500.0,100.0,2872600.0
1738,2021-10-08 06:42:31,22500.0,100.0,2872500.0
1739,2021-10-08 06:42:31,22500.0,500.0,2872400.0
1740,2021-10-08 06:42:31,22500.0,2000.0,2871900.0
1741,2021-10-08 06:42:31,22500.0,500.0,2869900.0
1742,2021-10-08 06:42:31,22500.0,200.0,2869400.0
1743,2021-10-08 06:42:31,22500.0,200.0,2869200.0
1744,2021-10-08 06:42:31,22500.0,1000.0,2869000.0
1745,2021-10-08 06:42:31,22500.0,32400.0,2868000.0
1746,2021-10-08 06:42:29,22500.0,100.0,2835600.0
1747,2021-10-08 06:42:29,22450.0,9900.0,2835500.0
1748,2021-10-08 06:42:29,22450.0,100.0,2825600.0
1749,2021-10-08 06:42:28,22500.0,3100.0,2825500.0
1750,2021-10-08 06:42:28,22450.0,1900.0,2822400.0
1751,2021-10-08 06:42:28,22450.0,500.0,2820500.0
1752,2021-10-08 06:42:28,22450.0,700.0,2820000.0
1753,2021-10-08 06:42:28,22450.0,2400.0,2819300.0
1754,2021-10-08 06:42:28,22450.0,2700.0,2816900.0
1755,2021-10-08 06:42:28,22450.0,1400.0,2814200.0
1756,2021-10-08 06:42:28,22450.0,2800.0,2812800.0
1757,2021-10-08 06:42:28,22450.0,2000.0,2810000.0
1758,2021-10-08 06:42:28,22450.0,600.0,2808000.0
1759,2021-10-08 06:42:28,22500.0,200.0,2807400.0
1760,2021-10-08 06:42:27,22500.0,300.0,2807200.0
1761,2021-10-08 06:42:27,22500.0,500.0,2806900.0
1762,2021-10-08 06:42:26,22500.0,1400.0,2806400.0
1763,2021-10-08 06:42:26,22500.0,1300.0,2805000.0
1764,2021-10-08 06:42:25,22500.0,700.0,2803700.0
1765,2021-10-08 06:42:25,22500.0,200.0,2803000.0
1766,2021-10-08 06:42:25,22500.0,100.0,2802800.0
1767,2021-10-08 06:42:25,22500.0,100.0,2802700.0
1768,2021-10-08 06:42:25,22500.0,600.0,2802600.0
1769,2021-10-08 06:42:25,22500.0,4300.0,2802000.0
1770,2021-10-08 06:42:24,22450.0,400.0,2797700.0
1771,2021-10-08 06:42:24,22450.0,600.0,2797300.0
1772,2021-10-08 06:42:22,22500.0,600.0,2796700.0
1773,2021-10-08 06:42:22,22500.0,1700.0,2796100.0
1774,2021-10-08 06:42:20,22500.0,300.0,2794400.0
1775,2021-10-08 06:42:20,22400.0,7500.0,2794100.0
1776,2021-10-08 06:42:20,22450.0,2500.0,2786600.0
1777,2021-10-08 06:42:20,22450.0,500.0,2784100.0
1778,2021-10-08 06:42:20,22450.0,900.0,2783600.0
1779,2021-10-08 06:42:19,22450.0,500.0,2782700.0
1780,2021-10-08 06:42:17,22450.0,1000.0,2782200.0
1781,2021-10-08 06:42:17,22450.0,500.0,2781200.0
1782,2021-10-08 06:42:17,22450.0,3000.0,2780700.0
1783,2021-10-08 06:42:17,22450.0,500.0,2777700.0
1784,2021-10-08 06:42:16,22450.0,100.0,2777200.0
1785,2021-10-08 06:42:15,22450.0,500.0,2777100.0
1786,2021-10-08 06:42:12,22450.0,1000.0,2776600.0
1787,2021-10-08 06:42:10,22450.0,1500.0,2775600.0
1788,2021-10-08 06:42:08,22400.0,1000.0,2774100.0
1789,2021-10-08 06:42:02,22400.0,100.0,2773100.0
1790,2021-10-08 06:42:02,22400.0,4000.0,2773000.0
1791,2021-10-08 06:42:02,22400.0,1000.0,2769000.0
1792,2021-10-08 06:42:02,22400.0,300.0,2768000.0
1793,2021-10-08 06:42:02,22400.0,100.0,2767700.0
1794,2021-10-08 06:42:02,22400.0,100.0,2767600.0
1795,2021-10-08 06:42:02,22400.0,500.0,2767500.0
1796,2021-10-08 06:42:02,22400.0,100.0,2767000.0
1797,2021-10-08 06:42:02,22400.0,200.0,2766900.0
1798,2021-10-08 06:42:02,22400.0,2000.0,2766700.0
1799,2021-10-08 06:42:02,22400.0,100.0,2764700.0
1800,2021-10-08 06:42:02,22400.0,1200.0,2764600.0
1801,2021-10-08 06:42:02,22400.0,25000.0,2763400.0
1802,2021-10-08 06:42:02,22400.0,36000.0,2738400.0
1803,2021-10-08 06:42:02,22400.0,400.0,2702400.0
1804,2021-10-08 06:42:02,22350.0,10000.0,2702000.0
1805,2021-10-08 06:42:02,22350.0,100.0,2692000.0
1806,2021-10-08 06:42:02,22350.0,10000.0,2691900.0
1807,2021-10-08 06:42:02,22350.0,10000.0,2681900.0
1808,2021-10-08 06:42:02,22350.0,9200.0,2671900.0
1809,2021-10-08 06:42:01,22350.0,100.0,2662700.0
1810,2021-10-08 06:42:01,22350.0,500.0,2662600.0
1811,2021-10-08 06:42:00,22350.0,100.0,2662100.0
1812,2021-10-08 06:42:00,22350.0,2000.0,2662000.0
1813,2021-10-08 06:42:00,22350.0,1000.0,2660000.0
1814,2021-10-08 06:41:59,22350.0,800.0,2659000.0
1815,2021-10-08 06:41:59,22350.0,2000.0,2658200.0
1816,2021-10-08 06:41:59,22350.0,2300.0,2656200.0
1817,2021-10-08 06:41:58,22350.0,1000.0,2653900.0
1818,2021-10-08 06:41:57,22350.0,10000.0,2652900.0
1819,2021-10-08 06:41:57,22350.0,100.0,2642900.0
1820,2021-10-08 06:41:57,22350.0,100.0,2642800.0
1821,2021-10-08 06:41:52,22350.0,3000.0,2642700.0
1822,2021-10-08 06:41:51,22350.0,200.0,2639700.0
1823,2021-10-08 06:41:50,22350.0,2000.0,2639500.0
1824,2021-10-08 06:41:49,22350.0,100.0,2637500.0
1825,2021-10-08 06:41:47,22350.0,4000.0,2637400.0
1826,2021-10-08 06:41:43,22350.0,500.0,2633400.0
1827,2021-10-08 06:41:43,22300.0,100.0,2632900.0
1828,2021-10-08 06:41:43,22300.0,4800.0,2632800.0
1829,2021-10-08 06:41:42,22300.0,2500.0,2628000.0
1830,2021-10-08 06:41:41,22300.0,5000.0,2625500.0
1831,2021-10-08 06:41:41,22300.0,500.0,2620500.0
1832,2021-10-08 06:41:41,22300.0,2200.0,2620000.0
1833,2021-10-08 06:41:41,22300.0,500.0,2617800.0
1834,2021-10-08 06:41:41,22300.0,100.0,2617300.0
1835,2021-10-08 06:41:41,22300.0,100.0,2617200.0
1836,2021-10-08 06:41:41,22300.0,1000.0,2617100.0
1837,2021-10-08 06:41:41,22300.0,1000.0,2616100.0
1838,2021-10-08 06:41:41,22300.0,100.0,2615100.0
1839,2021-10-08 06:41:41,22300.0,100.0,2615000.0
1840,2021-10-08 06:41:41,22300.0,700.0,2614900.0
1841,2021-10-08 06:41:41,22300.0,800.0,2614200.0
1842,2021-10-08 06:41:41,22300.0,100.0,2613400.0
1843,2021-10-08 06:41:41,22300.0,500.0,2613300.0
1844,2021-10-08 06:41:41,22300.0,1000.0,2612800.0
1845,2021-10-08 06:41:41,22300.0,100.0,2611800.0
1846,2021-10-08 06:41:41,22300.0,4100.0,2611700.0
1847,2021-10-08 06:41:40,22300.0,1000.0,2607600.0
1848,2021-10-08 06:41:40,22300.0,300.0,2606600.0
1849,2021-10-08 06:41:38,22300.0,2000.0,2606300.0
1850,2021-10-08 06:41:36,22300.0,200.0,2604300.0
1851,2021-10-08 06:41:36,22300.0,1000.0,2604100.0
1852,2021-10-08 06:41:36,22300.0,1000.0,2603100.0
1853,2021-10-08 06:41:34,22300.0,2000.0,2602100.0
1854,2021-10-08 06:41:34,22300.0,700.0,2600100.0
1855,2021-10-08 06:41:32,22300.0,1000.0,2599400.0
1856,2021-10-08 06:41:32,22300.0,500.0,2598400.0
1857,2021-10-08 06:41:32,22300.0,2000.0,2597900.0
1858,2021-10-08 06:41:30,22300.0,7400.0,2595900.0
1859,2021-10-08 06:41:30,22300.0,700.0,2588500.0
1860,2021-10-08 06:41:30,22300.0,300.0,2587800.0
1861,2021-10-08 06:41:29,22300.0,700.0,2587500.0
1862,2021-10-08 06:41:29,22300.0,200.0,2586800.0
1863,2021-10-08 06:41:29,22300.0,100.0,2586600.0
1864,2021-10-08 06:41:28,22300.0,100.0,2586500.0
1865,2021-10-08 06:41:27,22300.0,5000.0,2586400.0
1866,2021-10-08 06:41:27,22300.0,200.0,2581400.0
1867,2021-10-08 06:41:26,22250.0,100.0,2581200.0
1868,2021-10-08 06:41:25,22300.0,13000.0,2581100.0
1869,2021-10-08 06:41:25,22300.0,6000.0,2568100.0
1870,2021-10-08 06:41:25,22300.0,200.0,2562100.0
1871,2021-10-08 06:41:24,22300.0,1000.0,2561900.0
1872,2021-10-08 06:41:23,22300.0,1000.0,2560900.0
1873,2021-10-08 06:41:23,22300.0,400.0,2559900.0
1874,2021-10-08 06:41:22,22300.0,3000.0,2559500.0
1875,2021-10-08 06:41:22,22300.0,1400.0,2556500.0
1876,2021-10-08 06:41:21,22300.0,100.0,2555100.0
1877,2021-10-08 06:41:19,22250.0,100.0,2555000.0
1878,2021-10-08 06:41:18,22300.0,1000.0,2554900.0
1879,2021-10-08 06:41:18,22300.0,1000.0,2553900.0
1880,2021-10-08 06:41:15,22300.0,500.0,2552900.0
1881,2021-10-08 06:41:12,22250.0,100.0,2552400.0
1882,2021-10-08 06:41:11,22300.0,1000.0,2552300.0
1883,2021-10-08 06:41:10,22300.0,100.0,2551300.0
1884,2021-10-08 06:41:08,22250.0,1000.0,2551200.0
1885,2021-10-08 06:41:08,22250.0,100.0,2550200.0
1886,2021-10-08 06:41:08,22250.0,100.0,2550100.0
1887,2021-10-08 06:41:08,22250.0,5600.0,2550000.0
1888,2021-10-08 06:41:08,22250.0,2000.0,2544400.0
1889,2021-10-08 06:41:07,22250.0,2400.0,2542400.0
1890,2021-10-08 06:41:07,22250.0,2600.0,2540000.0
1891,2021-10-08 06:41:07,22250.0,1000.0,2537400.0
1892,2021-10-08 06:41:07,22250.0,300.0,2536400.0
1893,2021-10-08 06:41:06,22250.0,6100.0,2536100.0
1894,2021-10-08 06:41:06,22250.0,300.0,2530000.0
1895,2021-10-08 06:41:06,22250.0,13600.0,2529700.0
1896,2021-10-08 06:41:06,22250.0,500.0,2516100.0
1897,2021-10-08 06:41:06,22250.0,10000.0,2515600.0
1898,2021-10-08 06:41:05,22250.0,100.0,2505600.0
1899,2021-10-08 06:41:04,22250.0,2400.0,2505500.0
1900,2021-10-08 06:41:04,22250.0,100.0,2503100.0
1901,2021-10-08 06:41:04,22250.0,1000.0,2503000.0
1902,2021-10-08 06:41:00,22250.0,1600.0,2502000.0
1903,2021-10-08 06:40:58,22250.0,200.0,2500400.0
1904,2021-10-08 06:40:57,22250.0,5000.0,2500200.0
1905,2021-10-08 06:40:56,22250.0,100.0,2495200.0
1906,2021-10-08 06:40:56,22200.0,6400.0,2495100.0
1907,2021-10-08 06:40:56,22200.0,400.0,2488700.0
1908,2021-10-08 06:40:56,22200.0,500.0,2488300.0
1909,2021-10-08 06:40:56,22200.0,2900.0,2487800.0
1910,2021-10-08 06:40:56,22200.0,2200.0,2484900.0
1911,2021-10-08 06:40:56,22200.0,2600.0,2482700.0
1912,2021-10-08 06:40:55,22250.0,300.0,2480100.0
1913,2021-10-08 06:40:52,22200.0,1000.0,2479800.0
1914,2021-10-08 06:40:51,22250.0,300.0,2478800.0
1915,2021-10-08 06:40:51,22200.0,100.0,2478500.0
1916,2021-10-08 06:40:49,22250.0,800.0,2478400.0
1917,2021-10-08 06:40:47,22200.0,500.0,2477600.0
1918,2021-10-08 06:40:47,22200.0,700.0,2477100.0
1919,2021-10-08 06:40:47,22200.0,100.0,2476400.0
1920,2021-10-08 06:40:46,22200.0,200.0,2476300.0
1921,2021-10-08 06:40:46,22200.0,600.0,2476100.0
1922,2021-10-08 06:40:46,22200.0,700.0,2475500.0
1923,2021-10-08 06:40:46,22200.0,500.0,2474800.0
1924,2021-10-08 06:40:46,22200.0,100.0,2474300.0
1925,2021-10-08 06:40:46,22200.0,500.0,2474200.0
1926,2021-10-08 06:40:46,22200.0,200.0,2473700.0
1927,2021-10-08 06:40:46,22200.0,500.0,2473500.0
1928,2021-10-08 06:40:46,22200.0,700.0,2473000.0
1929,2021-10-08 06:40:46,22200.0,300.0,2472300.0
1930,2021-10-08 06:40:46,22200.0,100.0,2472000.0
1931,2021-10-08 06:40:46,22200.0,1200.0,2471900.0
1932,2021-10-08 06:40:46,22200.0,900.0,2470700.0
1933,2021-10-08 06:40:45,22200.0,300.0,2469800.0
1934,2021-10-08 06:40:45,22200.0,800.0,2469500.0
1935,2021-10-08 06:40:45,22200.0,1000.0,2468700.0
1936,2021-10-08 06:40:45,22200.0,200.0,2467700.0
1937,2021-10-08 06:40:45,22200.0,1000.0,2467500.0
1938,2021-10-08 06:40:45,22200.0,8800.0,2466500.0
1939,2021-10-08 06:40:45,22200.0,1700.0,2457700.0
1940,2021-10-08 06:40:44,22200.0,300.0,2456000.0
1941,2021-10-08 06:40:44,22200.0,1000.0,2455700.0
1942,2021-10-08 06:40:43,22200.0,1600.0,2454700.0
1943,2021-10-08 06:40:43,22200.0,2100.0,2453100.0
1944,2021-10-08 06:40:43,22200.0,700.0,2451000.0
1945,2021-10-08 06:40:43,22200.0,500.0,2450300.0
1946,2021-10-08 06:40:43,22200.0,16700.0,2449800.0
1947,2021-10-08 06:40:42,22200.0,1600.0,2433100.0
1948,2021-10-08 06:40:42,22200.0,500.0,2431500.0
1949,2021-10-08 06:40:42,22200.0,100.0,2431000.0
1950,2021-10-08 06:40:42,22200.0,500.0,2430900.0
1951,2021-10-08 06:40:40,22200.0,600.0,2430400.0
1952,2021-10-08 06:40:40,22200.0,1900.0,2429800.0
1953,2021-10-08 06:40:39,22200.0,3000.0,2427900.0
1954,2021-10-08 06:40:39,22200.0,100.0,2424900.0
1955,2021-10-08 06:40:39,22200.0,300.0,2424800.0
1956,2021-10-08 06:40:39,22200.0,200.0,2424500.0
1957,2021-10-08 06:40:39,22200.0,100.0,2424300.0
1958,2021-10-08 06:40:39,22200.0,1000.0,2424200.0
1959,2021-10-08 06:40:38,22200.0,10000.0,2423200.0
1960,2021-10-08 06:40:37,22200.0,500.0,2413200.0
1961,2021-10-08 06:40:37,22200.0,500.0,2412700.0
1962,2021-10-08 06:40:36,22200.0,200.0,2412200.0
1963,2021-10-08 06:40:34,22200.0,1000.0,2412000.0
1964,2021-10-08 06:40:34,22150.0,1000.0,2411000.0
1965,2021-10-08 06:40:34,22200.0,10000.0,2410000.0
1966,2021-10-08 06:40:32,22200.0,1200.0,2400000.0
1967,2021-10-08 06:40:30,22200.0,1000.0,2398800.0
1968,2021-10-08 06:40:29,22200.0,4300.0,2397800.0
1969,2021-10-08 06:40:29,22200.0,2000.0,2393500.0
1970,2021-10-08 06:40:28,22200.0,200.0,2391500.0
1971,2021-10-08 06:40:28,22200.0,200.0,2391300.0
1972,2021-10-08 06:40:23,22200.0,800.0,2391100.0
1973,2021-10-08 06:40:23,22200.0,100.0,2390300.0
1974,2021-10-08 06:40:23,22200.0,100.0,2390200.0
1975,2021-10-08 06:40:23,22200.0,1000.0,2390100.0
1976,2021-10-08 06:40:21,22150.0,700.0,2389100.0
1977,2021-10-08 06:40:20,22150.0,1000.0,2388400.0
1978,2021-10-08 06:40:19,22150.0,4000.0,2387400.0
1979,2021-10-08 06:40:19,22150.0,1000.0,2383400.0
1980,2021-10-08 06:40:18,22150.0,100.0,2382400.0
1981,2021-10-08 06:40:18,22150.0,200.0,2382300.0
1982,2021-10-08 06:40:17,22150.0,3200.0,2382100.0
1983,2021-10-08 06:40:17,22150.0,500.0,2378900.0
1984,2021-10-08 06:40:17,22150.0,7500.0,2378400.0
1985,2021-10-08 06:40:16,22150.0,800.0,2370900.0
1986,2021-10-08 06:40:16,22150.0,700.0,2370100.0
1987,2021-10-08 06:40:15,22150.0,2000.0,2369400.0
1988,2021-10-08 06:40:15,22150.0,400.0,2367400.0
1989,2021-10-08 06:40:15,22150.0,300.0,2367000.0
1990,2021-10-08 06:40:15,22150.0,10000.0,2366700.0
1991,2021-10-08 06:40:15,22150.0,1000.0,2356700.0
1992,2021-10-08 06:40:15,22150.0,10000.0,2355700.0
1993,2021-10-08 06:40:15,22150.0,5000.0,2345700.0
1994,2021-10-08 06:40:15,22150.0,500.0,2340700.0
1995,2021-10-08 06:40:14,22150.0,800.0,2340200.0
1996,2021-10-08 06:40:12,22150.0,100.0,2339400.0
1997,2021-10-08 06:40:12,22150.0,500.0,2339300.0
1998,2021-10-08 06:40:11,22150.0,100.0,2338800.0
1999,2021-10-08 06:40:08,22150.0,3000.0,2338700.0
2000,2021-10-08 06:40:03,22150.0,20000.0,2335700.0
2001,2021-10-08 06:40:03,22100.0,200.0,2315700.0
2002,2021-10-08 06:40:03,22100.0,100.0,2315500.0
2003,2021-10-08 06:40:03,22100.0,100.0,2315400.0
2004,2021-10-08 06:40:03,22100.0,1000.0,2315300.0
2005,2021-10-08 06:40:03,22100.0,300.0,2314300.0
2006,2021-10-08 06:40:03,22100.0,1500.0,2314000.0
2007,2021-10-08 06:40:03,22100.0,500.0,2312500.0
2008,2021-10-08 06:40:03,22100.0,2000.0,2312000.0
2009,2021-10-08 06:40:03,22100.0,300.0,2310000.0
2010,2021-10-08 06:40:03,22100.0,1000.0,2309700.0
2011,2021-10-08 06:40:03,22100.0,600.0,2308700.0
2012,2021-10-08 06:40:03,22100.0,2000.0,2308100.0
2013,2021-10-08 06:40:03,22100.0,100.0,2306100.0
2014,2021-10-08 06:40:03,22100.0,5000.0,2306000.0
2015,2021-10-08 06:40:03,22100.0,1000.0,2301000.0
2016,2021-10-08 06:40:03,22100.0,100.0,2300000.0
2017,2021-10-08 06:40:03,22100.0,100.0,2299900.0
2018,2021-10-08 06:40:03,22100.0,500.0,2299800.0
2019,2021-10-08 06:40:03,22100.0,100.0,2299300.0
2020,2021-10-08 06:40:03,22100.0,500.0,2299200.0
2021,2021-10-08 06:40:03,22100.0,15500.0,2298700.0
2022,2021-10-08 06:40:03,22100.0,1000.0,2283200.0
2023,2021-10-08 06:40:01,22050.0,100.0,2282200.0
2024,2021-10-08 06:39:55,22050.0,900.0,2282100.0
2025,2021-10-08 06:39:55,22050.0,600.0,2281200.0
2026,2021-10-08 06:39:55,22050.0,11600.0,2280600.0
2027,2021-10-08 06:39:54,22000.0,2000.0,2269000.0
2028,2021-10-08 06:39:52,22050.0,500.0,2267000.0
2029,2021-10-08 06:39:49,22000.0,400.0,2266500.0
2030,2021-10-08 06:39:49,22000.0,400.0,2266100.0
2031,2021-10-08 06:39:49,22000.0,200.0,2265700.0
2032,2021-10-08 06:39:48,22050.0,700.0,2265500.0
2033,2021-10-08 06:39:47,22050.0,1500.0,2264800.0
2034,2021-10-08 06:39:47,22050.0,5200.0,2263300.0
2035,2021-10-08 06:39:46,22050.0,500.0,2258100.0
2036,2021-10-08 06:39:46,22050.0,500.0,2257600.0
2037,2021-10-08 06:39:46,22050.0,200.0,2257100.0
2038,2021-10-08 06:39:46,22050.0,2000.0,2256900.0
2039,2021-10-08 06:39:46,22050.0,1800.0,2254900.0
2040,2021-10-08 06:39:44,22050.0,200.0,2253100.0
2041,2021-10-08 06:39:39,22000.0,1000.0,2252900.0
2042,2021-10-08 06:39:39,22000.0,400.0,2251900.0
2043,2021-10-08 06:39:38,22000.0,500.0,2251500.0
2044,2021-10-08 06:39:38,22000.0,4500.0,2251000.0
2045,2021-10-08 06:39:38,22000.0,200.0,2246500.0
