,Time,Price,Volume_per_trade,Volume
0,2021-10-11 07:45:02,21650.0,5000.0,2798900.0
1,2021-10-11 07:45:02,21650.0,100.0,2793900.0
2,2021-10-11 07:45:02,21650.0,2800.0,2793800.0
3,2021-10-11 07:45:02,21650.0,2500.0,2791000.0
4,2021-10-11 07:45:02,21650.0,17400.0,2788500.0
5,2021-10-11 07:45:02,21650.0,200.0,2771100.0
6,2021-10-11 07:45:02,21650.0,100.0,2770900.0
7,2021-10-11 07:45:02,21650.0,300.0,2770800.0
8,2021-10-11 07:45:02,21650.0,100.0,2770500.0
9,2021-10-11 07:45:02,21650.0,1000.0,2770400.0
10,2021-10-11 07:45:02,21650.0,9800.0,2769400.0
11,2021-10-11 07:45:02,21650.0,1000.0,2759600.0
12,2021-10-11 07:45:02,21650.0,100.0,2758600.0
13,2021-10-11 07:45:02,21650.0,400.0,2758500.0
14,2021-10-11 07:45:02,21650.0,600.0,2758100.0
15,2021-10-11 07:45:02,21650.0,300.0,2757500.0
16,2021-10-11 07:45:02,21650.0,100.0,2757200.0
17,2021-10-11 07:45:02,21650.0,200.0,2757100.0
18,2021-10-11 07:45:02,21650.0,100.0,2756900.0
19,2021-10-11 07:45:02,21650.0,100.0,2756800.0
20,2021-10-11 07:45:02,21650.0,100.0,2756700.0
21,2021-10-11 07:45:02,21650.0,300.0,2756600.0
22,2021-10-11 07:45:02,21650.0,500.0,2756300.0
23,2021-10-11 07:45:02,21650.0,300.0,2755800.0
24,2021-10-11 07:45:02,21650.0,200.0,2755500.0
25,2021-10-11 07:45:02,21650.0,500.0,2755300.0
26,2021-10-11 07:45:02,21650.0,200.0,2754800.0
27,2021-10-11 07:45:02,21650.0,500.0,2754600.0
28,2021-10-11 07:45:02,21650.0,200.0,2754100.0
29,2021-10-11 07:45:02,21650.0,300.0,2753900.0
30,2021-10-11 07:45:02,21650.0,100.0,2753600.0
31,2021-10-11 07:45:02,21650.0,200.0,2753500.0
32,2021-10-11 07:45:02,21650.0,100.0,2753300.0
33,2021-10-11 07:45:02,21650.0,100.0,2753200.0
34,2021-10-11 07:45:02,21650.0,1000.0,2753100.0
35,2021-10-11 07:45:02,21650.0,200.0,2752100.0
36,2021-10-11 07:45:02,21650.0,600.0,2751900.0
37,2021-10-11 07:45:02,21650.0,400.0,2751300.0
38,2021-10-11 07:45:02,21650.0,500.0,2750900.0
39,2021-10-11 07:45:02,21650.0,5000.0,2750400.0
40,2021-10-11 07:45:02,21650.0,1000.0,2745400.0
41,2021-10-11 07:45:02,21650.0,500.0,2744400.0
42,2021-10-11 07:45:02,21650.0,100.0,2743900.0
43,2021-10-11 07:45:02,21650.0,100.0,2743800.0
44,2021-10-11 07:45:02,21650.0,100.0,2743700.0
45,2021-10-11 07:45:02,21650.0,500.0,2743600.0
46,2021-10-11 07:45:02,21650.0,1000.0,2743100.0
47,2021-10-11 07:45:02,21650.0,100.0,2742100.0
48,2021-10-11 07:45:02,21650.0,100.0,2742000.0
49,2021-10-11 07:45:02,21650.0,100.0,2741900.0
50,2021-10-11 07:45:02,21650.0,500.0,2741800.0
51,2021-10-11 07:45:02,21650.0,500.0,2741300.0
52,2021-10-11 07:45:02,21650.0,100.0,2740800.0
53,2021-10-11 07:45:02,21650.0,400.0,2740700.0
54,2021-10-11 07:45:02,21650.0,500.0,2740300.0
55,2021-10-11 07:45:02,21650.0,500.0,2739800.0
56,2021-10-11 07:45:02,21650.0,100.0,2739300.0
57,2021-10-11 07:45:02,21650.0,100.0,2739200.0
58,2021-10-11 07:45:02,21650.0,100.0,2739100.0
59,2021-10-11 07:45:02,21650.0,200.0,2739000.0
60,2021-10-11 07:45:02,21650.0,1400.0,2738800.0
61,2021-10-11 07:45:02,21650.0,1600.0,2737400.0
62,2021-10-11 07:45:02,21650.0,400.0,2735800.0
63,2021-10-11 07:45:02,21650.0,100.0,2735400.0
64,2021-10-11 07:45:02,21650.0,100.0,2735300.0
65,2021-10-11 07:45:02,21650.0,300.0,2735200.0
66,2021-10-11 07:45:02,21650.0,4700.0,2734900.0
67,2021-10-11 07:45:02,21650.0,100.0,2730200.0
68,2021-10-11 07:45:02,21650.0,100.0,2730100.0
69,2021-10-11 07:45:02,21650.0,100.0,2730000.0
70,2021-10-11 07:45:02,21650.0,900.0,2729900.0
71,2021-10-11 07:45:02,21650.0,200.0,2729000.0
72,2021-10-11 07:45:02,21650.0,500.0,2728800.0
73,2021-10-11 07:45:02,21650.0,100.0,2728300.0
74,2021-10-11 07:45:02,21650.0,1000.0,2728200.0
75,2021-10-11 07:45:02,21650.0,1000.0,2727200.0
76,2021-10-11 07:45:02,21650.0,1000.0,2726200.0
77,2021-10-11 07:45:02,21650.0,800.0,2725200.0
78,2021-10-11 07:45:02,21650.0,2000.0,2724400.0
79,2021-10-11 07:45:02,21650.0,500.0,2722400.0
80,2021-10-11 07:45:02,21650.0,400.0,2721900.0
81,2021-10-11 07:45:02,21650.0,1600.0,2721500.0
82,2021-10-11 07:45:02,21650.0,5800.0,2719900.0
83,2021-10-11 07:45:02,21650.0,200.0,2714100.0
84,2021-10-11 07:45:02,21650.0,7400.0,2713900.0
85,2021-10-11 07:45:02,21650.0,100.0,2706500.0
86,2021-10-11 07:45:02,21650.0,800.0,2706400.0
87,2021-10-11 07:45:02,21650.0,4200.0,2705600.0
88,2021-10-11 07:45:02,21650.0,500.0,2701400.0
89,2021-10-11 07:45:02,21650.0,300.0,2700900.0
90,2021-10-11 07:45:02,21650.0,100.0,2700600.0
91,2021-10-11 07:45:02,21650.0,200.0,2700500.0
92,2021-10-11 07:45:02,21650.0,300.0,2700300.0
93,2021-10-11 07:45:02,21650.0,300.0,2700000.0
94,2021-10-11 07:45:02,21650.0,200.0,2699700.0
95,2021-10-11 07:45:02,21650.0,100.0,2699500.0
96,2021-10-11 07:45:02,21650.0,100.0,2699400.0
97,2021-10-11 07:29:59,21700.0,100.0,2699300.0
98,2021-10-11 07:29:59,21700.0,500.0,2699200.0
99,2021-10-11 07:29:59,21700.0,400.0,2698700.0
100,2021-10-11 07:29:57,21700.0,200.0,2698300.0
101,2021-10-11 07:29:54,21700.0,1600.0,2698100.0
102,2021-10-11 07:29:53,21700.0,200.0,2696500.0
103,2021-10-11 07:29:47,21700.0,300.0,2696300.0
104,2021-10-11 07:29:41,21700.0,200.0,2696000.0
105,2021-10-11 07:29:38,21700.0,300.0,2695800.0
106,2021-10-11 07:29:37,21700.0,300.0,2695500.0
107,2021-10-11 07:29:35,21700.0,2000.0,2695200.0
108,2021-10-11 07:29:25,21700.0,100.0,2693200.0
109,2021-10-11 07:29:24,21700.0,500.0,2693100.0
110,2021-10-11 07:29:23,21700.0,1300.0,2692600.0
111,2021-10-11 07:29:22,21700.0,500.0,2691300.0
112,2021-10-11 07:29:21,21700.0,500.0,2690800.0
113,2021-10-11 07:29:15,21700.0,1000.0,2690300.0
114,2021-10-11 07:29:06,21700.0,100.0,2689300.0
115,2021-10-11 07:28:53,21650.0,400.0,2689200.0
116,2021-10-11 07:28:53,21650.0,500.0,2688800.0
117,2021-10-11 07:28:53,21650.0,400.0,2688300.0
118,2021-10-11 07:28:53,21700.0,1600.0,2687900.0
119,2021-10-11 07:28:52,21750.0,100.0,2686300.0
120,2021-10-11 07:28:46,21700.0,300.0,2686200.0
121,2021-10-11 07:28:46,21700.0,100.0,2685900.0
122,2021-10-11 07:28:44,21700.0,100.0,2685800.0
123,2021-10-11 07:28:39,21700.0,100.0,2685700.0
124,2021-10-11 07:28:39,21700.0,200.0,2685600.0
125,2021-10-11 07:28:30,21700.0,1000.0,2685400.0
126,2021-10-11 07:28:23,21650.0,500.0,2684400.0
127,2021-10-11 07:28:02,21700.0,100.0,2683900.0
128,2021-10-11 07:27:53,21700.0,100.0,2683800.0
129,2021-10-11 07:27:48,21650.0,1100.0,2683700.0
130,2021-10-11 07:27:48,21650.0,100.0,2682600.0
131,2021-10-11 07:27:48,21650.0,1800.0,2682500.0
132,2021-10-11 07:27:48,21650.0,100.0,2680700.0
133,2021-10-11 07:27:48,21650.0,1900.0,2680600.0
134,2021-10-11 07:27:47,21650.0,100.0,2678700.0
135,2021-10-11 07:27:47,21650.0,400.0,2678600.0
136,2021-10-11 07:27:47,21700.0,1000.0,2678200.0
137,2021-10-11 07:27:37,21700.0,5000.0,2677200.0
138,2021-10-11 07:27:23,21700.0,600.0,2672200.0
139,2021-10-11 07:27:23,21700.0,1400.0,2671600.0
140,2021-10-11 07:27:20,21650.0,100.0,2670200.0
141,2021-10-11 07:27:20,21650.0,100.0,2670100.0
142,2021-10-11 07:27:15,21650.0,500.0,2670000.0
143,2021-10-11 07:27:15,21650.0,900.0,2669500.0
144,2021-10-11 07:27:15,21650.0,5400.0,2668600.0
145,2021-10-11 07:27:14,21700.0,500.0,2663200.0
146,2021-10-11 07:27:14,21700.0,100.0,2662700.0
147,2021-10-11 07:27:14,21700.0,400.0,2662600.0
148,2021-10-11 07:26:57,21700.0,400.0,2662200.0
149,2021-10-11 07:26:55,21700.0,200.0,2661800.0
150,2021-10-11 07:26:55,21700.0,1600.0,2661600.0
151,2021-10-11 07:26:48,21700.0,2000.0,2660000.0
152,2021-10-11 07:26:42,21650.0,1000.0,2658000.0
153,2021-10-11 07:26:37,21650.0,1900.0,2657000.0
154,2021-10-11 07:26:36,21700.0,1000.0,2655100.0
155,2021-10-11 07:26:17,21650.0,1100.0,2654100.0
156,2021-10-11 07:26:17,21650.0,600.0,2653000.0
157,2021-10-11 07:26:14,21650.0,3000.0,2652400.0
158,2021-10-11 07:26:13,21650.0,1000.0,2649400.0
159,2021-10-11 07:26:10,21650.0,3200.0,2648400.0
160,2021-10-11 07:26:02,21650.0,100.0,2645200.0
161,2021-10-11 07:25:57,21650.0,500.0,2645100.0
162,2021-10-11 07:25:57,21650.0,10000.0,2644600.0
163,2021-10-11 07:25:53,21650.0,1000.0,2634600.0
164,2021-10-11 07:25:51,21650.0,200.0,2633600.0
165,2021-10-11 07:25:50,21650.0,100.0,2633400.0
166,2021-10-11 07:25:50,21650.0,100.0,2633300.0
167,2021-10-11 07:25:50,21650.0,200.0,2633200.0
168,2021-10-11 07:25:47,21650.0,500.0,2633000.0
169,2021-10-11 07:25:39,21650.0,1000.0,2632500.0
170,2021-10-11 07:25:34,21650.0,200.0,2631500.0
171,2021-10-11 07:25:33,21650.0,400.0,2631300.0
172,2021-10-11 07:25:33,21650.0,100.0,2630900.0
173,2021-10-11 07:25:26,21650.0,1200.0,2630800.0
174,2021-10-11 07:25:26,21650.0,300.0,2629600.0
175,2021-10-11 07:25:26,21650.0,1000.0,2629300.0
176,2021-10-11 07:25:26,21650.0,400.0,2628300.0
177,2021-10-11 07:25:25,21600.0,300.0,2627900.0
178,2021-10-11 07:25:25,21600.0,1200.0,2627600.0
179,2021-10-11 07:25:19,21600.0,3800.0,2626400.0
180,2021-10-11 07:25:19,21600.0,100.0,2622600.0
181,2021-10-11 07:25:19,21600.0,1100.0,2622500.0
182,2021-10-11 07:25:18,21600.0,4700.0,2621400.0
183,2021-10-11 07:25:17,21600.0,400.0,2616700.0
184,2021-10-11 07:25:05,21600.0,3800.0,2616300.0
185,2021-10-11 07:25:05,21600.0,3600.0,2612500.0
186,2021-10-11 07:25:05,21600.0,200.0,2608900.0
187,2021-10-11 07:25:05,21600.0,400.0,2608700.0
188,2021-10-11 07:25:03,21600.0,600.0,2608300.0
189,2021-10-11 07:25:03,21600.0,100.0,2607700.0
190,2021-10-11 07:25:03,21600.0,200.0,2607600.0
191,2021-10-11 07:25:03,21600.0,100.0,2607400.0
192,2021-10-11 07:25:01,21600.0,200.0,2607300.0
193,2021-10-11 07:24:26,21600.0,200.0,2607100.0
194,2021-10-11 07:24:26,21600.0,300.0,2606900.0
195,2021-10-11 07:24:26,21600.0,200.0,2606600.0
196,2021-10-11 07:24:26,21600.0,100.0,2606400.0
197,2021-10-11 07:24:26,21600.0,200.0,2606300.0
198,2021-10-11 07:24:26,21600.0,100.0,2606100.0
199,2021-10-11 07:24:26,21600.0,300.0,2606000.0
200,2021-10-11 07:24:26,21600.0,100.0,2605700.0
201,2021-10-11 07:24:25,21600.0,300.0,2605600.0
202,2021-10-11 07:24:25,21600.0,200.0,2605300.0
203,2021-10-11 07:24:25,21600.0,200.0,2605100.0
204,2021-10-11 07:24:25,21600.0,500.0,2604900.0
205,2021-10-11 07:24:25,21600.0,800.0,2604400.0
206,2021-10-11 07:24:01,21600.0,1200.0,2603600.0
207,2021-10-11 07:24:01,21600.0,100.0,2602400.0
208,2021-10-11 07:23:51,21650.0,500.0,2602300.0
209,2021-10-11 07:23:51,21650.0,100.0,2601800.0
210,2021-10-11 07:23:47,21600.0,300.0,2601700.0
211,2021-10-11 07:23:47,21650.0,200.0,2601400.0
212,2021-10-11 07:23:44,21650.0,300.0,2601200.0
213,2021-10-11 07:23:43,21650.0,200.0,2600900.0
214,2021-10-11 07:23:39,21650.0,500.0,2600700.0
215,2021-10-11 07:23:39,21650.0,500.0,2600200.0
216,2021-10-11 07:23:27,21600.0,100.0,2599700.0
217,2021-10-11 07:23:27,21600.0,600.0,2599600.0
218,2021-10-11 07:23:27,21600.0,400.0,2599000.0
219,2021-10-11 07:23:27,21650.0,500.0,2598600.0
220,2021-10-11 07:23:27,21650.0,500.0,2598100.0
221,2021-10-11 07:23:27,21650.0,100.0,2597600.0
222,2021-10-11 07:23:27,21650.0,700.0,2597500.0
223,2021-10-11 07:23:27,21650.0,400.0,2596800.0
224,2021-10-11 07:23:27,21650.0,700.0,2596400.0
225,2021-10-11 07:23:22,21650.0,1900.0,2595700.0
226,2021-10-11 07:23:14,21650.0,6600.0,2593800.0
227,2021-10-11 07:23:01,21700.0,400.0,2587200.0
228,2021-10-11 07:22:51,21700.0,5000.0,2586800.0
229,2021-10-11 07:22:32,21600.0,400.0,2581800.0
230,2021-10-11 07:22:32,21600.0,300.0,2581400.0
231,2021-10-11 07:22:32,21600.0,1000.0,2581100.0
232,2021-10-11 07:22:32,21600.0,100.0,2580100.0
233,2021-10-11 07:22:32,21600.0,100.0,2580000.0
234,2021-10-11 07:22:32,21650.0,1000.0,2579900.0
235,2021-10-11 07:22:32,21650.0,200.0,2578900.0
236,2021-10-11 07:22:32,21650.0,100.0,2578700.0
237,2021-10-11 07:22:32,21650.0,300.0,2578600.0
238,2021-10-11 07:22:32,21700.0,5000.0,2578300.0
239,2021-10-11 07:22:32,21700.0,500.0,2573300.0
240,2021-10-11 07:22:32,21700.0,1000.0,2572800.0
241,2021-10-11 07:22:29,21700.0,4000.0,2571800.0
242,2021-10-11 07:22:29,21700.0,800.0,2567800.0
243,2021-10-11 07:22:17,21750.0,100.0,2567000.0
244,2021-10-11 07:22:11,21700.0,200.0,2566900.0
245,2021-10-11 07:22:02,21700.0,200.0,2566700.0
246,2021-10-11 07:22:02,21700.0,5000.0,2566500.0
247,2021-10-11 07:22:02,21700.0,100.0,2561500.0
248,2021-10-11 07:22:02,21700.0,500.0,2561400.0
249,2021-10-11 07:22:02,21700.0,1000.0,2560900.0
250,2021-10-11 07:22:02,21700.0,100.0,2559900.0
251,2021-10-11 07:22:02,21700.0,100.0,2559800.0
252,2021-10-11 07:22:02,21700.0,200.0,2559700.0
253,2021-10-11 07:22:02,21700.0,200.0,2559500.0
254,2021-10-11 07:22:02,21700.0,600.0,2559300.0
255,2021-10-11 07:22:02,21700.0,200.0,2558700.0
256,2021-10-11 07:22:02,21700.0,2000.0,2558500.0
257,2021-10-11 07:22:02,21700.0,500.0,2556500.0
258,2021-10-11 07:22:02,21700.0,1000.0,2556000.0
259,2021-10-11 07:22:02,21700.0,1000.0,2555000.0
260,2021-10-11 07:22:02,21700.0,100.0,2554000.0
261,2021-10-11 07:22:02,21700.0,5000.0,2553900.0
262,2021-10-11 07:22:02,21700.0,7000.0,2548900.0
263,2021-10-11 07:22:02,21700.0,500.0,2541900.0
264,2021-10-11 07:22:02,21700.0,200.0,2541400.0
265,2021-10-11 07:22:02,21700.0,100.0,2541200.0
266,2021-10-11 07:22:02,21700.0,200.0,2541100.0
267,2021-10-11 07:22:02,21700.0,15000.0,2540900.0
268,2021-10-11 07:22:02,21700.0,100.0,2525900.0
269,2021-10-11 07:22:02,21700.0,100.0,2525800.0
270,2021-10-11 07:22:02,21700.0,100.0,2525700.0
271,2021-10-11 07:22:02,21700.0,1900.0,2525600.0
272,2021-10-11 07:22:02,21700.0,200.0,2523700.0
273,2021-10-11 07:22:02,21700.0,400.0,2523500.0
274,2021-10-11 07:22:02,21700.0,300.0,2523100.0
275,2021-10-11 07:22:02,21700.0,200.0,2522800.0
276,2021-10-11 07:22:02,21700.0,5900.0,2522600.0
277,2021-10-11 07:21:56,21750.0,800.0,2516700.0
278,2021-10-11 07:21:56,21750.0,700.0,2515900.0
279,2021-10-11 07:21:51,21700.0,2500.0,2515200.0
280,2021-10-11 07:21:43,21700.0,700.0,2512700.0
281,2021-10-11 07:21:42,21750.0,300.0,2512000.0
282,2021-10-11 07:21:31,21750.0,1900.0,2511700.0
283,2021-10-11 07:21:31,21750.0,100.0,2509800.0
284,2021-10-11 07:21:19,21700.0,900.0,2509700.0
285,2021-10-11 07:21:19,21700.0,100.0,2508800.0
286,2021-10-11 07:21:15,21750.0,1000.0,2508700.0
287,2021-10-11 07:21:12,21750.0,500.0,2507700.0
288,2021-10-11 07:20:44,21750.0,600.0,2507200.0
289,2021-10-11 07:20:42,21750.0,400.0,2506600.0
290,2021-10-11 07:20:42,21750.0,500.0,2506200.0
291,2021-10-11 07:20:42,21750.0,100.0,2505700.0
292,2021-10-11 07:20:33,21750.0,1500.0,2505600.0
293,2021-10-11 07:20:28,21750.0,300.0,2504100.0
294,2021-10-11 07:20:20,21750.0,100.0,2503800.0
295,2021-10-11 07:20:20,21750.0,500.0,2503700.0
296,2021-10-11 07:20:20,21750.0,400.0,2503200.0
297,2021-10-11 07:20:18,21750.0,600.0,2502800.0
298,2021-10-11 07:19:59,21800.0,100.0,2502200.0
299,2021-10-11 07:19:48,21750.0,600.0,2502100.0
300,2021-10-11 07:19:39,21750.0,3000.0,2501500.0
301,2021-10-11 07:19:37,21750.0,400.0,2498500.0
302,2021-10-11 07:19:36,21750.0,200.0,2498100.0
303,2021-10-11 07:19:35,21750.0,500.0,2497900.0
304,2021-10-11 07:19:21,21750.0,300.0,2497400.0
305,2021-10-11 07:18:46,21750.0,200.0,2497100.0
306,2021-10-11 07:18:41,21750.0,200.0,2496900.0
307,2021-10-11 07:18:31,21750.0,300.0,2496700.0
308,2021-10-11 07:18:25,21750.0,100.0,2496400.0
309,2021-10-11 07:18:25,21750.0,200.0,2496300.0
310,2021-10-11 07:18:11,21750.0,2000.0,2496100.0
311,2021-10-11 07:18:11,21750.0,2600.0,2494100.0
312,2021-10-11 07:18:11,21750.0,200.0,2491500.0
313,2021-10-11 07:18:10,21750.0,1000.0,2491300.0
314,2021-10-11 07:17:56,21750.0,100.0,2490300.0
315,2021-10-11 07:17:53,21750.0,400.0,2490200.0
316,2021-10-11 07:17:53,21750.0,500.0,2489800.0
317,2021-10-11 07:17:53,21750.0,200.0,2489300.0
318,2021-10-11 07:17:53,21750.0,500.0,2489100.0
319,2021-10-11 07:17:53,21750.0,100.0,2488600.0
320,2021-10-11 07:17:53,21750.0,5000.0,2488500.0
321,2021-10-11 07:17:53,21750.0,2000.0,2483500.0
322,2021-10-11 07:17:45,21750.0,500.0,2481500.0
323,2021-10-11 07:17:45,21750.0,100.0,2481000.0
324,2021-10-11 07:17:45,21750.0,400.0,2480900.0
325,2021-10-11 07:17:35,21750.0,500.0,2480500.0
326,2021-10-11 07:17:32,21800.0,200.0,2480000.0
327,2021-10-11 07:17:22,21750.0,2000.0,2479800.0
328,2021-10-11 07:17:05,21750.0,300.0,2477800.0
329,2021-10-11 07:17:03,21750.0,200.0,2477500.0
330,2021-10-11 07:16:53,21750.0,1600.0,2477300.0
331,2021-10-11 07:16:53,21750.0,300.0,2475700.0
332,2021-10-11 07:16:53,21750.0,100.0,2475400.0
333,2021-10-11 07:16:53,21800.0,100.0,2475300.0
334,2021-10-11 07:16:15,21800.0,100.0,2475200.0
335,2021-10-11 07:16:03,21750.0,300.0,2475100.0
336,2021-10-11 07:16:03,21750.0,100.0,2474800.0
337,2021-10-11 07:16:03,21750.0,200.0,2474700.0
338,2021-10-11 07:16:03,21750.0,200.0,2474500.0
339,2021-10-11 07:16:03,21750.0,900.0,2474300.0
340,2021-10-11 07:16:03,21750.0,200.0,2473400.0
341,2021-10-11 07:16:03,21750.0,3600.0,2473200.0
342,2021-10-11 07:16:03,21800.0,500.0,2469600.0
343,2021-10-11 07:16:00,21800.0,200.0,2469100.0
344,2021-10-11 07:16:00,21800.0,200.0,2468900.0
345,2021-10-11 07:16:00,21800.0,1100.0,2468700.0
346,2021-10-11 07:15:54,21800.0,100.0,2467600.0
347,2021-10-11 07:15:53,21800.0,100.0,2467500.0
348,2021-10-11 07:15:39,21800.0,300.0,2467400.0
349,2021-10-11 07:15:24,21800.0,200.0,2467100.0
350,2021-10-11 07:15:18,21800.0,200.0,2466900.0
351,2021-10-11 07:15:18,21800.0,300.0,2466700.0
352,2021-10-11 07:15:15,21800.0,800.0,2466400.0
353,2021-10-11 07:15:06,21800.0,200.0,2465600.0
354,2021-10-11 07:15:06,21800.0,1000.0,2465400.0
355,2021-10-11 07:14:57,21800.0,1000.0,2464400.0
356,2021-10-11 07:14:54,21800.0,800.0,2463400.0
357,2021-10-11 07:14:54,21800.0,100.0,2462600.0
358,2021-10-11 07:14:54,21800.0,100.0,2462500.0
359,2021-10-11 07:14:54,21800.0,500.0,2462400.0
360,2021-10-11 07:14:31,21800.0,4000.0,2461900.0
361,2021-10-11 07:14:23,21800.0,700.0,2457900.0
362,2021-10-11 07:14:23,21800.0,100.0,2457200.0
363,2021-10-11 07:14:23,21800.0,1000.0,2457100.0
364,2021-10-11 07:14:23,21800.0,300.0,2456100.0
365,2021-10-11 07:14:23,21800.0,200.0,2455800.0
366,2021-10-11 07:14:23,21800.0,200.0,2455600.0
367,2021-10-11 07:14:21,21850.0,500.0,2455400.0
368,2021-10-11 07:14:08,21850.0,100.0,2454900.0
369,2021-10-11 07:14:04,21800.0,500.0,2454800.0
370,2021-10-11 07:13:58,21800.0,100.0,2454300.0
371,2021-10-11 07:13:58,21800.0,500.0,2454200.0
372,2021-10-11 07:13:58,21800.0,1000.0,2453700.0
373,2021-10-11 07:13:58,21800.0,200.0,2452700.0
374,2021-10-11 07:13:58,21800.0,100.0,2452500.0
375,2021-10-11 07:13:58,21800.0,800.0,2452400.0
376,2021-10-11 07:13:58,21800.0,100.0,2451600.0
377,2021-10-11 07:13:58,21800.0,200.0,2451500.0
378,2021-10-11 07:13:58,21800.0,500.0,2451300.0
379,2021-10-11 07:13:58,21800.0,100.0,2450800.0
380,2021-10-11 07:13:58,21800.0,1000.0,2450700.0
381,2021-10-11 07:13:58,21800.0,500.0,2449700.0
382,2021-10-11 07:13:58,21800.0,100.0,2449200.0
383,2021-10-11 07:13:58,21800.0,1800.0,2449100.0
384,2021-10-11 07:13:48,21800.0,8200.0,2447300.0
385,2021-10-11 07:13:48,21800.0,100.0,2439100.0
386,2021-10-11 07:13:48,21800.0,100.0,2439000.0
387,2021-10-11 07:13:48,21800.0,1000.0,2438900.0
388,2021-10-11 07:13:48,21800.0,100.0,2437900.0
389,2021-10-11 07:13:48,21800.0,500.0,2437800.0
390,2021-10-11 07:13:47,21800.0,700.0,2437300.0
391,2021-10-11 07:13:35,21800.0,400.0,2436600.0
392,2021-10-11 07:13:30,21800.0,100.0,2436200.0
393,2021-10-11 07:13:25,21800.0,800.0,2436100.0
394,2021-10-11 07:13:25,21800.0,12500.0,2435300.0
395,2021-10-11 07:13:25,21800.0,100.0,2422800.0
396,2021-10-11 07:13:25,21800.0,300.0,2422700.0
397,2021-10-11 07:13:25,21800.0,100.0,2422400.0
398,2021-10-11 07:13:25,21800.0,300.0,2422300.0
399,2021-10-11 07:13:25,21800.0,100.0,2422000.0
400,2021-10-11 07:13:25,21800.0,2500.0,2421900.0
401,2021-10-11 07:13:25,21800.0,500.0,2419400.0
402,2021-10-11 07:13:25,21800.0,500.0,2418900.0
403,2021-10-11 07:13:25,21800.0,100.0,2418400.0
404,2021-10-11 07:13:25,21800.0,300.0,2418300.0
405,2021-10-11 07:13:25,21800.0,300.0,2418000.0
406,2021-10-11 07:13:25,21800.0,200.0,2417700.0
407,2021-10-11 07:13:25,21800.0,700.0,2417500.0
408,2021-10-11 07:13:22,21800.0,2000.0,2416800.0
409,2021-10-11 07:13:19,21800.0,2300.0,2414800.0
410,2021-10-11 07:13:19,21800.0,500.0,2412500.0
411,2021-10-11 07:13:19,21800.0,100.0,2412000.0
412,2021-10-11 07:13:19,21800.0,1000.0,2411900.0
413,2021-10-11 07:13:19,21800.0,100.0,2410900.0
414,2021-10-11 07:13:19,21800.0,300.0,2410800.0
415,2021-10-11 07:13:19,21800.0,200.0,2410500.0
416,2021-10-11 07:13:19,21800.0,200.0,2410300.0
417,2021-10-11 07:13:19,21800.0,100.0,2410100.0
418,2021-10-11 07:13:19,21800.0,500.0,2410000.0
419,2021-10-11 07:13:19,21800.0,700.0,2409500.0
420,2021-10-11 07:13:19,21800.0,1800.0,2408800.0
421,2021-10-11 07:13:19,21800.0,200.0,2407000.0
422,2021-10-11 07:13:07,21800.0,100.0,2406800.0
423,2021-10-11 07:13:06,21800.0,600.0,2406700.0
424,2021-10-11 07:13:06,21800.0,100.0,2406100.0
425,2021-10-11 07:13:06,21800.0,100.0,2406000.0
426,2021-10-11 07:13:06,21800.0,200.0,2405900.0
427,2021-10-11 07:13:06,21800.0,1000.0,2405700.0
428,2021-10-11 07:13:06,21800.0,100.0,2404700.0
429,2021-10-11 07:13:06,21800.0,100.0,2404600.0
430,2021-10-11 07:13:06,21800.0,100.0,2404500.0
431,2021-10-11 07:13:06,21800.0,100.0,2404400.0
432,2021-10-11 07:13:06,21800.0,2600.0,2404300.0
433,2021-10-11 07:12:59,21800.0,1400.0,2401700.0
434,2021-10-11 07:12:56,21800.0,1000.0,2400300.0
435,2021-10-11 07:12:52,21800.0,100.0,2399300.0
436,2021-10-11 07:12:52,21800.0,1000.0,2399200.0
437,2021-10-11 07:12:52,21800.0,200.0,2398200.0
438,2021-10-11 07:12:52,21800.0,200.0,2398000.0
439,2021-10-11 07:12:52,21800.0,200.0,2397800.0
440,2021-10-11 07:12:52,21800.0,100.0,2397600.0
441,2021-10-11 07:12:52,21800.0,100.0,2397500.0
442,2021-10-11 07:12:52,21800.0,300.0,2397400.0
443,2021-10-11 07:12:52,21800.0,500.0,2397100.0
444,2021-10-11 07:12:52,21800.0,600.0,2396600.0
445,2021-10-11 07:12:52,21800.0,500.0,2396000.0
446,2021-10-11 07:12:52,21800.0,100.0,2395500.0
447,2021-10-11 07:12:52,21800.0,300.0,2395400.0
448,2021-10-11 07:12:52,21800.0,5800.0,2395100.0
449,2021-10-11 07:12:51,21800.0,900.0,2389300.0
450,2021-10-11 07:12:47,21800.0,13300.0,2388400.0
451,2021-10-11 07:12:47,21800.0,1000.0,2375100.0
452,2021-10-11 07:12:47,21800.0,200.0,2374100.0
453,2021-10-11 07:12:47,21800.0,500.0,2373900.0
454,2021-10-11 07:12:47,21800.0,100.0,2373400.0
455,2021-10-11 07:12:47,21800.0,4900.0,2373300.0
456,2021-10-11 07:12:46,21850.0,3000.0,2368400.0
457,2021-10-11 07:12:41,21800.0,100.0,2365400.0
458,2021-10-11 07:12:34,21850.0,400.0,2365300.0
459,2021-10-11 07:12:15,21800.0,3000.0,2364900.0
460,2021-10-11 07:12:05,21850.0,100.0,2361900.0
461,2021-10-11 07:11:48,21850.0,500.0,2361800.0
462,2021-10-11 07:11:36,21850.0,300.0,2361300.0
463,2021-10-11 07:11:30,21850.0,1100.0,2361000.0
464,2021-10-11 07:10:58,21850.0,500.0,2359900.0
465,2021-10-11 07:10:45,21800.0,1000.0,2359400.0
466,2021-10-11 07:10:40,21850.0,100.0,2358400.0
467,2021-10-11 07:10:34,21800.0,5000.0,2358300.0
468,2021-10-11 07:10:23,21850.0,1500.0,2353300.0
469,2021-10-11 07:10:15,21850.0,300.0,2351800.0
470,2021-10-11 07:09:56,21850.0,200.0,2351500.0
471,2021-10-11 07:09:55,21850.0,100.0,2351300.0
472,2021-10-11 07:09:55,21850.0,2000.0,2351200.0
473,2021-10-11 07:09:55,21850.0,200.0,2349200.0
474,2021-10-11 07:09:55,21850.0,100.0,2349000.0
475,2021-10-11 07:09:55,21850.0,400.0,2348900.0
476,2021-10-11 07:09:55,21850.0,100.0,2348500.0
477,2021-10-11 07:09:55,21850.0,2000.0,2348400.0
478,2021-10-11 07:09:55,21850.0,1000.0,2346400.0
479,2021-10-11 07:09:55,21850.0,500.0,2345400.0
480,2021-10-11 07:09:55,21850.0,4000.0,2344900.0
481,2021-10-11 07:09:36,21850.0,500.0,2340900.0
482,2021-10-11 07:09:36,21850.0,100.0,2340400.0
483,2021-10-11 07:09:13,21850.0,1000.0,2340300.0
484,2021-10-11 07:09:06,21850.0,500.0,2339300.0
485,2021-10-11 07:09:06,21850.0,100.0,2338800.0
486,2021-10-11 07:09:06,21850.0,700.0,2338700.0
487,2021-10-11 07:09:06,21850.0,300.0,2338000.0
488,2021-10-11 07:09:06,21850.0,3000.0,2337700.0
489,2021-10-11 07:09:06,21850.0,400.0,2334700.0
490,2021-10-11 07:08:57,21850.0,1400.0,2334300.0
491,2021-10-11 07:08:37,21900.0,4800.0,2332900.0
492,2021-10-11 07:08:37,21900.0,200.0,2328100.0
493,2021-10-11 07:08:24,21850.0,200.0,2327900.0
494,2021-10-11 07:08:24,21850.0,500.0,2327700.0
495,2021-10-11 07:08:24,21850.0,200.0,2327200.0
496,2021-10-11 07:08:24,21850.0,2000.0,2327000.0
497,2021-10-11 07:08:24,21850.0,500.0,2325000.0
498,2021-10-11 07:08:24,21850.0,2000.0,2324500.0
499,2021-10-11 07:08:24,21850.0,100.0,2322500.0
500,2021-10-11 07:08:24,21850.0,200.0,2322400.0
501,2021-10-11 07:08:24,21850.0,100.0,2322200.0
502,2021-10-11 07:08:24,21850.0,700.0,2322100.0
503,2021-10-11 07:08:23,21850.0,100.0,2321400.0
504,2021-10-11 07:07:55,21850.0,100.0,2321300.0
505,2021-10-11 07:07:36,21850.0,100.0,2321200.0
506,2021-10-11 07:07:36,21850.0,900.0,2321100.0
507,2021-10-11 07:07:31,21850.0,100.0,2320200.0
508,2021-10-11 07:07:31,21850.0,200.0,2320100.0
509,2021-10-11 07:07:31,21850.0,200.0,2319900.0
510,2021-10-11 07:07:11,21900.0,1700.0,2319700.0
511,2021-10-11 07:07:06,21900.0,1900.0,2318000.0
512,2021-10-11 07:07:06,21900.0,500.0,2316100.0
513,2021-10-11 07:07:06,21900.0,1900.0,2315600.0
514,2021-10-11 07:07:06,21900.0,200.0,2313700.0
515,2021-10-11 07:07:06,21900.0,200.0,2313500.0
516,2021-10-11 07:07:06,21900.0,500.0,2313300.0
517,2021-10-11 07:07:06,21900.0,200.0,2312800.0
518,2021-10-11 07:07:06,21900.0,2000.0,2312600.0
519,2021-10-11 07:07:06,21900.0,100.0,2310600.0
520,2021-10-11 07:07:06,21900.0,1500.0,2310500.0
521,2021-10-11 07:07:06,21900.0,100.0,2309000.0
522,2021-10-11 07:07:06,21900.0,500.0,2308900.0
523,2021-10-11 07:07:06,21900.0,2300.0,2308400.0
524,2021-10-11 07:07:06,21900.0,1000.0,2306100.0
525,2021-10-11 07:07:06,21900.0,100.0,2305100.0
526,2021-10-11 07:07:06,21900.0,500.0,2305000.0
527,2021-10-11 07:07:06,21900.0,200.0,2304500.0
528,2021-10-11 07:07:06,21900.0,500.0,2304300.0
529,2021-10-11 07:07:06,21900.0,100.0,2303800.0
530,2021-10-11 07:07:06,21900.0,1000.0,2303700.0
531,2021-10-11 07:07:06,21900.0,4300.0,2302700.0
532,2021-10-11 07:07:06,21900.0,500.0,2298400.0
533,2021-10-11 07:07:06,21900.0,5000.0,2297900.0
534,2021-10-11 07:07:06,21900.0,1200.0,2292900.0
535,2021-10-11 07:06:55,21900.0,3800.0,2291700.0
536,2021-10-11 07:06:55,21900.0,500.0,2287900.0
537,2021-10-11 07:06:55,21900.0,500.0,2287400.0
538,2021-10-11 07:06:55,21900.0,5000.0,2286900.0
539,2021-10-11 07:06:55,21900.0,100.0,2281900.0
540,2021-10-11 07:06:55,21900.0,8000.0,2281800.0
541,2021-10-11 07:06:55,21900.0,500.0,2273800.0
542,2021-10-11 07:06:55,21900.0,300.0,2273300.0
543,2021-10-11 07:06:55,21900.0,100.0,2273000.0
544,2021-10-11 07:06:55,21900.0,300.0,2272900.0
545,2021-10-11 07:06:55,21900.0,400.0,2272600.0
546,2021-10-11 07:06:55,21900.0,500.0,2272200.0
547,2021-10-11 07:06:37,21950.0,1400.0,2271700.0
548,2021-10-11 07:06:37,21950.0,200.0,2270300.0
549,2021-10-11 07:06:37,21950.0,400.0,2270100.0
550,2021-10-11 07:06:13,21950.0,100.0,2269700.0
551,2021-10-11 07:06:00,21950.0,100.0,2269600.0
552,2021-10-11 07:05:49,21950.0,2500.0,2269500.0
553,2021-10-11 07:04:50,21950.0,1000.0,2267000.0
554,2021-10-11 07:04:28,21950.0,1000.0,2266000.0
555,2021-10-11 07:04:26,21950.0,100.0,2265000.0
556,2021-10-11 07:04:26,21950.0,100.0,2264900.0
557,2021-10-11 07:04:26,21950.0,2000.0,2264800.0
558,2021-10-11 07:04:26,21950.0,100.0,2262800.0
559,2021-10-11 07:04:26,21950.0,1700.0,2262700.0
560,2021-10-11 07:04:26,21950.0,2000.0,2261000.0
561,2021-10-11 07:04:26,21950.0,300.0,2259000.0
562,2021-10-11 07:04:26,21950.0,300.0,2258700.0
563,2021-10-11 07:04:26,21950.0,800.0,2258400.0
564,2021-10-11 07:04:17,21950.0,1000.0,2257600.0
565,2021-10-11 07:04:07,21950.0,500.0,2256600.0
566,2021-10-11 07:03:55,21950.0,100.0,2256100.0
567,2021-10-11 07:02:59,21950.0,1000.0,2256000.0
568,2021-10-11 07:02:44,21950.0,600.0,2255000.0
569,2021-10-11 07:02:44,21950.0,100.0,2254400.0
570,2021-10-11 07:02:44,21950.0,1000.0,2254300.0
571,2021-10-11 07:02:20,21950.0,2000.0,2253300.0
572,2021-10-11 07:01:51,21950.0,1000.0,2251300.0
573,2021-10-11 07:01:36,21950.0,1000.0,2250300.0
574,2021-10-11 07:00:25,22000.0,300.0,2249300.0
575,2021-10-11 06:59:57,21950.0,100.0,2249000.0
576,2021-10-11 06:59:45,21950.0,1500.0,2248900.0
577,2021-10-11 06:59:45,21950.0,100.0,2247400.0
578,2021-10-11 06:59:45,21950.0,400.0,2247300.0
579,2021-10-11 06:58:42,21950.0,400.0,2246900.0
580,2021-10-11 06:58:42,21950.0,9200.0,2246500.0
581,2021-10-11 06:58:30,21950.0,200.0,2237300.0
582,2021-10-11 06:58:27,21950.0,5600.0,2237100.0
583,2021-10-11 06:58:27,21950.0,3400.0,2231500.0
584,2021-10-11 06:58:22,21900.0,1500.0,2228100.0
585,2021-10-11 06:58:22,21900.0,100.0,2226600.0
586,2021-10-11 06:58:22,21900.0,100.0,2226500.0
587,2021-10-11 06:58:22,21900.0,5300.0,2226400.0
588,2021-10-11 06:57:21,21950.0,400.0,2221100.0
589,2021-10-11 06:57:21,21950.0,1000.0,2220700.0
590,2021-10-11 06:57:21,21950.0,500.0,2219700.0
591,2021-10-11 06:57:21,21950.0,100.0,2219200.0
592,2021-10-11 06:57:21,21950.0,100.0,2219100.0
593,2021-10-11 06:57:21,21950.0,500.0,2219000.0
594,2021-10-11 06:57:21,21950.0,500.0,2218500.0
595,2021-10-11 06:57:21,21950.0,1000.0,2218000.0
596,2021-10-11 06:57:21,21950.0,7500.0,2217000.0
597,2021-10-11 06:57:14,22000.0,400.0,2209500.0
598,2021-10-11 06:56:40,21950.0,100.0,2209100.0
599,2021-10-11 06:56:39,21950.0,1000.0,2209000.0
600,2021-10-11 06:56:10,21950.0,500.0,2208000.0
601,2021-10-11 06:55:22,21950.0,500.0,2207500.0
602,2021-10-11 06:55:07,21950.0,400.0,2207000.0
603,2021-10-11 06:55:07,21950.0,500.0,2206600.0
604,2021-10-11 06:54:31,21950.0,300.0,2206100.0
605,2021-10-11 06:54:31,21950.0,500.0,2205800.0
606,2021-10-11 06:54:31,21950.0,100.0,2205300.0
607,2021-10-11 06:54:29,21950.0,1000.0,2205200.0
608,2021-10-11 06:53:52,21950.0,100.0,2204200.0
609,2021-10-11 06:52:59,21950.0,100.0,2204100.0
610,2021-10-11 06:52:16,21950.0,100.0,2204000.0
611,2021-10-11 06:52:12,21950.0,1000.0,2203900.0
612,2021-10-11 06:52:12,21950.0,100.0,2202900.0
613,2021-10-11 06:52:12,21950.0,100.0,2202800.0
614,2021-10-11 06:52:12,21950.0,300.0,2202700.0
615,2021-10-11 06:52:12,21950.0,500.0,2202400.0
616,2021-10-11 06:52:12,21950.0,500.0,2201900.0
617,2021-10-11 06:52:12,21950.0,1000.0,2201400.0
618,2021-10-11 06:52:12,21950.0,1000.0,2200400.0
619,2021-10-11 06:52:12,21950.0,2400.0,2199400.0
620,2021-10-11 06:52:07,21950.0,100.0,2197000.0
621,2021-10-11 06:51:36,21950.0,300.0,2196900.0
622,2021-10-11 06:51:32,21950.0,800.0,2196600.0
623,2021-10-11 06:51:30,21950.0,1000.0,2195800.0
624,2021-10-11 06:51:29,22000.0,200.0,2194800.0
625,2021-10-11 06:51:19,21950.0,400.0,2194600.0
626,2021-10-11 06:51:19,21950.0,600.0,2194200.0
627,2021-10-11 06:51:12,21950.0,100.0,2193600.0
628,2021-10-11 06:51:12,21950.0,900.0,2193500.0
629,2021-10-11 06:51:08,21950.0,100.0,2192600.0
630,2021-10-11 06:51:08,21950.0,500.0,2192500.0
631,2021-10-11 06:51:08,21950.0,500.0,2192000.0
632,2021-10-11 06:50:53,21950.0,2000.0,2191500.0
633,2021-10-11 06:49:48,22000.0,2200.0,2189500.0
634,2021-10-11 06:49:48,22000.0,200.0,2187300.0
635,2021-10-11 06:49:48,22000.0,600.0,2187100.0
636,2021-10-11 06:49:31,22000.0,100.0,2186500.0
637,2021-10-11 06:48:41,22000.0,100.0,2186400.0
638,2021-10-11 06:48:20,22000.0,700.0,2186300.0
639,2021-10-11 06:48:20,22000.0,100.0,2185600.0
640,2021-10-11 06:48:20,22000.0,1000.0,2185500.0
641,2021-10-11 06:48:20,22000.0,500.0,2184500.0
642,2021-10-11 06:48:18,22000.0,500.0,2184000.0
643,2021-10-11 06:48:18,22000.0,200.0,2183500.0
644,2021-10-11 06:48:18,22000.0,300.0,2183300.0
645,2021-10-11 06:48:17,21950.0,200.0,2183000.0
646,2021-10-11 06:48:08,22000.0,100.0,2182800.0
647,2021-10-11 06:47:29,22000.0,100.0,2182700.0
648,2021-10-11 06:47:18,22000.0,100.0,2182600.0
649,2021-10-11 06:47:05,22000.0,100.0,2182500.0
650,2021-10-11 06:46:54,22000.0,300.0,2182400.0
651,2021-10-11 06:46:54,22000.0,200.0,2182100.0
652,2021-10-11 06:46:36,21950.0,100.0,2181900.0
653,2021-10-11 06:46:13,21950.0,100.0,2181800.0
654,2021-10-11 06:46:00,21900.0,2000.0,2181700.0
655,2021-10-11 06:45:47,21950.0,100.0,2179700.0
656,2021-10-11 06:45:22,21950.0,500.0,2179600.0
657,2021-10-11 06:45:19,21900.0,2200.0,2179100.0
658,2021-10-11 06:45:19,21900.0,500.0,2176900.0
659,2021-10-11 06:45:19,21900.0,500.0,2176400.0
660,2021-10-11 06:45:19,21900.0,100.0,2175900.0
661,2021-10-11 06:45:19,21900.0,1000.0,2175800.0
662,2021-10-11 06:45:19,21900.0,100.0,2174800.0
663,2021-10-11 06:45:19,21900.0,300.0,2174700.0
664,2021-10-11 06:45:19,21900.0,100.0,2174400.0
665,2021-10-11 06:45:19,21900.0,2000.0,2174300.0
666,2021-10-11 06:45:19,21900.0,100.0,2172300.0
667,2021-10-11 06:45:19,21900.0,700.0,2172200.0
668,2021-10-11 06:45:19,21900.0,200.0,2171500.0
669,2021-10-11 06:45:19,21900.0,1000.0,2171300.0
670,2021-10-11 06:45:19,21900.0,500.0,2170300.0
671,2021-10-11 06:45:19,21900.0,300.0,2169800.0
672,2021-10-11 06:45:19,21900.0,500.0,2169500.0
673,2021-10-11 06:45:19,21900.0,400.0,2169000.0
674,2021-10-11 06:45:19,21900.0,1000.0,2168600.0
675,2021-10-11 06:45:19,21900.0,500.0,2167600.0
676,2021-10-11 06:45:19,21900.0,100.0,2167100.0
677,2021-10-11 06:45:19,21900.0,900.0,2167000.0
678,2021-10-11 06:44:43,21950.0,100.0,2166100.0
679,2021-10-11 06:44:43,21950.0,100.0,2166000.0
680,2021-10-11 06:44:16,21950.0,200.0,2165900.0
681,2021-10-11 06:44:16,21950.0,1200.0,2165700.0
682,2021-10-11 06:43:08,21950.0,500.0,2164500.0
683,2021-10-11 06:42:48,22000.0,400.0,2164000.0
684,2021-10-11 06:42:48,22000.0,1000.0,2163600.0
685,2021-10-11 06:42:48,22000.0,600.0,2162600.0
686,2021-10-11 06:41:49,22000.0,100.0,2162000.0
687,2021-10-11 06:41:39,22000.0,100.0,2161900.0
688,2021-10-11 06:41:28,22000.0,1000.0,2161800.0
689,2021-10-11 06:41:28,22000.0,200.0,2160800.0
690,2021-10-11 06:41:28,22000.0,300.0,2160600.0
691,2021-10-11 06:41:28,22000.0,400.0,2160300.0
692,2021-10-11 06:41:21,22000.0,200.0,2159900.0
693,2021-10-11 06:41:12,22000.0,100.0,2159700.0
694,2021-10-11 06:41:04,22000.0,900.0,2159600.0
695,2021-10-11 06:40:58,22000.0,300.0,2158700.0
696,2021-10-11 06:40:33,22000.0,500.0,2158400.0
697,2021-10-11 06:40:29,22000.0,3000.0,2157900.0
698,2021-10-11 06:40:18,22000.0,200.0,2154900.0
699,2021-10-11 06:40:07,22000.0,2000.0,2154700.0
700,2021-10-11 06:39:58,22000.0,500.0,2152700.0
701,2021-10-11 06:39:40,22000.0,400.0,2152200.0
702,2021-10-11 06:39:35,22000.0,500.0,2151800.0
703,2021-10-11 06:39:35,22000.0,1000.0,2151300.0
704,2021-10-11 06:39:35,22000.0,1000.0,2150300.0
705,2021-10-11 06:39:35,22000.0,100.0,2149300.0
706,2021-10-11 06:39:33,22000.0,1900.0,2149200.0
707,2021-10-11 06:39:33,22000.0,3100.0,2147300.0
708,2021-10-11 06:39:25,22000.0,1000.0,2144200.0
709,2021-10-11 06:39:24,22000.0,100.0,2143200.0
710,2021-10-11 06:39:02,22000.0,400.0,2143100.0
711,2021-10-11 06:39:02,22000.0,100.0,2142700.0
712,2021-10-11 06:39:02,22000.0,1000.0,2142600.0
713,2021-10-11 06:39:02,22000.0,1000.0,2141600.0
714,2021-10-11 06:39:02,22000.0,200.0,2140600.0
715,2021-10-11 06:39:02,22000.0,1000.0,2140400.0
716,2021-10-11 06:39:02,22000.0,6300.0,2139400.0
717,2021-10-11 06:39:00,22000.0,200.0,2133100.0
718,2021-10-11 06:38:33,22000.0,400.0,2132900.0
719,2021-10-11 06:38:15,21900.0,100.0,2132500.0
720,2021-10-11 06:38:15,21900.0,100.0,2132400.0
721,2021-10-11 06:38:15,21900.0,300.0,2132300.0
722,2021-10-11 06:38:12,22000.0,100.0,2132000.0
723,2021-10-11 06:38:09,21900.0,200.0,2131900.0
724,2021-10-11 06:38:09,21900.0,200.0,2131700.0
725,2021-10-11 06:38:09,21900.0,300.0,2131500.0
726,2021-10-11 06:38:09,21900.0,3000.0,2131200.0
727,2021-10-11 06:38:09,21900.0,400.0,2128200.0
728,2021-10-11 06:38:01,21900.0,100.0,2127800.0
729,2021-10-11 06:38:01,21900.0,500.0,2127700.0
730,2021-10-11 06:38:01,21900.0,200.0,2127200.0
731,2021-10-11 06:38:01,21900.0,200.0,2127000.0
732,2021-10-11 06:38:01,21900.0,200.0,2126800.0
733,2021-10-11 06:38:01,21900.0,300.0,2126600.0
734,2021-10-11 06:38:01,21900.0,500.0,2126300.0
735,2021-10-11 06:37:57,22000.0,500.0,2125800.0
736,2021-10-11 06:37:29,22000.0,200.0,2125300.0
737,2021-10-11 06:37:18,21900.0,100.0,2125100.0
738,2021-10-11 06:37:18,22000.0,2000.0,2125000.0
739,2021-10-11 06:37:06,22000.0,100.0,2123000.0
740,2021-10-11 06:36:51,22000.0,200.0,2122900.0
741,2021-10-11 06:36:51,22000.0,1000.0,2122700.0
742,2021-10-11 06:36:51,22000.0,600.0,2121700.0
743,2021-10-11 06:36:51,22000.0,1000.0,2121100.0
744,2021-10-11 06:36:51,22000.0,2000.0,2120100.0
745,2021-10-11 06:36:51,22000.0,1600.0,2118100.0
746,2021-10-11 06:36:51,22000.0,1000.0,2116500.0
747,2021-10-11 06:36:51,22000.0,1000.0,2115500.0
748,2021-10-11 06:36:51,22000.0,200.0,2114500.0
749,2021-10-11 06:36:51,22000.0,1000.0,2114300.0
750,2021-10-11 06:36:51,22000.0,2900.0,2113300.0
751,2021-10-11 06:36:51,21950.0,3700.0,2110400.0
752,2021-10-11 06:36:51,21950.0,200.0,2106700.0
753,2021-10-11 06:36:51,21950.0,3600.0,2106500.0
754,2021-10-11 06:36:50,21900.0,200.0,2102900.0
755,2021-10-11 06:36:50,21900.0,300.0,2102700.0
756,2021-10-11 06:36:48,21900.0,200.0,2102400.0
757,2021-10-11 06:36:48,21900.0,400.0,2102200.0
758,2021-10-11 06:36:36,21900.0,600.0,2101800.0
759,2021-10-11 06:36:36,21900.0,2000.0,2101200.0
760,2021-10-11 06:36:36,21900.0,400.0,2099200.0
761,2021-10-11 06:36:15,21900.0,600.0,2098800.0
762,2021-10-11 06:36:15,21900.0,500.0,2098200.0
763,2021-10-11 06:36:15,21900.0,500.0,2097700.0
764,2021-10-11 06:36:15,21900.0,200.0,2097200.0
765,2021-10-11 06:36:15,21900.0,400.0,2097000.0
766,2021-10-11 06:36:03,21950.0,700.0,2096600.0
767,2021-10-11 06:35:59,21900.0,100.0,2095900.0
768,2021-10-11 06:35:59,21900.0,100.0,2095800.0
769,2021-10-11 06:35:59,21900.0,100.0,2095700.0
770,2021-10-11 06:35:59,21900.0,200.0,2095600.0
771,2021-10-11 06:35:59,21900.0,500.0,2095400.0
772,2021-10-11 06:35:59,21900.0,500.0,2094900.0
773,2021-10-11 06:35:59,21900.0,100.0,2094400.0
774,2021-10-11 06:35:59,21900.0,100.0,2094300.0
775,2021-10-11 06:35:59,21900.0,1000.0,2094200.0
776,2021-10-11 06:35:59,21900.0,300.0,2093200.0
777,2021-10-11 06:35:55,21900.0,200.0,2092900.0
778,2021-10-11 06:35:55,21900.0,500.0,2092700.0
779,2021-10-11 06:35:55,21900.0,300.0,2092200.0
780,2021-10-11 06:35:37,21900.0,700.0,2091900.0
781,2021-10-11 06:35:37,21900.0,500.0,2091200.0
782,2021-10-11 06:35:37,21900.0,100.0,2090700.0
783,2021-10-11 06:35:34,21950.0,700.0,2090600.0
784,2021-10-11 06:35:21,21950.0,300.0,2089900.0
785,2021-10-11 06:35:16,21950.0,100.0,2089600.0
786,2021-10-11 06:35:16,21950.0,200.0,2089500.0
787,2021-10-11 06:35:16,21950.0,1000.0,2089300.0
788,2021-10-11 06:35:16,21950.0,300.0,2088300.0
789,2021-10-11 06:35:16,21950.0,500.0,2088000.0
790,2021-10-11 06:35:16,21950.0,100.0,2087500.0
791,2021-10-11 06:35:16,21950.0,600.0,2087400.0
792,2021-10-11 06:35:16,21950.0,1400.0,2086800.0
793,2021-10-11 06:35:15,21950.0,600.0,2085400.0
794,2021-10-11 06:35:15,21950.0,200.0,2084800.0
795,2021-10-11 06:35:15,21950.0,200.0,2084600.0
796,2021-10-11 06:34:58,21950.0,500.0,2084400.0
797,2021-10-11 06:34:58,21950.0,100.0,2083900.0
798,2021-10-11 06:34:58,21950.0,100.0,2083800.0
799,2021-10-11 06:34:58,21950.0,1300.0,2083700.0
800,2021-10-11 06:34:58,21950.0,3000.0,2082400.0
801,2021-10-11 06:34:54,22000.0,500.0,2079400.0
802,2021-10-11 06:34:50,22000.0,100.0,2078900.0
803,2021-10-11 06:34:49,22000.0,300.0,2078800.0
804,2021-10-11 06:34:40,22000.0,200.0,2078500.0
805,2021-10-11 06:34:39,22000.0,100.0,2078300.0
806,2021-10-11 06:34:36,22000.0,200.0,2078200.0
807,2021-10-11 06:34:31,22000.0,100.0,2078000.0
808,2021-10-11 06:34:31,22000.0,1000.0,2077900.0
809,2021-10-11 06:34:31,22000.0,2200.0,2076900.0
810,2021-10-11 06:34:30,22000.0,700.0,2074700.0
811,2021-10-11 06:34:22,22000.0,1100.0,2074000.0
812,2021-10-11 06:34:16,22000.0,300.0,2072900.0
813,2021-10-11 06:34:16,22000.0,200.0,2072600.0
814,2021-10-11 06:34:16,22000.0,200.0,2072400.0
815,2021-10-11 06:34:16,22000.0,100.0,2072200.0
816,2021-10-11 06:34:16,22000.0,200.0,2072100.0
817,2021-10-11 06:34:16,22000.0,100.0,2071900.0
818,2021-10-11 06:34:16,22000.0,100.0,2071800.0
819,2021-10-11 06:34:16,22000.0,600.0,2071700.0
820,2021-10-11 06:34:16,22000.0,800.0,2071100.0
821,2021-10-11 06:34:16,22100.0,500.0,2070300.0
822,2021-10-11 06:34:16,22000.0,1700.0,2069800.0
823,2021-10-11 06:34:16,22000.0,100.0,2068100.0
824,2021-10-11 06:34:16,22000.0,200.0,2068000.0
825,2021-10-11 06:33:50,22000.0,9800.0,2067800.0
826,2021-10-11 06:33:50,22000.0,200.0,2058000.0
827,2021-10-11 06:33:50,22000.0,1000.0,2057800.0
828,2021-10-11 06:33:50,22000.0,200.0,2056800.0
829,2021-10-11 06:33:50,22000.0,100.0,2056600.0
830,2021-10-11 06:33:50,22000.0,500.0,2056500.0
831,2021-10-11 06:33:50,22000.0,300.0,2056000.0
832,2021-10-11 06:33:50,22000.0,100.0,2055700.0
833,2021-10-11 06:33:50,22000.0,1600.0,2055600.0
834,2021-10-11 06:33:50,22000.0,1000.0,2054000.0
835,2021-10-11 06:33:50,22000.0,1000.0,2053000.0
836,2021-10-11 06:33:50,22000.0,100.0,2052000.0
837,2021-10-11 06:33:50,22000.0,1400.0,2051900.0
838,2021-10-11 06:33:50,22000.0,500.0,2050500.0
839,2021-10-11 06:33:50,22000.0,20000.0,2050000.0
840,2021-10-11 06:33:50,22000.0,1000.0,2030000.0
841,2021-10-11 06:33:50,22000.0,15000.0,2029000.0
842,2021-10-11 06:33:50,22000.0,1000.0,2014000.0
843,2021-10-11 06:33:50,22000.0,100.0,2013000.0
844,2021-10-11 06:33:50,22000.0,100.0,2012900.0
845,2021-10-11 06:33:50,22000.0,500.0,2012800.0
846,2021-10-11 06:33:50,22000.0,500.0,2012300.0
847,2021-10-11 06:33:50,22000.0,500.0,2011800.0
848,2021-10-11 06:33:50,22000.0,400.0,2011300.0
849,2021-10-11 06:33:50,22000.0,500.0,2010900.0
850,2021-10-11 06:33:50,22000.0,1000.0,2010400.0
851,2021-10-11 06:33:50,22000.0,1000.0,2009400.0
852,2021-10-11 06:33:50,22000.0,100.0,2008400.0
853,2021-10-11 06:33:50,22000.0,300.0,2008300.0
854,2021-10-11 06:33:50,22000.0,200.0,2008000.0
855,2021-10-11 06:33:50,22000.0,2000.0,2007800.0
856,2021-10-11 06:33:50,22000.0,5000.0,2005800.0
857,2021-10-11 06:33:50,22000.0,500.0,2000800.0
858,2021-10-11 06:33:50,22000.0,200.0,2000300.0
859,2021-10-11 06:33:50,22000.0,300.0,2000100.0
860,2021-10-11 06:33:50,22000.0,1000.0,1999800.0
861,2021-10-11 06:33:50,22000.0,200.0,1998800.0
862,2021-10-11 06:33:50,22000.0,100.0,1998600.0
863,2021-10-11 06:33:50,22000.0,500.0,1998500.0
864,2021-10-11 06:33:50,22000.0,500.0,1998000.0
865,2021-10-11 06:33:50,22000.0,400.0,1997500.0
866,2021-10-11 06:33:50,22000.0,3000.0,1997100.0
867,2021-10-11 06:33:50,22000.0,1000.0,1994100.0
868,2021-10-11 06:33:50,22000.0,100.0,1993100.0
869,2021-10-11 06:33:50,22000.0,300.0,1993000.0
870,2021-10-11 06:33:50,22000.0,500.0,1992700.0
871,2021-10-11 06:33:50,22000.0,100.0,1992200.0
872,2021-10-11 06:33:50,22000.0,300.0,1992100.0
873,2021-10-11 06:33:50,22000.0,1000.0,1991800.0
874,2021-10-11 06:33:50,22000.0,1000.0,1990800.0
875,2021-10-11 06:33:50,22000.0,5000.0,1989800.0
876,2021-10-11 06:33:50,22000.0,400.0,1984800.0
877,2021-10-11 06:33:50,22000.0,100.0,1984400.0
878,2021-10-11 06:33:50,22000.0,400.0,1984300.0
879,2021-10-11 06:33:50,22000.0,1000.0,1983900.0
880,2021-10-11 06:33:50,22000.0,2000.0,1982900.0
881,2021-10-11 06:33:50,22000.0,1000.0,1980900.0
882,2021-10-11 06:33:50,22000.0,600.0,1979900.0
883,2021-10-11 06:33:50,22000.0,200.0,1979300.0
884,2021-10-11 06:33:50,22000.0,100.0,1979100.0
885,2021-10-11 06:33:50,22000.0,100.0,1979000.0
886,2021-10-11 06:33:50,22000.0,100.0,1978900.0
887,2021-10-11 06:33:50,22000.0,100.0,1978800.0
888,2021-10-11 06:33:50,22000.0,1000.0,1978700.0
889,2021-10-11 06:33:50,22000.0,2000.0,1977700.0
890,2021-10-11 06:33:50,22050.0,100.0,1975700.0
891,2021-10-11 06:33:50,22050.0,5000.0,1975600.0
892,2021-10-11 06:33:50,22050.0,1000.0,1970600.0
893,2021-10-11 06:33:50,22050.0,1000.0,1969600.0
894,2021-10-11 06:33:50,22050.0,100.0,1968600.0
895,2021-10-11 06:33:50,22050.0,100.0,1968500.0
896,2021-10-11 06:33:50,22050.0,500.0,1968400.0
897,2021-10-11 06:33:50,22050.0,1000.0,1967900.0
898,2021-10-11 06:33:50,22050.0,100.0,1966900.0
899,2021-10-11 06:33:50,22050.0,500.0,1966800.0
900,2021-10-11 06:33:50,22050.0,100.0,1966300.0
901,2021-10-11 06:33:50,22050.0,100.0,1966200.0
902,2021-10-11 06:33:50,22050.0,1000.0,1966100.0
903,2021-10-11 06:33:50,22050.0,200.0,1965100.0
904,2021-10-11 06:33:50,22050.0,2100.0,1964900.0
905,2021-10-11 06:33:40,22050.0,100.0,1962800.0
906,2021-10-11 06:33:36,22050.0,1000.0,1962700.0
907,2021-10-11 06:33:36,22050.0,100.0,1961700.0
908,2021-10-11 06:33:36,22050.0,1000.0,1961600.0
909,2021-10-11 06:33:36,22050.0,200.0,1960600.0
910,2021-10-11 06:33:36,22050.0,1000.0,1960400.0
911,2021-10-11 06:33:36,22050.0,500.0,1959400.0
912,2021-10-11 06:33:36,22050.0,16200.0,1958900.0
913,2021-10-11 06:33:33,22100.0,200.0,1942700.0
914,2021-10-11 06:33:24,22050.0,100.0,1942500.0
915,2021-10-11 06:33:00,22050.0,800.0,1942400.0
916,2021-10-11 06:32:54,22100.0,2400.0,1941600.0
917,2021-10-11 06:32:34,22100.0,400.0,1939200.0
918,2021-10-11 06:32:19,22050.0,100.0,1938800.0
919,2021-10-11 06:32:08,22050.0,700.0,1938700.0
920,2021-10-11 06:31:50,22050.0,900.0,1938000.0
921,2021-10-11 06:31:29,22050.0,100.0,1937100.0
922,2021-10-11 06:31:29,22050.0,11100.0,1937000.0
923,2021-10-11 06:31:29,22050.0,500.0,1925900.0
924,2021-10-11 06:31:29,22050.0,1400.0,1925400.0
925,2021-10-11 06:31:19,22050.0,300.0,1924000.0
926,2021-10-11 06:31:00,22050.0,600.0,1923700.0
927,2021-10-11 06:30:47,22050.0,1000.0,1923100.0
928,2021-10-11 06:30:45,22100.0,100.0,1922100.0
929,2021-10-11 06:30:45,22100.0,100.0,1922000.0
930,2021-10-11 06:30:34,22100.0,100.0,1921900.0
931,2021-10-11 06:30:27,22050.0,200.0,1921800.0
932,2021-10-11 06:30:27,22050.0,700.0,1921600.0
933,2021-10-11 06:30:27,22050.0,2100.0,1920900.0
934,2021-10-11 06:30:16,22050.0,500.0,1918800.0
935,2021-10-11 06:29:13,22050.0,300.0,1918300.0
936,2021-10-11 06:29:09,22050.0,7100.0,1918000.0
937,2021-10-11 06:29:09,22050.0,500.0,1910900.0
938,2021-10-11 06:29:09,22050.0,1000.0,1910400.0
939,2021-10-11 06:29:09,22050.0,200.0,1909400.0
940,2021-10-11 06:29:09,22050.0,200.0,1909200.0
941,2021-10-11 06:29:09,22050.0,500.0,1909000.0
942,2021-10-11 06:29:09,22050.0,100.0,1908500.0
943,2021-10-11 06:29:09,22050.0,200.0,1908400.0
944,2021-10-11 06:29:09,22050.0,200.0,1908200.0
945,2021-10-11 06:28:56,22050.0,300.0,1908000.0
946,2021-10-11 06:28:56,22050.0,200.0,1907700.0
947,2021-10-11 06:28:56,22050.0,100.0,1907500.0
948,2021-10-11 06:28:56,22050.0,500.0,1907400.0
949,2021-10-11 06:28:43,22100.0,800.0,1906900.0
950,2021-10-11 06:28:43,22100.0,200.0,1906100.0
951,2021-10-11 06:28:34,22100.0,1000.0,1905900.0
952,2021-10-11 06:28:25,22100.0,2100.0,1904900.0
953,2021-10-11 06:28:24,22100.0,2000.0,1902800.0
954,2021-10-11 06:28:19,22100.0,4600.0,1900800.0
955,2021-10-11 06:28:19,22100.0,400.0,1896200.0
956,2021-10-11 06:28:18,22100.0,1000.0,1895800.0
957,2021-10-11 06:28:13,22100.0,100.0,1894800.0
958,2021-10-11 06:28:13,22100.0,100.0,1894700.0
959,2021-10-11 06:28:05,22100.0,400.0,1894600.0
960,2021-10-11 06:28:05,22100.0,1600.0,1894200.0
961,2021-10-11 06:27:58,22100.0,200.0,1892600.0
962,2021-10-11 06:27:58,22100.0,100.0,1892400.0
963,2021-10-11 06:27:58,22100.0,100.0,1892300.0
964,2021-10-11 06:27:55,22100.0,200.0,1892200.0
965,2021-10-11 06:27:55,22100.0,100.0,1892000.0
966,2021-10-11 06:27:55,22100.0,1000.0,1891900.0
967,2021-10-11 06:27:55,22100.0,1300.0,1890900.0
968,2021-10-11 06:27:54,22100.0,2700.0,1889600.0
969,2021-10-11 06:27:53,22100.0,300.0,1886900.0
970,2021-10-11 06:27:53,22100.0,1700.0,1886600.0
971,2021-10-11 06:27:49,22100.0,800.0,1884900.0
972,2021-10-11 06:27:41,22100.0,100.0,1884100.0
973,2021-10-11 06:27:41,22100.0,300.0,1884000.0
974,2021-10-11 06:27:41,22100.0,100.0,1883700.0
975,2021-10-11 06:27:41,22100.0,400.0,1883600.0
976,2021-10-11 06:27:41,22100.0,100.0,1883200.0
977,2021-10-11 06:27:41,22100.0,100.0,1883100.0
978,2021-10-11 06:27:41,22100.0,700.0,1883000.0
979,2021-10-11 06:27:34,22100.0,300.0,1882300.0
980,2021-10-11 06:27:32,22100.0,400.0,1882000.0
981,2021-10-11 06:27:32,22100.0,100.0,1881600.0
982,2021-10-11 06:27:32,22100.0,2500.0,1881500.0
983,2021-10-11 06:27:32,22100.0,200.0,1879000.0
984,2021-10-11 06:27:26,22100.0,1000.0,1878800.0
985,2021-10-11 06:27:19,22100.0,1500.0,1877800.0
986,2021-10-11 06:27:10,22100.0,5800.0,1876300.0
987,2021-10-11 06:27:10,22100.0,3000.0,1870500.0
988,2021-10-11 06:27:02,22100.0,200.0,1867500.0
989,2021-10-11 06:26:54,22100.0,400.0,1867300.0
990,2021-10-11 06:26:48,22100.0,1900.0,1866900.0
991,2021-10-11 06:26:39,22100.0,200.0,1865000.0
992,2021-10-11 06:26:35,22100.0,3000.0,1864800.0
993,2021-10-11 06:26:33,22100.0,1200.0,1861800.0
994,2021-10-11 06:26:26,22100.0,1100.0,1860600.0
995,2021-10-11 06:26:17,22100.0,100.0,1859500.0
996,2021-10-11 06:26:11,22100.0,7900.0,1859400.0
997,2021-10-11 06:26:11,22100.0,1000.0,1851500.0
998,2021-10-11 06:26:11,22100.0,1100.0,1850500.0
999,2021-10-11 06:26:08,22150.0,200.0,1849400.0
1000,2021-10-11 06:25:31,22150.0,1000.0,1849200.0
1001,2021-10-11 06:25:15,22150.0,100.0,1848200.0
1002,2021-10-11 06:25:04,22150.0,100.0,1848100.0
1003,2021-10-11 06:24:43,22150.0,3000.0,1848000.0
1004,2021-10-11 06:24:43,22150.0,2000.0,1845000.0
1005,2021-10-11 06:24:40,22100.0,1900.0,1843000.0
1006,2021-10-11 06:24:40,22100.0,100.0,1841100.0
1007,2021-10-11 06:24:40,22100.0,100.0,1841000.0
1008,2021-10-11 06:24:40,22100.0,10000.0,1840900.0
1009,2021-10-11 06:24:40,22100.0,200.0,1830900.0
1010,2021-10-11 06:24:40,22100.0,100.0,1830700.0
1011,2021-10-11 06:24:40,22100.0,500.0,1830600.0
1012,2021-10-11 06:24:40,22100.0,300.0,1830100.0
1013,2021-10-11 06:24:40,22100.0,10000.0,1829800.0
1014,2021-10-11 06:24:40,22100.0,100.0,1819800.0
1015,2021-10-11 06:24:40,22100.0,100.0,1819700.0
1016,2021-10-11 06:24:40,22100.0,100.0,1819600.0
1017,2021-10-11 06:24:40,22100.0,500.0,1819500.0
1018,2021-10-11 06:24:40,22100.0,100.0,1819000.0
1019,2021-10-11 06:24:40,22100.0,100.0,1818900.0
1020,2021-10-11 06:24:40,22100.0,15000.0,1818800.0
1021,2021-10-11 06:24:40,22100.0,1000.0,1803800.0
1022,2021-10-11 06:24:40,22100.0,10000.0,1802800.0
1023,2021-10-11 06:24:40,22100.0,100.0,1792800.0
1024,2021-10-11 06:24:40,22100.0,800.0,1792700.0
1025,2021-10-11 06:24:40,22100.0,100.0,1791900.0
1026,2021-10-11 06:24:40,22100.0,100.0,1791800.0
1027,2021-10-11 06:24:40,22100.0,200.0,1791700.0
1028,2021-10-11 06:24:40,22100.0,100.0,1791500.0
1029,2021-10-11 06:24:40,22100.0,100.0,1791400.0
1030,2021-10-11 06:24:40,22100.0,3000.0,1791300.0
1031,2021-10-11 06:24:40,22100.0,600.0,1788300.0
1032,2021-10-11 06:24:40,22100.0,200.0,1787700.0
1033,2021-10-11 06:24:40,22100.0,1500.0,1787500.0
1034,2021-10-11 06:24:32,22100.0,3500.0,1786000.0
1035,2021-10-11 06:24:32,22100.0,500.0,1782500.0
1036,2021-10-11 06:24:32,22100.0,100.0,1782000.0
1037,2021-10-11 06:24:32,22100.0,200.0,1781900.0
1038,2021-10-11 06:24:32,22100.0,500.0,1781700.0
1039,2021-10-11 06:24:32,22100.0,100.0,1781200.0
1040,2021-10-11 06:24:32,22100.0,300.0,1781100.0
1041,2021-10-11 06:24:32,22100.0,200.0,1780800.0
1042,2021-10-11 06:24:32,22100.0,100.0,1780600.0
1043,2021-10-11 06:24:32,22100.0,500.0,1780500.0
1044,2021-10-11 06:24:20,22150.0,100.0,1780000.0
1045,2021-10-11 06:23:56,22150.0,200.0,1779900.0
1046,2021-10-11 06:23:55,22150.0,100.0,1779700.0
1047,2021-10-11 06:23:03,22150.0,100.0,1779600.0
1048,2021-10-11 06:22:39,22100.0,100.0,1779500.0
1049,2021-10-11 06:22:32,22100.0,400.0,1779400.0
1050,2021-10-11 06:22:32,22100.0,900.0,1779000.0
1051,2021-10-11 06:22:32,22100.0,1100.0,1778100.0
1052,2021-10-11 06:22:32,22100.0,200.0,1777000.0
1053,2021-10-11 06:22:32,22100.0,100.0,1776800.0
1054,2021-10-11 06:22:32,22100.0,100.0,1776700.0
1055,2021-10-11 06:22:32,22100.0,1000.0,1776600.0
1056,2021-10-11 06:22:32,22100.0,200.0,1775600.0
1057,2021-10-11 06:22:32,22100.0,1000.0,1775400.0
1058,2021-10-11 06:22:32,22100.0,100.0,1774400.0
1059,2021-10-11 06:22:32,22100.0,100.0,1774300.0
1060,2021-10-11 06:22:32,22100.0,100.0,1774200.0
1061,2021-10-11 06:22:32,22100.0,500.0,1774100.0
1062,2021-10-11 06:22:32,22100.0,100.0,1773600.0
1063,2021-10-11 06:22:32,22100.0,100.0,1773500.0
1064,2021-10-11 06:22:32,22100.0,500.0,1773400.0
1065,2021-10-11 06:22:32,22100.0,1800.0,1772900.0
1066,2021-10-11 06:22:08,22100.0,200.0,1771100.0
1067,2021-10-11 06:22:00,22150.0,600.0,1770900.0
1068,2021-10-11 06:22:00,22150.0,200.0,1770300.0
1069,2021-10-11 06:22:00,22150.0,1000.0,1770100.0
1070,2021-10-11 06:22:00,22150.0,2000.0,1769100.0
1071,2021-10-11 06:22:00,22150.0,200.0,1767100.0
1072,2021-10-11 06:22:00,22150.0,100.0,1766900.0
1073,2021-10-11 06:22:00,22150.0,700.0,1766800.0
1074,2021-10-11 06:22:00,22150.0,500.0,1766100.0
1075,2021-10-11 06:22:00,22150.0,2200.0,1765600.0
1076,2021-10-11 06:21:56,22150.0,300.0,1763400.0
1077,2021-10-11 06:21:51,22150.0,300.0,1763100.0
1078,2021-10-11 06:21:51,22150.0,700.0,1762800.0
1079,2021-10-11 06:21:50,22150.0,700.0,1762100.0
1080,2021-10-11 06:21:36,22150.0,600.0,1761400.0
1081,2021-10-11 06:21:34,22150.0,200.0,1760800.0
1082,2021-10-11 06:21:22,22200.0,400.0,1760600.0
1083,2021-10-11 06:21:19,22150.0,800.0,1760200.0
1084,2021-10-11 06:21:14,22200.0,100.0,1759400.0
1085,2021-10-11 06:21:06,22200.0,200.0,1759300.0
1086,2021-10-11 06:21:03,22150.0,2200.0,1759100.0
1087,2021-10-11 06:21:03,22150.0,100.0,1756900.0
1088,2021-10-11 06:21:03,22150.0,500.0,1756800.0
1089,2021-10-11 06:21:03,22150.0,500.0,1756300.0
1090,2021-10-11 06:21:03,22150.0,300.0,1755800.0
1091,2021-10-11 06:21:01,22150.0,100.0,1755500.0
1092,2021-10-11 06:21:01,22150.0,500.0,1755400.0
1093,2021-10-11 06:21:01,22150.0,200.0,1754900.0
1094,2021-10-11 06:20:42,22150.0,300.0,1754700.0
1095,2021-10-11 06:20:42,22150.0,100.0,1754400.0
1096,2021-10-11 06:20:41,22150.0,400.0,1754300.0
1097,2021-10-11 06:20:41,22150.0,100.0,1753900.0
1098,2021-10-11 06:20:41,22150.0,100.0,1753800.0
1099,2021-10-11 06:20:41,22150.0,200.0,1753700.0
1100,2021-10-11 06:20:41,22150.0,500.0,1753500.0
1101,2021-10-11 06:20:41,22150.0,1000.0,1753000.0
1102,2021-10-11 06:20:41,22150.0,200.0,1752000.0
1103,2021-10-11 06:20:41,22150.0,500.0,1751800.0
1104,2021-10-11 06:20:41,22150.0,1000.0,1751300.0
1105,2021-10-11 06:20:41,22150.0,100.0,1750300.0
1106,2021-10-11 06:20:41,22150.0,100.0,1750200.0
1107,2021-10-11 06:20:41,22150.0,100.0,1750100.0
1108,2021-10-11 06:20:41,22150.0,200.0,1750000.0
1109,2021-10-11 06:20:41,22150.0,600.0,1749800.0
1110,2021-10-11 06:20:41,22150.0,100.0,1749200.0
1111,2021-10-11 06:20:41,22150.0,500.0,1749100.0
1112,2021-10-11 06:20:41,22150.0,200.0,1748600.0
1113,2021-10-11 06:20:41,22150.0,200.0,1748400.0
1114,2021-10-11 06:20:41,22150.0,28900.0,1748200.0
1115,2021-10-11 06:20:36,22150.0,200.0,1719300.0
1116,2021-10-11 06:20:18,22200.0,5000.0,1719100.0
1117,2021-10-11 06:20:13,22150.0,300.0,1714100.0
1118,2021-10-11 06:20:06,22150.0,600.0,1713800.0
1119,2021-10-11 06:20:06,22150.0,1200.0,1713200.0
1120,2021-10-11 06:20:06,22150.0,100.0,1712000.0
1121,2021-10-11 06:19:56,22150.0,600.0,1711900.0
1122,2021-10-11 06:19:50,22200.0,100.0,1711300.0
1123,2021-10-11 06:19:26,22200.0,200.0,1711200.0
1124,2021-10-11 06:18:27,22200.0,2000.0,1711000.0
1125,2021-10-11 06:18:16,22200.0,100.0,1709000.0
1126,2021-10-11 06:18:16,22200.0,1000.0,1708900.0
1127,2021-10-11 06:18:02,22200.0,1100.0,1707900.0
1128,2021-10-11 06:17:26,22200.0,500.0,1706800.0
1129,2021-10-11 06:17:20,22200.0,200.0,1706300.0
1130,2021-10-11 06:16:41,22200.0,1000.0,1706100.0
1131,2021-10-11 06:16:40,22200.0,1000.0,1705100.0
1132,2021-10-11 06:16:40,22200.0,5000.0,1704100.0
1133,2021-10-11 06:16:36,22200.0,200.0,1699100.0
1134,2021-10-11 06:16:36,22200.0,200.0,1698900.0
1135,2021-10-11 06:16:12,22200.0,3400.0,1698700.0
1136,2021-10-11 06:16:06,22150.0,100.0,1695300.0
1137,2021-10-11 06:16:06,22150.0,100.0,1695200.0
1138,2021-10-11 06:15:27,22200.0,100.0,1695100.0
1139,2021-10-11 06:15:18,22200.0,1000.0,1695000.0
1140,2021-10-11 06:13:48,22200.0,2000.0,1694000.0
1141,2021-10-11 06:13:42,22150.0,2000.0,1692000.0
1142,2021-10-11 06:12:48,22150.0,2200.0,1690000.0
1143,2021-10-11 06:12:13,22150.0,800.0,1687800.0
1144,2021-10-11 06:12:13,22150.0,500.0,1687000.0
1145,2021-10-11 06:12:13,22150.0,2000.0,1686500.0
1146,2021-10-11 06:12:13,22150.0,200.0,1684500.0
1147,2021-10-11 06:12:13,22150.0,500.0,1684300.0
1148,2021-10-11 06:12:13,22150.0,100.0,1683800.0
1149,2021-10-11 06:12:13,22150.0,300.0,1683700.0
1150,2021-10-11 06:12:13,22150.0,200.0,1683400.0
1151,2021-10-11 06:11:48,22200.0,700.0,1683200.0
1152,2021-10-11 06:11:37,22200.0,400.0,1682500.0
1153,2021-10-11 06:11:12,22200.0,200.0,1682100.0
1154,2021-10-11 06:11:11,22200.0,200.0,1681900.0
1155,2021-10-11 06:11:02,22200.0,4500.0,1681700.0
1156,2021-10-11 06:10:41,22200.0,100.0,1677200.0
1157,2021-10-11 06:10:41,22200.0,100.0,1677100.0
1158,2021-10-11 06:10:41,22200.0,500.0,1677000.0
1159,2021-10-11 06:10:41,22200.0,200.0,1676500.0
1160,2021-10-11 06:10:41,22200.0,100.0,1676300.0
1161,2021-10-11 06:10:41,22200.0,100.0,1676200.0
1162,2021-10-11 06:10:41,22200.0,1000.0,1676100.0
1163,2021-10-11 06:10:41,22200.0,1000.0,1675100.0
1164,2021-10-11 06:10:41,22200.0,100.0,1674100.0
1165,2021-10-11 06:10:41,22200.0,1800.0,1674000.0
1166,2021-10-11 06:10:41,22200.0,900.0,1672200.0
1167,2021-10-11 06:10:41,22200.0,100.0,1671300.0
1168,2021-10-11 06:10:41,22200.0,200.0,1671200.0
1169,2021-10-11 06:10:41,22200.0,100.0,1671000.0
1170,2021-10-11 06:10:41,22200.0,200.0,1670900.0
1171,2021-10-11 06:10:41,22200.0,100.0,1670700.0
1172,2021-10-11 06:10:41,22200.0,200.0,1670600.0
1173,2021-10-11 06:10:41,22200.0,100.0,1670400.0
1174,2021-10-11 06:10:41,22200.0,100.0,1670300.0
1175,2021-10-11 06:10:41,22200.0,300.0,1670200.0
1176,2021-10-11 06:10:41,22200.0,2000.0,1669900.0
1177,2021-10-11 06:10:41,22200.0,100.0,1667900.0
1178,2021-10-11 06:10:41,22200.0,1000.0,1667800.0
1179,2021-10-11 06:10:41,22200.0,200.0,1666800.0
1180,2021-10-11 06:10:41,22200.0,100.0,1666600.0
1181,2021-10-11 06:10:41,22200.0,1000.0,1666500.0
1182,2021-10-11 06:10:41,22200.0,100.0,1665500.0
1183,2021-10-11 06:10:41,22200.0,4000.0,1665400.0
1184,2021-10-11 06:10:41,22200.0,300.0,1661400.0
1185,2021-10-11 06:10:41,22200.0,100.0,1661100.0
1186,2021-10-11 06:10:41,22200.0,100.0,1661000.0
1187,2021-10-11 06:10:41,22200.0,800.0,1660900.0
1188,2021-10-11 06:10:41,22200.0,200.0,1660100.0
1189,2021-10-11 06:10:41,22200.0,500.0,1659900.0
1190,2021-10-11 06:10:41,22200.0,1000.0,1659400.0
1191,2021-10-11 06:10:41,22200.0,2000.0,1658400.0
1192,2021-10-11 06:10:41,22200.0,400.0,1656400.0
1193,2021-10-11 06:10:41,22200.0,100.0,1656000.0
1194,2021-10-11 06:10:41,22200.0,2000.0,1655900.0
1195,2021-10-11 06:10:41,22200.0,5700.0,1653900.0
1196,2021-10-11 06:10:41,22250.0,100.0,1648200.0
1197,2021-10-11 06:10:38,22250.0,100.0,1648100.0
1198,2021-10-11 06:10:38,22250.0,100.0,1648000.0
1199,2021-10-11 06:10:24,22250.0,100.0,1647900.0
1200,2021-10-11 06:10:10,22250.0,1300.0,1647800.0
1201,2021-10-11 06:10:10,22250.0,1900.0,1646500.0
1202,2021-10-11 06:10:06,22250.0,100.0,1644600.0
1203,2021-10-11 06:10:06,22250.0,900.0,1644500.0
1204,2021-10-11 06:10:01,22250.0,200.0,1643600.0
1205,2021-10-11 06:09:49,22250.0,2300.0,1643400.0
1206,2021-10-11 06:09:49,22250.0,300.0,1641100.0
1207,2021-10-11 06:09:49,22250.0,100.0,1640800.0
1208,2021-10-11 06:09:49,22250.0,6200.0,1640700.0
1209,2021-10-11 06:09:31,22200.0,300.0,1634500.0
1210,2021-10-11 06:09:14,22250.0,2100.0,1634200.0
1211,2021-10-11 06:09:14,22250.0,100.0,1632100.0
1212,2021-10-11 06:09:14,22250.0,6800.0,1632000.0
1213,2021-10-11 06:08:38,22250.0,800.0,1625200.0
1214,2021-10-11 06:08:38,22250.0,2400.0,1624400.0
1215,2021-10-11 06:08:14,22250.0,500.0,1622000.0
1216,2021-10-11 06:08:11,22250.0,2600.0,1621500.0
1217,2021-10-11 06:07:32,22250.0,400.0,1618900.0
1218,2021-10-11 06:07:12,22250.0,500.0,1618500.0
1219,2021-10-11 06:07:12,22250.0,500.0,1618000.0
1220,2021-10-11 06:07:12,22250.0,600.0,1617500.0
1221,2021-10-11 06:07:12,22250.0,1000.0,1616900.0
1222,2021-10-11 06:07:12,22250.0,1500.0,1615900.0
1223,2021-10-11 06:07:03,22200.0,800.0,1614400.0
1224,2021-10-11 06:06:12,22250.0,600.0,1613600.0
1225,2021-10-11 06:05:35,22250.0,100.0,1613000.0
1226,2021-10-11 06:05:12,22250.0,300.0,1612900.0
1227,2021-10-11 06:04:13,22250.0,4300.0,1612600.0
1228,2021-10-11 06:04:13,22250.0,100.0,1608300.0
1229,2021-10-11 06:03:55,22250.0,100.0,1608200.0
1230,2021-10-11 06:03:03,22250.0,100.0,1608100.0
1231,2021-10-11 06:03:03,22250.0,500.0,1608000.0
1232,2021-10-11 06:02:31,22200.0,8800.0,1607500.0
1233,2021-10-11 06:02:31,22250.0,200.0,1598700.0
1234,2021-10-11 06:02:27,22250.0,400.0,1598500.0
1235,2021-10-11 06:02:20,22250.0,300.0,1598100.0
1236,2021-10-11 06:02:16,22250.0,4500.0,1597800.0
1237,2021-10-11 06:02:16,22250.0,15500.0,1593300.0
1238,2021-10-11 06:02:12,22250.0,1000.0,1577800.0
1239,2021-10-11 06:01:27,22250.0,500.0,1576800.0
1240,2021-10-11 06:01:21,22200.0,100.0,1576300.0
1241,2021-10-11 06:01:09,22250.0,200.0,1576200.0
1242,2021-10-11 06:00:54,22250.0,900.0,1576000.0
1243,2021-10-11 06:00:48,22250.0,100.0,1575100.0
1244,2021-10-11 06:00:48,22250.0,100.0,1575000.0
1245,2021-10-11 06:00:48,22250.0,5700.0,1574900.0
1246,2021-10-11 06:00:48,22250.0,500.0,1569200.0
1247,2021-10-11 06:00:46,22250.0,1100.0,1568700.0
1248,2021-10-11 06:00:39,22300.0,500.0,1567600.0
1249,2021-10-11 06:00:34,22250.0,7000.0,1567100.0
1250,2021-10-11 06:00:13,22250.0,1400.0,1560100.0
1251,2021-10-11 06:00:13,22250.0,100.0,1558700.0
1252,2021-10-11 06:00:13,22250.0,200.0,1558600.0
1253,2021-10-11 06:00:13,22250.0,700.0,1558400.0
1254,2021-10-11 06:00:13,22250.0,100.0,1557700.0
1255,2021-10-11 06:00:13,22250.0,100.0,1557600.0
1256,2021-10-11 06:00:13,22250.0,500.0,1557500.0
1257,2021-10-11 06:00:13,22250.0,400.0,1557000.0
1258,2021-10-11 06:00:13,22250.0,200.0,1556600.0
1259,2021-10-11 06:00:13,22250.0,300.0,1556400.0
1260,2021-10-11 06:00:13,22250.0,100.0,1556100.0
1261,2021-10-11 06:00:13,22250.0,5000.0,1556000.0
1262,2021-10-11 06:00:13,22250.0,100.0,1551000.0
1263,2021-10-11 06:00:13,22250.0,800.0,1550900.0
1264,2021-10-11 06:00:09,22250.0,300.0,1550100.0
1265,2021-10-11 06:00:01,22250.0,800.0,1549800.0
1266,2021-10-11 06:00:00,22300.0,100.0,1549000.0
1267,2021-10-11 04:29:34,22250.0,2000.0,1548900.0
1268,2021-10-11 04:28:57,22250.0,1800.0,1546900.0
1269,2021-10-11 04:28:38,22250.0,200.0,1545100.0
1270,2021-10-11 04:27:07,22250.0,4000.0,1544900.0
1271,2021-10-11 04:26:52,22300.0,100.0,1540900.0
1272,2021-10-11 04:26:06,22300.0,700.0,1540800.0
1273,2021-10-11 04:26:06,22300.0,3500.0,1540100.0
1274,2021-10-11 04:25:16,22250.0,100.0,1536600.0
1275,2021-10-11 04:24:42,22250.0,3000.0,1536500.0
1276,2021-10-11 04:24:42,22250.0,3000.0,1533500.0
1277,2021-10-11 04:24:42,22250.0,1700.0,1530500.0
1278,2021-10-11 04:24:42,22250.0,500.0,1528800.0
1279,2021-10-11 04:24:42,22250.0,1000.0,1528300.0
1280,2021-10-11 04:24:42,22250.0,1000.0,1527300.0
1281,2021-10-11 04:24:42,22250.0,100.0,1526300.0
1282,2021-10-11 04:24:42,22250.0,200.0,1526200.0
1283,2021-10-11 04:24:42,22250.0,700.0,1526000.0
1284,2021-10-11 04:24:05,22250.0,300.0,1525300.0
1285,2021-10-11 04:24:05,22250.0,200.0,1525000.0
1286,2021-10-11 04:24:05,22250.0,500.0,1524800.0
1287,2021-10-11 04:24:05,22250.0,100.0,1524300.0
1288,2021-10-11 04:24:05,22250.0,2900.0,1524200.0
1289,2021-10-11 04:23:21,22300.0,600.0,1521300.0
1290,2021-10-11 04:23:04,22300.0,2900.0,1520700.0
1291,2021-10-11 04:22:51,22300.0,100.0,1517800.0
1292,2021-10-11 04:22:51,22300.0,500.0,1517700.0
1293,2021-10-11 04:22:51,22300.0,200.0,1517200.0
1294,2021-10-11 04:22:51,22300.0,100.0,1517000.0
1295,2021-10-11 04:22:51,22300.0,300.0,1516900.0
1296,2021-10-11 04:22:51,22300.0,2000.0,1516600.0
1297,2021-10-11 04:22:51,22300.0,100.0,1514600.0
1298,2021-10-11 04:22:51,22300.0,4800.0,1514500.0
1299,2021-10-11 04:22:45,22300.0,2000.0,1509700.0
1300,2021-10-11 04:22:35,22300.0,200.0,1507700.0
1301,2021-10-11 04:22:32,22250.0,100.0,1507500.0
1302,2021-10-11 04:22:32,22250.0,500.0,1507400.0
1303,2021-10-11 04:22:32,22250.0,1000.0,1506900.0
1304,2021-10-11 04:22:32,22250.0,30000.0,1505900.0
1305,2021-10-11 04:22:32,22250.0,200.0,1475900.0
1306,2021-10-11 04:22:32,22250.0,200.0,1475700.0
1307,2021-10-11 04:22:10,22300.0,100.0,1475500.0
1308,2021-10-11 04:22:10,22250.0,300.0,1475400.0
1309,2021-10-11 04:22:10,22250.0,100.0,1475100.0
1310,2021-10-11 04:22:10,22250.0,400.0,1475000.0
1311,2021-10-11 04:22:10,22250.0,2900.0,1474600.0
1312,2021-10-11 04:22:10,22250.0,100.0,1471700.0
1313,2021-10-11 04:22:10,22250.0,1000.0,1471600.0
1314,2021-10-11 04:22:10,22250.0,200.0,1470600.0
1315,2021-10-11 04:22:03,22300.0,200.0,1470400.0
1316,2021-10-11 04:20:26,22300.0,1000.0,1470200.0
1317,2021-10-11 04:19:54,22300.0,300.0,1469200.0
1318,2021-10-11 04:19:49,22250.0,9800.0,1468900.0
1319,2021-10-11 04:19:49,22250.0,200.0,1459100.0
1320,2021-10-11 04:18:35,22300.0,1600.0,1458900.0
1321,2021-10-11 04:18:32,22250.0,9800.0,1457300.0
1322,2021-10-11 04:18:32,22250.0,100.0,1447500.0
1323,2021-10-11 04:18:32,22250.0,100.0,1447400.0
1324,2021-10-11 04:18:32,22250.0,1000.0,1447300.0
1325,2021-10-11 04:18:17,22300.0,300.0,1446300.0
1326,2021-10-11 04:18:04,22250.0,100.0,1446000.0
1327,2021-10-11 04:17:58,22250.0,100.0,1445900.0
1328,2021-10-11 04:17:23,22300.0,4500.0,1445800.0
1329,2021-10-11 04:17:23,22300.0,500.0,1441300.0
1330,2021-10-11 04:17:10,22300.0,200.0,1440800.0
1331,2021-10-11 04:16:59,22300.0,500.0,1440600.0
1332,2021-10-11 04:16:50,22300.0,700.0,1440100.0
1333,2021-10-11 04:16:18,22300.0,300.0,1439400.0
1334,2021-10-11 04:16:13,22300.0,2000.0,1439100.0
1335,2021-10-11 04:16:13,22300.0,200.0,1437100.0
1336,2021-10-11 04:16:13,22300.0,1400.0,1436900.0
1337,2021-10-11 04:16:03,22300.0,400.0,1435500.0
1338,2021-10-11 04:15:32,22300.0,200.0,1435100.0
1339,2021-10-11 04:15:32,22300.0,500.0,1434900.0
1340,2021-10-11 04:15:32,22300.0,200.0,1434400.0
1341,2021-10-11 04:15:32,22300.0,300.0,1434200.0
1342,2021-10-11 04:15:32,22300.0,4400.0,1433900.0
1343,2021-10-11 04:15:32,22300.0,1800.0,1429500.0
1344,2021-10-11 04:15:32,22300.0,300.0,1427700.0
1345,2021-10-11 04:15:17,22300.0,1000.0,1427400.0
1346,2021-10-11 04:13:51,22300.0,700.0,1426400.0
1347,2021-10-11 04:13:51,22300.0,100.0,1425700.0
1348,2021-10-11 04:13:51,22300.0,100.0,1425600.0
1349,2021-10-11 04:13:51,22300.0,100.0,1425500.0
1350,2021-10-11 04:13:51,22300.0,900.0,1425400.0
1351,2021-10-11 04:13:09,22300.0,100.0,1424500.0
1352,2021-10-11 04:12:42,22350.0,5500.0,1424400.0
1353,2021-10-11 04:11:40,22300.0,1000.0,1418900.0
1354,2021-10-11 04:10:35,22300.0,100.0,1417900.0
1355,2021-10-11 04:09:30,22300.0,200.0,1417800.0
1356,2021-10-11 04:09:30,22300.0,1000.0,1417600.0
1357,2021-10-11 04:09:30,22300.0,700.0,1416600.0
1358,2021-10-11 04:09:27,22300.0,1000.0,1415900.0
1359,2021-10-11 04:09:15,22300.0,200.0,1414900.0
1360,2021-10-11 04:09:12,22250.0,1300.0,1414700.0
1361,2021-10-11 04:09:10,22300.0,100.0,1413400.0
1362,2021-10-11 04:09:10,22300.0,1000.0,1413300.0
1363,2021-10-11 04:09:10,22300.0,300.0,1412300.0
1364,2021-10-11 04:09:10,22300.0,600.0,1412000.0
1365,2021-10-11 04:09:04,22300.0,1700.0,1411400.0
1366,2021-10-11 04:09:04,22300.0,2900.0,1409700.0
1367,2021-10-11 04:09:04,22300.0,4900.0,1406800.0
1368,2021-10-11 04:09:01,22300.0,1500.0,1401900.0
1369,2021-10-11 04:09:00,22250.0,200.0,1400400.0
1370,2021-10-11 04:08:52,22300.0,3600.0,1400200.0
1371,2021-10-11 04:08:43,22300.0,2000.0,1396600.0
1372,2021-10-11 04:08:30,22300.0,200.0,1394600.0
1373,2021-10-11 04:08:12,22300.0,10900.0,1394400.0
1374,2021-10-11 04:08:06,22300.0,1000.0,1383500.0
1375,2021-10-11 04:07:26,22300.0,200.0,1382500.0
1376,2021-10-11 04:07:00,22300.0,1700.0,1382300.0
1377,2021-10-11 04:07:00,22300.0,2100.0,1380600.0
1378,2021-10-11 04:06:58,22300.0,7900.0,1378500.0
1379,2021-10-11 04:06:58,22300.0,400.0,1370600.0
1380,2021-10-11 04:06:58,22300.0,1700.0,1370200.0
1381,2021-10-11 04:06:15,22300.0,1000.0,1368500.0
1382,2021-10-11 04:06:08,22300.0,2000.0,1367500.0
1383,2021-10-11 04:05:59,22300.0,500.0,1365500.0
1384,2021-10-11 04:05:36,22300.0,100.0,1365000.0
1385,2021-10-11 04:04:45,22250.0,1000.0,1364900.0
1386,2021-10-11 04:04:32,22300.0,500.0,1363900.0
1387,2021-10-11 04:03:17,22250.0,300.0,1363400.0
1388,2021-10-11 04:03:17,22250.0,2400.0,1363100.0
1389,2021-10-11 04:01:44,22300.0,100.0,1360700.0
1390,2021-10-11 04:00:47,22300.0,1000.0,1360600.0
1391,2021-10-11 04:00:42,22250.0,5100.0,1359600.0
1392,2021-10-11 03:58:35,22250.0,100.0,1354500.0
1393,2021-10-11 03:57:57,22300.0,1100.0,1354400.0
1394,2021-10-11 03:57:57,22300.0,900.0,1353300.0
1395,2021-10-11 03:57:35,22300.0,100.0,1352400.0
1396,2021-10-11 03:57:16,22300.0,2900.0,1352300.0
1397,2021-10-11 03:57:16,22300.0,2000.0,1349400.0
1398,2021-10-11 03:57:16,22300.0,500.0,1347400.0
1399,2021-10-11 03:57:16,22300.0,500.0,1346900.0
1400,2021-10-11 03:57:16,22300.0,300.0,1346400.0
1401,2021-10-11 03:57:16,22300.0,1400.0,1346100.0
1402,2021-10-11 03:57:16,22300.0,700.0,1344700.0
1403,2021-10-11 03:57:16,22300.0,200.0,1344000.0
1404,2021-10-11 03:57:16,22300.0,500.0,1343800.0
1405,2021-10-11 03:57:16,22300.0,1000.0,1343300.0
1406,2021-10-11 03:56:32,22250.0,2000.0,1342300.0
1407,2021-10-11 03:55:46,22250.0,400.0,1340300.0
1408,2021-10-11 03:55:46,22250.0,100.0,1339900.0
1409,2021-10-11 03:55:22,22300.0,900.0,1339800.0
1410,2021-10-11 03:55:22,22300.0,4100.0,1338900.0
1411,2021-10-11 03:55:14,22250.0,2000.0,1334800.0
1412,2021-10-11 03:54:35,22300.0,1000.0,1332800.0
1413,2021-10-11 03:54:21,22300.0,400.0,1331800.0
1414,2021-10-11 03:53:49,22300.0,900.0,1331400.0
1415,2021-10-11 03:53:01,22300.0,100.0,1330500.0
1416,2021-10-11 03:52:28,22300.0,2000.0,1330400.0
1417,2021-10-11 03:52:13,22300.0,11500.0,1328400.0
1418,2021-10-11 03:52:13,22300.0,13400.0,1316900.0
1419,2021-10-11 03:52:13,22250.0,3000.0,1303500.0
1420,2021-10-11 03:52:13,22250.0,100.0,1300500.0
1421,2021-10-11 03:52:13,22250.0,300.0,1300400.0
1422,2021-10-11 03:52:13,22250.0,1700.0,1300100.0
1423,2021-10-11 03:52:09,22250.0,1300.0,1298400.0
1424,2021-10-11 03:52:09,22250.0,1700.0,1297100.0
1425,2021-10-11 03:51:38,22250.0,300.0,1295400.0
1426,2021-10-11 03:51:35,22250.0,100.0,1295100.0
1427,2021-10-11 03:51:30,22250.0,100.0,1295000.0
1428,2021-10-11 03:51:15,22250.0,3000.0,1294900.0
1429,2021-10-11 03:50:47,22250.0,14800.0,1291900.0
1430,2021-10-11 03:50:47,22250.0,200.0,1277100.0
1431,2021-10-11 03:50:47,22250.0,5000.0,1276900.0
1432,2021-10-11 03:50:22,22200.0,1000.0,1271900.0
1433,2021-10-11 03:50:22,22200.0,8800.0,1270900.0
1434,2021-10-11 03:50:22,22200.0,4100.0,1262100.0
1435,2021-10-11 03:50:22,22200.0,400.0,1258000.0
1436,2021-10-11 03:50:15,22200.0,100.0,1257600.0
1437,2021-10-11 03:50:15,22200.0,1000.0,1257500.0
1438,2021-10-11 03:50:15,22150.0,600.0,1256500.0
1439,2021-10-11 03:50:15,22200.0,100.0,1255900.0
1440,2021-10-11 03:50:13,22200.0,2900.0,1255800.0
1441,2021-10-11 03:50:07,22200.0,500.0,1252900.0
1442,2021-10-11 03:49:58,22200.0,800.0,1252400.0
1443,2021-10-11 03:49:58,22200.0,200.0,1251600.0
1444,2021-10-11 03:49:56,22200.0,500.0,1251400.0
1445,2021-10-11 03:49:22,22200.0,4500.0,1250900.0
1446,2021-10-11 03:49:22,22200.0,3600.0,1246400.0
1447,2021-10-11 03:48:43,22200.0,3000.0,1242800.0
1448,2021-10-11 03:48:32,22200.0,1400.0,1239800.0
1449,2021-10-11 03:48:32,22200.0,700.0,1238400.0
1450,2021-10-11 03:47:41,22200.0,1400.0,1237700.0
1451,2021-10-11 03:47:41,22250.0,500.0,1236300.0
1452,2021-10-11 03:47:34,22200.0,100.0,1235800.0
1453,2021-10-11 03:47:34,22200.0,300.0,1235700.0
1454,2021-10-11 03:47:34,22200.0,1000.0,1235400.0
1455,2021-10-11 03:47:34,22200.0,1000.0,1234400.0
1456,2021-10-11 03:47:34,22200.0,500.0,1233400.0
1457,2021-10-11 03:47:31,22200.0,100.0,1232900.0
1458,2021-10-11 03:47:28,22200.0,4400.0,1232800.0
1459,2021-10-11 03:47:28,22200.0,300.0,1228400.0
1460,2021-10-11 03:47:28,22200.0,100.0,1228100.0
1461,2021-10-11 03:47:28,22200.0,500.0,1228000.0
1462,2021-10-11 03:47:28,22200.0,1000.0,1227500.0
1463,2021-10-11 03:47:28,22200.0,200.0,1226500.0
1464,2021-10-11 03:47:28,22200.0,200.0,1226300.0
1465,2021-10-11 03:47:28,22200.0,5100.0,1226100.0
1466,2021-10-11 03:46:55,22200.0,500.0,1221000.0
1467,2021-10-11 03:46:50,22150.0,1000.0,1220500.0
1468,2021-10-11 03:46:39,22200.0,400.0,1219500.0
1469,2021-10-11 03:46:21,22200.0,800.0,1219100.0
1470,2021-10-11 03:46:14,22200.0,800.0,1218300.0
1471,2021-10-11 03:45:30,22200.0,2000.0,1217500.0
1472,2021-10-11 03:45:29,22200.0,400.0,1215500.0
1473,2021-10-11 03:45:29,22200.0,300.0,1215100.0
1474,2021-10-11 03:45:29,22200.0,300.0,1214800.0
1475,2021-10-11 03:45:16,22200.0,3000.0,1214500.0
1476,2021-10-11 03:44:39,22200.0,100.0,1211500.0
1477,2021-10-11 03:44:34,22150.0,300.0,1211400.0
1478,2021-10-11 03:44:26,22150.0,900.0,1211100.0
1479,2021-10-11 03:43:32,22150.0,700.0,1210200.0
1480,2021-10-11 03:43:13,22150.0,100.0,1209500.0
1481,2021-10-11 03:42:05,22150.0,800.0,1209400.0
1482,2021-10-11 03:42:05,22150.0,200.0,1208600.0
1483,2021-10-11 03:42:03,22200.0,100.0,1208400.0
1484,2021-10-11 03:42:03,22200.0,100.0,1208300.0
1485,2021-10-11 03:42:03,22200.0,500.0,1208200.0
1486,2021-10-11 03:42:03,22200.0,300.0,1207700.0
1487,2021-10-11 03:41:51,22200.0,300.0,1207400.0
1488,2021-10-11 03:41:28,22200.0,200.0,1207100.0
1489,2021-10-11 03:40:20,22150.0,300.0,1206900.0
1490,2021-10-11 03:40:20,22150.0,200.0,1206600.0
1491,2021-10-11 03:40:20,22150.0,100.0,1206400.0
1492,2021-10-11 03:40:20,22150.0,400.0,1206300.0
1493,2021-10-11 03:40:04,22150.0,100.0,1205900.0
1494,2021-10-11 03:40:04,22150.0,400.0,1205800.0
1495,2021-10-11 03:40:04,22150.0,100.0,1205400.0
1496,2021-10-11 03:40:04,22150.0,100.0,1205300.0
1497,2021-10-11 03:40:04,22150.0,200.0,1205200.0
1498,2021-10-11 03:40:04,22150.0,200.0,1205000.0
1499,2021-10-11 03:40:03,22150.0,800.0,1204800.0
1500,2021-10-11 03:40:03,22150.0,100.0,1204000.0
1501,2021-10-11 03:40:03,22150.0,1000.0,1203900.0
1502,2021-10-11 03:40:03,22150.0,100.0,1202900.0
1503,2021-10-11 03:40:03,22150.0,100.0,1202800.0
1504,2021-10-11 03:40:03,22150.0,900.0,1202700.0
1505,2021-10-11 03:39:38,22150.0,3000.0,1201800.0
1506,2021-10-11 03:39:38,22150.0,4000.0,1198800.0
1507,2021-10-11 03:39:38,22150.0,500.0,1194800.0
1508,2021-10-11 03:39:38,22150.0,500.0,1194300.0
1509,2021-10-11 03:38:51,22150.0,800.0,1193800.0
1510,2021-10-11 03:38:51,22150.0,200.0,1193000.0
1511,2021-10-11 03:37:58,22150.0,1800.0,1192800.0
1512,2021-10-11 03:37:58,22150.0,200.0,1191000.0
1513,2021-10-11 03:37:55,22200.0,500.0,1190800.0
1514,2021-10-11 03:37:28,22200.0,1900.0,1190300.0
1515,2021-10-11 03:37:28,22200.0,300.0,1188400.0
1516,2021-10-11 03:37:28,22200.0,2800.0,1188100.0
1517,2021-10-11 03:36:47,22200.0,600.0,1185300.0
1518,2021-10-11 03:36:23,22200.0,100.0,1184700.0
1519,2021-10-11 03:36:23,22200.0,4800.0,1184600.0
1520,2021-10-11 03:36:23,22200.0,100.0,1179800.0
1521,2021-10-11 03:36:20,22150.0,100.0,1179700.0
1522,2021-10-11 03:36:19,22150.0,300.0,1179600.0
1523,2021-10-11 03:36:12,22150.0,100.0,1179300.0
1524,2021-10-11 03:36:12,22150.0,100.0,1179200.0
1525,2021-10-11 03:36:12,22150.0,600.0,1179100.0
1526,2021-10-11 03:36:12,22150.0,100.0,1178500.0
1527,2021-10-11 03:35:55,22200.0,100.0,1178400.0
1528,2021-10-11 03:35:55,22150.0,100.0,1178300.0
1529,2021-10-11 03:35:55,22150.0,100.0,1178200.0
1530,2021-10-11 03:35:55,22150.0,200.0,1178100.0
1531,2021-10-11 03:35:55,22150.0,2600.0,1177900.0
1532,2021-10-11 03:35:46,22150.0,1400.0,1175300.0
1533,2021-10-11 03:35:46,22150.0,1100.0,1173900.0
1534,2021-10-11 03:35:24,22200.0,100.0,1172800.0
1535,2021-10-11 03:35:18,22200.0,1500.0,1172700.0
1536,2021-10-11 03:35:18,22200.0,1000.0,1171200.0
1537,2021-10-11 03:35:18,22200.0,500.0,1170200.0
1538,2021-10-11 03:35:18,22200.0,700.0,1169700.0
1539,2021-10-11 03:35:18,22200.0,1300.0,1169000.0
1540,2021-10-11 03:35:04,22200.0,3700.0,1167700.0
1541,2021-10-11 03:35:04,22200.0,800.0,1164000.0
1542,2021-10-11 03:34:56,22200.0,1200.0,1163200.0
1543,2021-10-11 03:34:56,22200.0,1000.0,1162000.0
1544,2021-10-11 03:34:56,22200.0,300.0,1161000.0
1545,2021-10-11 03:34:56,22200.0,2500.0,1160700.0
1546,2021-10-11 03:34:29,22200.0,400.0,1158200.0
1547,2021-10-11 03:33:18,22150.0,300.0,1157800.0
1548,2021-10-11 03:33:18,22150.0,1500.0,1157500.0
1549,2021-10-11 03:33:18,22150.0,500.0,1156000.0
1550,2021-10-11 03:33:18,22150.0,300.0,1155500.0
1551,2021-10-11 03:32:54,22200.0,200.0,1155200.0
1552,2021-10-11 03:32:54,22200.0,800.0,1155000.0
1553,2021-10-11 03:32:32,22200.0,200.0,1154200.0
1554,2021-10-11 03:32:17,22200.0,1000.0,1154000.0
1555,2021-10-11 03:32:14,22200.0,3000.0,1153000.0
1556,2021-10-11 03:32:14,22200.0,500.0,1150000.0
1557,2021-10-11 03:32:14,22200.0,100.0,1149500.0
1558,2021-10-11 03:32:14,22200.0,1400.0,1149400.0
1559,2021-10-11 03:31:58,22200.0,1000.0,1148000.0
1560,2021-10-11 03:31:58,22150.0,100.0,1147000.0
1561,2021-10-11 03:31:58,22150.0,2200.0,1146900.0
1562,2021-10-11 03:31:58,22150.0,100.0,1144700.0
1563,2021-10-11 03:31:58,22150.0,500.0,1144600.0
1564,2021-10-11 03:31:58,22150.0,300.0,1144100.0
1565,2021-10-11 03:31:58,22150.0,700.0,1143800.0
1566,2021-10-11 03:31:58,22150.0,300.0,1143100.0
1567,2021-10-11 03:31:58,22150.0,500.0,1142800.0
1568,2021-10-11 03:31:58,22150.0,100.0,1142300.0
1569,2021-10-11 03:31:58,22150.0,500.0,1142200.0
1570,2021-10-11 03:31:58,22150.0,200.0,1141700.0
1571,2021-10-11 03:31:57,22150.0,100.0,1141500.0
1572,2021-10-11 03:31:57,22150.0,1000.0,1141400.0
1573,2021-10-11 03:31:56,22200.0,200.0,1140400.0
1574,2021-10-11 03:31:55,22200.0,100.0,1140200.0
1575,2021-10-11 03:31:49,22200.0,600.0,1140100.0
1576,2021-10-11 03:31:44,22200.0,500.0,1139500.0
1577,2021-10-11 03:31:40,22200.0,200.0,1139000.0
1578,2021-10-11 03:30:13,22200.0,1000.0,1138800.0
1579,2021-10-11 03:30:07,22200.0,200.0,1137800.0
1580,2021-10-11 03:29:52,22200.0,500.0,1137600.0
1581,2021-10-11 03:29:49,22200.0,400.0,1137100.0
1582,2021-10-11 03:29:49,22200.0,100.0,1136700.0
1583,2021-10-11 03:29:34,22200.0,100.0,1136600.0
1584,2021-10-11 03:29:14,22200.0,100.0,1136500.0
1585,2021-10-11 03:29:14,22200.0,400.0,1136400.0
1586,2021-10-11 03:29:00,22150.0,100.0,1136000.0
1587,2021-10-11 03:28:51,22150.0,100.0,1135900.0
1588,2021-10-11 03:28:51,22150.0,1900.0,1135800.0
1589,2021-10-11 03:28:19,22150.0,200.0,1133900.0
1590,2021-10-11 03:28:08,22150.0,1900.0,1133700.0
1591,2021-10-11 03:28:08,22150.0,1000.0,1131800.0
1592,2021-10-11 03:28:08,22150.0,100.0,1130800.0
1593,2021-10-11 03:28:03,22200.0,100.0,1130700.0
1594,2021-10-11 03:27:00,22150.0,100.0,1130600.0
1595,2021-10-11 03:27:00,22150.0,800.0,1130500.0
1596,2021-10-11 03:26:47,22150.0,1000.0,1129700.0
1597,2021-10-11 03:26:36,22150.0,500.0,1128700.0
1598,2021-10-11 03:26:29,22150.0,200.0,1128200.0
1599,2021-10-11 03:26:18,22150.0,2400.0,1128000.0
1600,2021-10-11 03:25:15,22150.0,100.0,1125600.0
1601,2021-10-11 03:25:15,22150.0,100.0,1125500.0
1602,2021-10-11 03:24:57,22200.0,100.0,1125400.0
1603,2021-10-11 03:24:55,22150.0,900.0,1125300.0
1604,2021-10-11 03:24:55,22150.0,1000.0,1124400.0
1605,2021-10-11 03:24:55,22150.0,5000.0,1123400.0
1606,2021-10-11 03:24:55,22150.0,3100.0,1118400.0
1607,2021-10-11 03:24:54,22150.0,100.0,1115300.0
1608,2021-10-11 03:24:42,22150.0,800.0,1115200.0
1609,2021-10-11 03:24:42,22150.0,500.0,1114400.0
1610,2021-10-11 03:24:42,22150.0,200.0,1113900.0
1611,2021-10-11 03:24:42,22150.0,400.0,1113700.0
1612,2021-10-11 03:24:42,22150.0,100.0,1113300.0
1613,2021-10-11 03:24:42,22150.0,1000.0,1113200.0
1614,2021-10-11 03:24:42,22150.0,1000.0,1112200.0
1615,2021-10-11 03:24:42,22150.0,3400.0,1111200.0
1616,2021-10-11 03:24:42,22150.0,100.0,1107800.0
1617,2021-10-11 03:24:42,22150.0,300.0,1107700.0
1618,2021-10-11 03:24:42,22150.0,400.0,1107400.0
1619,2021-10-11 03:24:42,22150.0,100.0,1107000.0
1620,2021-10-11 03:24:42,22150.0,500.0,1106900.0
1621,2021-10-11 03:24:42,22150.0,100.0,1106400.0
1622,2021-10-11 03:24:42,22150.0,1100.0,1106300.0
1623,2021-10-11 03:24:37,22200.0,1400.0,1105200.0
1624,2021-10-11 03:24:37,22200.0,1000.0,1103800.0
1625,2021-10-11 03:24:37,22200.0,800.0,1102800.0
1626,2021-10-11 03:24:37,22200.0,1800.0,1102000.0
1627,2021-10-11 03:24:04,22200.0,1000.0,1100200.0
1628,2021-10-11 03:23:56,22200.0,500.0,1099200.0
1629,2021-10-11 03:23:56,22200.0,500.0,1098700.0
1630,2021-10-11 03:23:33,22200.0,100.0,1098200.0
1631,2021-10-11 03:23:33,22200.0,800.0,1098100.0
1632,2021-10-11 03:23:33,22200.0,100.0,1097300.0
1633,2021-10-11 03:23:33,22200.0,100.0,1097200.0
1634,2021-10-11 03:23:33,22200.0,1900.0,1097100.0
1635,2021-10-11 03:23:15,22200.0,1100.0,1095200.0
1636,2021-10-11 03:23:15,22200.0,900.0,1094100.0
1637,2021-10-11 03:23:15,22200.0,100.0,1093200.0
1638,2021-10-11 03:23:15,22200.0,3000.0,1093100.0
1639,2021-10-11 03:23:15,22200.0,1000.0,1090100.0
1640,2021-10-11 03:23:15,22200.0,1000.0,1089100.0
1641,2021-10-11 03:23:15,22200.0,200.0,1088100.0
1642,2021-10-11 03:23:15,22200.0,200.0,1087900.0
1643,2021-10-11 03:23:15,22200.0,1000.0,1087700.0
1644,2021-10-11 03:23:15,22200.0,700.0,1086700.0
1645,2021-10-11 03:23:15,22200.0,800.0,1086000.0
1646,2021-10-11 03:22:38,22250.0,1000.0,1085200.0
1647,2021-10-11 03:22:35,22200.0,200.0,1084200.0
1648,2021-10-11 03:22:35,22200.0,200.0,1084000.0
1649,2021-10-11 03:22:35,22200.0,100.0,1083800.0
1650,2021-10-11 03:22:19,22250.0,700.0,1083700.0
1651,2021-10-11 03:22:11,22200.0,100.0,1083000.0
1652,2021-10-11 03:22:11,22200.0,100.0,1082900.0
1653,2021-10-11 03:22:11,22200.0,100.0,1082800.0
1654,2021-10-11 03:22:11,22200.0,1000.0,1082700.0
1655,2021-10-11 03:22:11,22200.0,200.0,1081700.0
1656,2021-10-11 03:22:11,22200.0,500.0,1081500.0
1657,2021-10-11 03:22:11,22200.0,300.0,1081000.0
1658,2021-10-11 03:22:11,22200.0,700.0,1080700.0
1659,2021-10-11 03:22:10,22250.0,300.0,1080000.0
1660,2021-10-11 03:22:10,22250.0,2700.0,1079700.0
1661,2021-10-11 03:21:45,22250.0,100.0,1077000.0
1662,2021-10-11 03:21:34,22200.0,300.0,1076900.0
1663,2021-10-11 03:21:34,22200.0,2000.0,1076600.0
1664,2021-10-11 03:21:34,22200.0,500.0,1074600.0
1665,2021-10-11 03:21:34,22200.0,4200.0,1074100.0
1666,2021-10-11 03:21:34,22200.0,100.0,1069900.0
1667,2021-10-11 03:21:34,22200.0,400.0,1069800.0
1668,2021-10-11 03:21:34,22200.0,100.0,1069400.0
1669,2021-10-11 03:21:34,22200.0,200.0,1069300.0
1670,2021-10-11 03:21:34,22200.0,300.0,1069100.0
1671,2021-10-11 03:21:34,22200.0,1000.0,1068800.0
1672,2021-10-11 03:21:34,22200.0,5000.0,1067800.0
1673,2021-10-11 03:21:34,22250.0,300.0,1062800.0
1674,2021-10-11 03:21:34,22250.0,300.0,1062500.0
1675,2021-10-11 03:21:34,22250.0,300.0,1062200.0
1676,2021-10-11 03:21:27,22250.0,800.0,1061900.0
1677,2021-10-11 03:21:27,22250.0,300.0,1061100.0
1678,2021-10-11 03:21:27,22250.0,500.0,1060800.0
1679,2021-10-11 03:21:07,22300.0,100.0,1060300.0
1680,2021-10-11 03:21:07,22300.0,200.0,1060200.0
1681,2021-10-11 03:21:07,22300.0,200.0,1060000.0
1682,2021-10-11 03:20:42,22350.0,17400.0,1059800.0
1683,2021-10-11 03:20:42,22350.0,2600.0,1042400.0
1684,2021-10-11 03:20:27,22300.0,5000.0,1039800.0
1685,2021-10-11 03:19:52,22300.0,300.0,1034800.0
1686,2021-10-11 03:19:52,22300.0,500.0,1034500.0
1687,2021-10-11 03:19:52,22300.0,900.0,1034000.0
1688,2021-10-11 03:19:52,22300.0,3100.0,1033100.0
1689,2021-10-11 03:19:29,22300.0,100.0,1030000.0
1690,2021-10-11 03:19:03,22300.0,1300.0,1029900.0
1691,2021-10-11 03:18:57,22300.0,100.0,1028600.0
1692,2021-10-11 03:18:47,22300.0,500.0,1028500.0
1693,2021-10-11 03:18:46,22300.0,100.0,1028000.0
1694,2021-10-11 03:18:43,22300.0,400.0,1027900.0
1695,2021-10-11 03:18:43,22300.0,4000.0,1027500.0
1696,2021-10-11 03:18:43,22300.0,100.0,1023500.0
1697,2021-10-11 03:18:41,22300.0,100.0,1023400.0
1698,2021-10-11 03:18:24,22300.0,500.0,1023300.0
1699,2021-10-11 03:18:22,22300.0,200.0,1022800.0
1700,2021-10-11 03:18:22,22300.0,100.0,1022600.0
1701,2021-10-11 03:18:18,22300.0,500.0,1022500.0
1702,2021-10-11 03:18:11,22300.0,4500.0,1022000.0
1703,2021-10-11 03:18:11,22300.0,100.0,1017500.0
1704,2021-10-11 03:18:11,22300.0,500.0,1017400.0
1705,2021-10-11 03:18:11,22300.0,4900.0,1016900.0
1706,2021-10-11 03:17:30,22300.0,400.0,1012000.0
1707,2021-10-11 03:16:49,22300.0,200.0,1011600.0
1708,2021-10-11 03:16:15,22350.0,100.0,1011400.0
1709,2021-10-11 03:16:08,22350.0,4100.0,1011300.0
1710,2021-10-11 03:16:08,22350.0,5000.0,1007200.0
1711,2021-10-11 03:16:08,22350.0,200.0,1002200.0
1712,2021-10-11 03:16:08,22350.0,700.0,1002000.0
1713,2021-10-11 03:15:34,22350.0,100.0,1001300.0
1714,2021-10-11 03:15:30,22350.0,100.0,1001200.0
1715,2021-10-11 03:15:27,22350.0,100.0,1001100.0
1716,2021-10-11 03:15:27,22350.0,1900.0,1001000.0
1717,2021-10-11 03:15:06,22350.0,3100.0,999100.0
1718,2021-10-11 03:15:03,22350.0,200.0,996000.0
1719,2021-10-11 03:14:54,22350.0,500.0,995800.0
1720,2021-10-11 03:14:54,22350.0,200.0,995300.0
1721,2021-10-11 03:14:38,22350.0,400.0,995100.0
1722,2021-10-11 03:14:38,22350.0,1000.0,994700.0
1723,2021-10-11 03:14:33,22350.0,500.0,993700.0
1724,2021-10-11 03:14:15,22350.0,1000.0,993200.0
1725,2021-10-11 03:14:15,22350.0,20000.0,992200.0
1726,2021-10-11 03:14:15,22350.0,1700.0,972200.0
1727,2021-10-11 03:14:15,22350.0,800.0,970500.0
1728,2021-10-11 03:14:03,22400.0,400.0,969700.0
1729,2021-10-11 03:14:03,22400.0,100.0,969300.0
1730,2021-10-11 03:13:24,22400.0,200.0,969200.0
1731,2021-10-11 03:13:15,22350.0,1600.0,969000.0
1732,2021-10-11 03:13:15,22350.0,700.0,967400.0
1733,2021-10-11 03:13:01,22350.0,300.0,966700.0
1734,2021-10-11 03:12:58,22350.0,500.0,966400.0
1735,2021-10-11 03:12:58,22350.0,100.0,965900.0
1736,2021-10-11 03:12:58,22350.0,500.0,965800.0
1737,2021-10-11 03:12:58,22350.0,3600.0,965300.0
1738,2021-10-11 03:12:30,22350.0,500.0,961700.0
1739,2021-10-11 03:12:30,22350.0,5900.0,961200.0
1740,2021-10-11 03:12:17,22350.0,100.0,955300.0
1741,2021-10-11 03:12:03,22350.0,14000.0,955200.0
1742,2021-10-11 03:12:03,22350.0,800.0,941200.0
1743,2021-10-11 03:12:03,22300.0,1000.0,940400.0
1744,2021-10-11 03:12:03,22300.0,2000.0,939400.0
1745,2021-10-11 03:12:03,22300.0,200.0,937400.0
1746,2021-10-11 03:12:03,22300.0,500.0,937200.0
1747,2021-10-11 03:12:03,22300.0,6000.0,936700.0
1748,2021-10-11 03:12:03,22300.0,100.0,930700.0
1749,2021-10-11 03:12:03,22300.0,300.0,930600.0
1750,2021-10-11 03:12:03,22300.0,1000.0,930300.0
1751,2021-10-11 03:12:03,22250.0,4100.0,929300.0
1752,2021-10-11 03:11:54,22250.0,100.0,925200.0
1753,2021-10-11 03:11:43,22250.0,100.0,925100.0
1754,2021-10-11 03:11:32,22250.0,300.0,925000.0
1755,2021-10-11 03:11:17,22250.0,2400.0,924700.0
1756,2021-10-11 03:11:09,22250.0,1000.0,922300.0
1757,2021-10-11 03:11:09,22250.0,1600.0,921300.0
1758,2021-10-11 03:11:01,22250.0,400.0,919700.0
1759,2021-10-11 03:11:01,22250.0,1000.0,919300.0
1760,2021-10-11 03:10:21,22250.0,1800.0,918300.0
1761,2021-10-11 03:10:21,22250.0,1200.0,916500.0
1762,2021-10-11 03:10:15,22200.0,100.0,915300.0
1763,2021-10-11 03:10:11,22250.0,100.0,915200.0
1764,2021-10-11 03:10:04,22250.0,500.0,915100.0
1765,2021-10-11 03:09:56,22200.0,900.0,914600.0
1766,2021-10-11 03:09:56,22200.0,100.0,913700.0
1767,2021-10-11 03:09:52,22250.0,200.0,913600.0
1768,2021-10-11 03:09:41,22250.0,3000.0,913400.0
1769,2021-10-11 03:09:36,22250.0,500.0,910400.0
1770,2021-10-11 03:09:36,22250.0,200.0,909900.0
1771,2021-10-11 03:09:36,22250.0,900.0,909700.0
1772,2021-10-11 03:09:34,22250.0,100.0,908800.0
1773,2021-10-11 03:08:50,22250.0,800.0,908700.0
1774,2021-10-11 03:08:50,22250.0,200.0,907900.0
1775,2021-10-11 03:08:35,22200.0,900.0,907700.0
1776,2021-10-11 03:08:27,22200.0,300.0,906800.0
1777,2021-10-11 03:08:27,22200.0,200.0,906500.0
1778,2021-10-11 03:08:27,22200.0,500.0,906300.0
1779,2021-10-11 03:08:17,22250.0,100.0,905800.0
1780,2021-10-11 03:08:14,22200.0,300.0,905700.0
1781,2021-10-11 03:08:03,22250.0,10000.0,905400.0
1782,2021-10-11 03:08:00,22250.0,100.0,895400.0
1783,2021-10-11 03:07:57,22250.0,3000.0,895300.0
1784,2021-10-11 03:07:53,22250.0,1000.0,892300.0
1785,2021-10-11 03:07:45,22250.0,2300.0,891300.0
1786,2021-10-11 03:07:38,22250.0,100.0,889000.0
1787,2021-10-11 03:07:19,22250.0,100.0,888900.0
1788,2021-10-11 03:07:12,22250.0,500.0,888800.0
1789,2021-10-11 03:07:00,22250.0,900.0,888300.0
1790,2021-10-11 03:07:00,22250.0,1000.0,887400.0
1791,2021-10-11 03:07:00,22250.0,100.0,886400.0
1792,2021-10-11 03:06:31,22200.0,1000.0,886300.0
1793,2021-10-11 03:05:57,22200.0,3000.0,885300.0
1794,2021-10-11 03:05:49,22200.0,400.0,882300.0
1795,2021-10-11 03:05:41,22200.0,2400.0,881900.0
1796,2021-10-11 03:05:39,22200.0,400.0,879500.0
1797,2021-10-11 03:05:39,22200.0,100.0,879100.0
1798,2021-10-11 03:05:39,22200.0,1000.0,879000.0
1799,2021-10-11 03:05:39,22200.0,500.0,878000.0
1800,2021-10-11 03:05:37,22200.0,3000.0,877500.0
1801,2021-10-11 03:03:49,22200.0,300.0,874500.0
1802,2021-10-11 03:03:35,22200.0,200.0,874200.0
1803,2021-10-11 03:03:28,22200.0,500.0,874000.0
1804,2021-10-11 03:03:22,22200.0,500.0,873500.0
1805,2021-10-11 03:03:09,22150.0,900.0,873000.0
1806,2021-10-11 03:03:08,22150.0,2000.0,872100.0
1807,2021-10-11 03:03:08,22150.0,100.0,870100.0
1808,2021-10-11 03:03:08,22150.0,800.0,870000.0
1809,2021-10-11 03:03:08,22150.0,200.0,869200.0
1810,2021-10-11 03:03:08,22150.0,100.0,869000.0
1811,2021-10-11 03:03:08,22150.0,2700.0,868900.0
1812,2021-10-11 03:03:08,22150.0,1000.0,866200.0
1813,2021-10-11 03:03:08,22150.0,200.0,865200.0
1814,2021-10-11 03:03:05,22200.0,100.0,865000.0
1815,2021-10-11 03:03:04,22150.0,300.0,864900.0
1816,2021-10-11 03:03:04,22150.0,100.0,864600.0
1817,2021-10-11 03:02:27,22150.0,100.0,864500.0
1818,2021-10-11 03:02:27,22150.0,2700.0,864400.0
1819,2021-10-11 03:02:27,22150.0,500.0,861700.0
1820,2021-10-11 03:02:27,22150.0,300.0,861200.0
1821,2021-10-11 03:02:27,22150.0,1000.0,860900.0
1822,2021-10-11 03:01:28,22200.0,500.0,859900.0
1823,2021-10-11 03:01:21,22150.0,500.0,859400.0
1824,2021-10-11 03:01:21,22150.0,100.0,858900.0
1825,2021-10-11 03:01:12,22200.0,500.0,858800.0
1826,2021-10-11 03:01:11,22200.0,100.0,858300.0
1827,2021-10-11 03:00:50,22200.0,2000.0,858200.0
1828,2021-10-11 03:00:23,22150.0,100.0,856200.0
1829,2021-10-11 03:00:05,22150.0,100.0,856100.0
1830,2021-10-11 03:00:05,22150.0,200.0,856000.0
1831,2021-10-11 03:00:02,22150.0,200.0,855800.0
1832,2021-10-11 02:59:43,22150.0,100.0,855600.0
1833,2021-10-11 02:59:43,22150.0,400.0,855500.0
1834,2021-10-11 02:59:36,22150.0,100.0,855100.0
1835,2021-10-11 02:59:19,22100.0,200.0,855000.0
1836,2021-10-11 02:59:13,22150.0,100.0,854800.0
1837,2021-10-11 02:58:57,22150.0,400.0,854700.0
1838,2021-10-11 02:58:57,22150.0,200.0,854300.0
1839,2021-10-11 02:58:57,22100.0,1400.0,854100.0
1840,2021-10-11 02:58:57,22100.0,1000.0,852700.0
1841,2021-10-11 02:58:57,22100.0,200.0,851700.0
1842,2021-10-11 02:58:57,22100.0,500.0,851500.0
1843,2021-10-11 02:58:57,22100.0,2000.0,851000.0
1844,2021-10-11 02:58:57,22100.0,200.0,849000.0
1845,2021-10-11 02:58:57,22100.0,500.0,848800.0
1846,2021-10-11 02:58:57,22100.0,100.0,848300.0
1847,2021-10-11 02:58:57,22100.0,500.0,848200.0
1848,2021-10-11 02:58:57,22100.0,500.0,847700.0
1849,2021-10-11 02:58:57,22100.0,100.0,847200.0
1850,2021-10-11 02:58:57,22100.0,3000.0,847100.0
1851,2021-10-11 02:58:53,22100.0,1700.0,844100.0
1852,2021-10-11 02:58:53,22100.0,300.0,842400.0
1853,2021-10-11 02:58:53,22100.0,3000.0,842100.0
1854,2021-10-11 02:58:50,22150.0,100.0,839100.0
1855,2021-10-11 02:58:50,22150.0,500.0,839000.0
1856,2021-10-11 02:58:48,22150.0,800.0,838500.0
1857,2021-10-11 02:58:40,22150.0,300.0,837700.0
1858,2021-10-11 02:58:39,22150.0,500.0,837400.0
1859,2021-10-11 02:58:39,22150.0,100.0,836900.0
1860,2021-10-11 02:58:39,22150.0,200.0,836800.0
1861,2021-10-11 02:58:39,22150.0,100.0,836600.0
1862,2021-10-11 02:58:39,22150.0,300.0,836500.0
1863,2021-10-11 02:58:19,22150.0,400.0,836200.0
1864,2021-10-11 02:58:18,22150.0,100.0,835800.0
1865,2021-10-11 02:58:14,22150.0,100.0,835700.0
1866,2021-10-11 02:58:13,22150.0,1000.0,835600.0
1867,2021-10-11 02:58:01,22150.0,900.0,834600.0
1868,2021-10-11 02:58:01,22150.0,2200.0,833700.0
1869,2021-10-11 02:57:58,22150.0,2500.0,831500.0
1870,2021-10-11 02:57:48,22150.0,300.0,829000.0
1871,2021-10-11 02:57:48,22150.0,200.0,828700.0
1872,2021-10-11 02:57:48,22150.0,500.0,828500.0
1873,2021-10-11 02:57:32,22150.0,500.0,828000.0
1874,2021-10-11 02:57:30,22100.0,1000.0,827500.0
1875,2021-10-11 02:57:30,22100.0,1500.0,826500.0
1876,2021-10-11 02:57:29,22150.0,800.0,825000.0
1877,2021-10-11 02:57:29,22150.0,3000.0,824200.0
1878,2021-10-11 02:57:29,22150.0,1200.0,821200.0
1879,2021-10-11 02:57:25,22150.0,900.0,820000.0
1880,2021-10-11 02:57:20,22150.0,100.0,819100.0
1881,2021-10-11 02:57:19,22150.0,400.0,819000.0
1882,2021-10-11 02:57:13,22150.0,100.0,818600.0
1883,2021-10-11 02:57:09,22150.0,100.0,818500.0
1884,2021-10-11 02:57:08,22100.0,500.0,818400.0
1885,2021-10-11 02:57:08,22100.0,100.0,817900.0
1886,2021-10-11 02:57:08,22100.0,1900.0,817800.0
1887,2021-10-11 02:56:59,22150.0,1300.0,815900.0
1888,2021-10-11 02:56:48,22100.0,100.0,814600.0
1889,2021-10-11 02:56:38,22100.0,500.0,814500.0
1890,2021-10-11 02:56:38,22100.0,100.0,814000.0
1891,2021-10-11 02:56:38,22100.0,200.0,813900.0
1892,2021-10-11 02:56:38,22150.0,2000.0,813700.0
1893,2021-10-11 02:56:38,22150.0,300.0,811700.0
1894,2021-10-11 02:56:38,22150.0,100.0,811400.0
1895,2021-10-11 02:56:04,22100.0,1800.0,811300.0
1896,2021-10-11 02:56:04,22100.0,100.0,809500.0
1897,2021-10-11 02:56:04,22100.0,900.0,809400.0
1898,2021-10-11 02:56:04,22150.0,200.0,808500.0
1899,2021-10-11 02:56:03,22150.0,500.0,808300.0
1900,2021-10-11 02:55:57,22150.0,400.0,807800.0
1901,2021-10-11 02:55:50,22100.0,2400.0,807400.0
1902,2021-10-11 02:55:50,22100.0,600.0,805000.0
1903,2021-10-11 02:55:49,22150.0,200.0,804400.0
1904,2021-10-11 02:55:34,22150.0,400.0,804200.0
1905,2021-10-11 02:55:32,22100.0,1100.0,803800.0
1906,2021-10-11 02:55:32,22100.0,100.0,802700.0
1907,2021-10-11 02:55:18,22200.0,5000.0,802600.0
1908,2021-10-11 02:55:13,22200.0,1000.0,797600.0
1909,2021-10-11 02:55:08,22200.0,2000.0,796600.0
1910,2021-10-11 02:55:01,22200.0,100.0,794600.0
1911,2021-10-11 02:55:00,22200.0,3300.0,794500.0
1912,2021-10-11 02:55:00,22200.0,300.0,791200.0
1913,2021-10-11 02:54:55,22250.0,500.0,790900.0
1914,2021-10-11 02:54:51,22200.0,200.0,790400.0
1915,2021-10-11 02:54:50,22200.0,100.0,790200.0
1916,2021-10-11 02:54:48,22200.0,200.0,790100.0
1917,2021-10-11 02:54:47,22200.0,100.0,789900.0
1918,2021-10-11 02:54:47,22200.0,100.0,789800.0
1919,2021-10-11 02:54:41,22100.0,200.0,789700.0
1920,2021-10-11 02:54:41,22200.0,100.0,789500.0
1921,2021-10-11 02:54:41,22200.0,100.0,789400.0
1922,2021-10-11 02:54:33,22200.0,200.0,789300.0
1923,2021-10-11 02:54:33,22200.0,100.0,789100.0
1924,2021-10-11 02:54:33,22200.0,200.0,789000.0
1925,2021-10-11 02:54:33,22200.0,100.0,788800.0
1926,2021-10-11 02:54:33,22200.0,500.0,788700.0
1927,2021-10-11 02:54:33,22200.0,500.0,788200.0
1928,2021-10-11 02:54:33,22200.0,400.0,787700.0
1929,2021-10-11 02:54:26,22200.0,1600.0,787300.0
1930,2021-10-11 02:54:26,22200.0,200.0,785700.0
1931,2021-10-11 02:54:26,22200.0,200.0,785500.0
1932,2021-10-11 02:54:24,22200.0,100.0,785300.0
1933,2021-10-11 02:54:16,22250.0,1200.0,785200.0
1934,2021-10-11 02:54:10,22250.0,800.0,784000.0
1935,2021-10-11 02:54:10,22250.0,100.0,783200.0
1936,2021-10-11 02:54:10,22250.0,100.0,783100.0
1937,2021-10-11 02:54:06,22250.0,100.0,783000.0
1938,2021-10-11 02:54:06,22250.0,100.0,782900.0
1939,2021-10-11 02:54:06,22250.0,600.0,782800.0
1940,2021-10-11 02:53:50,22250.0,300.0,782200.0
1941,2021-10-11 02:53:46,22300.0,200.0,781900.0
1942,2021-10-11 02:53:41,22300.0,100.0,781700.0
1943,2021-10-11 02:53:24,22300.0,100.0,781600.0
1944,2021-10-11 02:53:24,22300.0,500.0,781500.0
1945,2021-10-11 02:53:24,22300.0,100.0,781000.0
1946,2021-10-11 02:53:24,22300.0,200.0,780900.0
1947,2021-10-11 02:53:21,22300.0,300.0,780700.0
1948,2021-10-11 02:53:21,22300.0,100.0,780400.0
1949,2021-10-11 02:53:21,22300.0,500.0,780300.0
1950,2021-10-11 02:53:09,22300.0,300.0,779800.0
1951,2021-10-11 02:53:09,22300.0,100.0,779500.0
1952,2021-10-11 02:53:09,22300.0,300.0,779400.0
1953,2021-10-11 02:53:09,22300.0,100.0,779100.0
1954,2021-10-11 02:53:09,22300.0,1000.0,779000.0
1955,2021-10-11 02:53:09,22300.0,1000.0,778000.0
1956,2021-10-11 02:53:09,22300.0,100.0,777000.0
1957,2021-10-11 02:53:09,22300.0,200.0,776900.0
1958,2021-10-11 02:53:08,22300.0,1000.0,776700.0
1959,2021-10-11 02:53:01,22350.0,1000.0,775700.0
1960,2021-10-11 02:53:01,22350.0,500.0,774700.0
1961,2021-10-11 02:53:01,22350.0,1100.0,774200.0
1962,2021-10-11 02:53:00,22350.0,500.0,773100.0
1963,2021-10-11 02:52:56,22350.0,400.0,772600.0
1964,2021-10-11 02:52:56,22350.0,100.0,772200.0
1965,2021-10-11 02:52:53,22350.0,200.0,772100.0
1966,2021-10-11 02:52:52,22350.0,1100.0,771900.0
1967,2021-10-11 02:52:45,22350.0,600.0,770800.0
1968,2021-10-11 02:52:45,22350.0,100.0,770200.0
1969,2021-10-11 02:52:45,22350.0,300.0,770100.0
1970,2021-10-11 02:52:41,22350.0,100.0,769800.0
1971,2021-10-11 02:52:41,22350.0,500.0,769700.0
1972,2021-10-11 02:52:30,22350.0,100.0,769200.0
1973,2021-10-11 02:52:30,22350.0,200.0,769100.0
1974,2021-10-11 02:52:12,22350.0,1100.0,768900.0
1975,2021-10-11 02:52:10,22400.0,500.0,767800.0
1976,2021-10-11 02:52:09,22350.0,200.0,767300.0
1977,2021-10-11 02:52:09,22350.0,300.0,767100.0
1978,2021-10-11 02:52:05,22350.0,400.0,766800.0
1979,2021-10-11 02:51:59,22350.0,200.0,766400.0
1980,2021-10-11 02:51:48,22350.0,100.0,766200.0
1981,2021-10-11 02:51:45,22350.0,500.0,766100.0
1982,2021-10-11 02:51:43,22400.0,100.0,765600.0
1983,2021-10-11 02:51:00,22400.0,2000.0,765500.0
1984,2021-10-11 02:50:59,22400.0,800.0,763500.0
1985,2021-10-11 02:50:59,22400.0,700.0,762700.0
1986,2021-10-11 02:50:58,22400.0,1000.0,762000.0
1987,2021-10-11 02:50:51,22400.0,3500.0,761000.0
1988,2021-10-11 02:50:42,22400.0,700.0,757500.0
1989,2021-10-11 02:50:41,22400.0,400.0,756800.0
1990,2021-10-11 02:50:40,22400.0,1000.0,756400.0
1991,2021-10-11 02:50:39,22450.0,100.0,755400.0
1992,2021-10-11 02:50:38,22400.0,1800.0,755300.0
1993,2021-10-11 02:50:38,22400.0,100.0,753500.0
1994,2021-10-11 02:50:38,22400.0,100.0,753400.0
1995,2021-10-11 02:50:38,22450.0,100.0,753300.0
1996,2021-10-11 02:50:36,22400.0,100.0,753200.0
1997,2021-10-11 02:50:35,22400.0,100.0,753100.0
1998,2021-10-11 02:50:35,22400.0,100.0,753000.0
1999,2021-10-11 02:50:35,22400.0,200.0,752900.0
2000,2021-10-11 02:50:35,22400.0,500.0,752700.0
2001,2021-10-11 02:50:35,22400.0,100.0,752200.0
2002,2021-10-11 02:50:35,22400.0,400.0,752100.0
2003,2021-10-11 02:50:33,22400.0,100.0,751700.0
2004,2021-10-11 02:50:33,22400.0,3100.0,751600.0
2005,2021-10-11 02:50:32,22450.0,200.0,748500.0
2006,2021-10-11 02:50:32,22400.0,5000.0,748300.0
2007,2021-10-11 02:50:31,22450.0,200.0,743300.0
2008,2021-10-11 02:50:31,22400.0,1000.0,743100.0
2009,2021-10-11 02:50:20,22400.0,2900.0,742100.0
2010,2021-10-11 02:50:20,22400.0,100.0,739200.0
2011,2021-10-11 02:50:20,22400.0,200.0,739100.0
2012,2021-10-11 02:50:20,22400.0,100.0,738900.0
2013,2021-10-11 02:50:20,22400.0,500.0,738800.0
2014,2021-10-11 02:50:20,22400.0,100.0,738300.0
2015,2021-10-11 02:50:20,22400.0,1000.0,738200.0
2016,2021-10-11 02:50:20,22400.0,200.0,737200.0
2017,2021-10-11 02:50:20,22400.0,1800.0,737000.0
2018,2021-10-11 02:50:20,22450.0,100.0,735200.0
2019,2021-10-11 02:50:18,22400.0,200.0,735100.0
2020,2021-10-11 02:50:18,22400.0,800.0,734900.0
2021,2021-10-11 02:50:15,22400.0,1200.0,734100.0
2022,2021-10-11 02:50:15,22400.0,500.0,732900.0
2023,2021-10-11 02:50:15,22400.0,200.0,732400.0
2024,2021-10-11 02:50:15,22400.0,500.0,732200.0
2025,2021-10-11 02:50:15,22400.0,600.0,731700.0
2026,2021-10-11 02:50:15,22400.0,2000.0,731100.0
2027,2021-10-11 02:50:15,22400.0,500.0,729100.0
2028,2021-10-11 02:50:15,22400.0,100.0,728600.0
2029,2021-10-11 02:50:15,22400.0,3000.0,728500.0
2030,2021-10-11 02:50:15,22400.0,100.0,725500.0
2031,2021-10-11 02:50:15,22400.0,1000.0,725400.0
2032,2021-10-11 02:50:15,22400.0,5000.0,724400.0
2033,2021-10-11 02:50:15,22400.0,500.0,719400.0
2034,2021-10-11 02:50:15,22400.0,100.0,718900.0
2035,2021-10-11 02:50:15,22400.0,100.0,718800.0
2036,2021-10-11 02:50:15,22400.0,3500.0,718700.0
2037,2021-10-11 02:50:15,22400.0,600.0,715200.0
2038,2021-10-11 02:50:15,22400.0,100.0,714600.0
2039,2021-10-11 02:50:15,22400.0,200.0,714500.0
2040,2021-10-11 02:50:15,22400.0,200.0,714300.0
2041,2021-10-11 02:50:10,22400.0,1100.0,714100.0
2042,2021-10-11 02:50:08,22400.0,500.0,713000.0
2043,2021-10-11 02:49:50,22400.0,100.0,712500.0
2044,2021-10-11 02:49:50,22400.0,900.0,712400.0
2045,2021-10-11 02:49:49,22400.0,1800.0,711500.0
2046,2021-10-11 02:49:46,22400.0,2000.0,709700.0
2047,2021-10-11 02:49:38,22400.0,1300.0,707700.0
2048,2021-10-11 02:49:21,22400.0,5000.0,706400.0
2049,2021-10-11 02:49:19,22450.0,500.0,701400.0
2050,2021-10-11 02:49:19,22450.0,200.0,700900.0
2051,2021-10-11 02:49:19,22450.0,1000.0,700700.0
2052,2021-10-11 02:49:19,22450.0,100.0,699700.0
2053,2021-10-11 02:49:19,22450.0,200.0,699600.0
2054,2021-10-11 02:49:13,22400.0,1000.0,699400.0
2055,2021-10-11 02:49:09,22400.0,100.0,698400.0
