,Time,Price,Volume_per_trade,Volume
0,2021-10-19 07:45:01,6400.0,200.0,373800.0
1,2021-10-19 07:45:01,6400.0,1300.0,373600.0
2,2021-10-19 07:45:01,6400.0,2000.0,372300.0
3,2021-10-19 07:45:01,6400.0,1100.0,370300.0
4,2021-10-19 07:45:01,6400.0,5600.0,369200.0
5,2021-10-19 07:45:01,6400.0,1000.0,363600.0
6,2021-10-19 07:45:01,6400.0,100.0,362600.0
7,2021-10-19 07:45:01,6400.0,1000.0,362500.0
8,2021-10-19 07:45:01,6400.0,300.0,361500.0
9,2021-10-19 07:45:01,6400.0,1000.0,361200.0
10,2021-10-19 07:45:01,6400.0,100.0,360200.0
11,2021-10-19 07:45:01,6400.0,600.0,360100.0
12,2021-10-19 07:29:58,6390.0,100.0,359500.0
13,2021-10-19 07:28:52,6390.0,100.0,359400.0
14,2021-10-19 07:28:28,6390.0,200.0,359300.0
15,2021-10-19 07:27:55,6390.0,700.0,359100.0
16,2021-10-19 07:27:55,6390.0,300.0,358400.0
17,2021-10-19 07:27:55,6390.0,500.0,358100.0
18,2021-10-19 07:27:55,6390.0,100.0,357600.0
19,2021-10-19 07:27:55,6390.0,100.0,357500.0
20,2021-10-19 07:27:55,6390.0,800.0,357400.0
21,2021-10-19 07:27:55,6390.0,2000.0,356600.0
22,2021-10-19 07:27:55,6390.0,100.0,354600.0
23,2021-10-19 07:27:55,6390.0,1700.0,354500.0
24,2021-10-19 07:27:21,6400.0,200.0,352800.0
25,2021-10-19 07:27:21,6400.0,400.0,352600.0
26,2021-10-19 07:27:21,6400.0,500.0,352200.0
27,2021-10-19 07:27:21,6400.0,100.0,351700.0
28,2021-10-19 07:27:21,6400.0,1000.0,351600.0
29,2021-10-19 07:27:21,6400.0,1800.0,350600.0
30,2021-10-19 07:27:21,6400.0,1000.0,348800.0
31,2021-10-19 07:27:21,6400.0,1600.0,347800.0
32,2021-10-19 07:27:21,6400.0,3000.0,346200.0
33,2021-10-19 07:27:21,6400.0,3000.0,343200.0
34,2021-10-19 07:27:21,6400.0,3000.0,340200.0
35,2021-10-19 07:27:21,6400.0,500.0,337200.0
36,2021-10-19 07:27:21,6400.0,100.0,336700.0
37,2021-10-19 07:27:21,6400.0,700.0,336600.0
38,2021-10-19 07:27:21,6400.0,3000.0,335900.0
39,2021-10-19 07:27:21,6400.0,100.0,332900.0
40,2021-10-19 07:27:21,6400.0,700.0,332800.0
41,2021-10-19 07:27:21,6400.0,3000.0,332100.0
42,2021-10-19 07:26:07,6410.0,100.0,329100.0
43,2021-10-19 07:25:59,6410.0,1400.0,329000.0
44,2021-10-19 07:25:34,6410.0,500.0,327600.0
45,2021-10-19 07:24:57,6410.0,500.0,327100.0
46,2021-10-19 07:24:18,6410.0,3400.0,326600.0
47,2021-10-19 07:24:15,6410.0,100.0,323200.0
48,2021-10-19 07:24:15,6410.0,3000.0,323100.0
49,2021-10-19 07:24:15,6410.0,1000.0,320100.0
50,2021-10-19 07:24:15,6410.0,800.0,319100.0
51,2021-10-19 07:22:21,6410.0,200.0,318300.0
52,2021-10-19 07:22:21,6410.0,600.0,318100.0
53,2021-10-19 07:21:26,6420.0,1800.0,317500.0
54,2021-10-19 07:21:00,6420.0,200.0,315700.0
55,2021-10-19 07:20:52,6420.0,200.0,315500.0
56,2021-10-19 07:20:44,6420.0,6000.0,315300.0
57,2021-10-19 07:20:44,6420.0,4000.0,309300.0
58,2021-10-19 07:20:07,6420.0,1000.0,305300.0
59,2021-10-19 07:19:53,6420.0,200.0,304300.0
60,2021-10-19 07:19:53,6420.0,1500.0,304100.0
61,2021-10-19 07:18:16,6420.0,5000.0,302600.0
62,2021-10-19 07:17:51,6420.0,500.0,297600.0
63,2021-10-19 07:17:51,6420.0,5000.0,297100.0
64,2021-10-19 07:09:37,6420.0,200.0,292100.0
65,2021-10-19 07:09:10,6430.0,300.0,291900.0
66,2021-10-19 07:09:10,6430.0,500.0,291600.0
67,2021-10-19 07:09:10,6430.0,1200.0,291100.0
68,2021-10-19 07:06:10,6430.0,800.0,289900.0
69,2021-10-19 07:04:09,6430.0,200.0,289100.0
70,2021-10-19 07:03:32,6410.0,2000.0,288900.0
71,2021-10-19 06:59:26,6400.0,400.0,286900.0
72,2021-10-19 06:59:12,6410.0,5200.0,286500.0
73,2021-10-19 06:58:35,6400.0,6600.0,281300.0
74,2021-10-19 06:58:35,6400.0,2000.0,274700.0
75,2021-10-19 06:58:35,6400.0,200.0,272700.0
76,2021-10-19 06:58:35,6400.0,100.0,272500.0
77,2021-10-19 06:58:16,6410.0,1000.0,272400.0
78,2021-10-19 06:57:56,6410.0,2000.0,271400.0
79,2021-10-19 06:57:56,6410.0,200.0,269400.0
80,2021-10-19 06:57:56,6410.0,100.0,269200.0
81,2021-10-19 06:57:56,6410.0,200.0,269100.0
82,2021-10-19 06:57:56,6410.0,7000.0,268900.0
83,2021-10-19 06:57:56,6410.0,6600.0,261900.0
84,2021-10-19 06:57:56,6420.0,2000.0,255300.0
85,2021-10-19 06:57:56,6420.0,5700.0,253300.0
86,2021-10-19 06:56:24,6420.0,2000.0,247600.0
87,2021-10-19 06:56:24,6420.0,500.0,245600.0
88,2021-10-19 06:56:24,6420.0,500.0,245100.0
89,2021-10-19 06:55:07,6420.0,8500.0,244600.0
90,2021-10-19 06:55:07,6420.0,300.0,236100.0
91,2021-10-19 06:55:07,6420.0,1000.0,235800.0
92,2021-10-19 06:55:07,6420.0,5200.0,234800.0
93,2021-10-19 06:52:09,6420.0,1900.0,229600.0
94,2021-10-19 06:50:07,6420.0,1000.0,227700.0
95,2021-10-19 06:49:39,6420.0,1900.0,226700.0
96,2021-10-19 06:49:39,6420.0,1100.0,224800.0
97,2021-10-19 06:49:10,6430.0,100.0,223700.0
98,2021-10-19 06:48:26,6430.0,1600.0,223600.0
99,2021-10-19 06:48:18,6420.0,900.0,222000.0
100,2021-10-19 06:48:18,6420.0,1100.0,221100.0
101,2021-10-19 06:47:22,6420.0,900.0,220000.0
102,2021-10-19 06:45:16,6420.0,500.0,219100.0
103,2021-10-19 06:45:09,6430.0,700.0,218600.0
104,2021-10-19 06:44:42,6430.0,1000.0,217900.0
105,2021-10-19 06:44:38,6430.0,1400.0,216900.0
106,2021-10-19 06:43:27,6430.0,700.0,215500.0
107,2021-10-19 06:42:29,6430.0,500.0,214800.0
108,2021-10-19 06:38:39,6420.0,1000.0,214300.0
109,2021-10-19 06:37:14,6430.0,800.0,213300.0
110,2021-10-19 06:34:03,6430.0,800.0,212500.0
111,2021-10-19 06:34:03,6430.0,200.0,211700.0
112,2021-10-19 06:31:25,6430.0,5000.0,211500.0
113,2021-10-19 06:25:42,6430.0,100.0,206500.0
114,2021-10-19 06:25:42,6430.0,400.0,206400.0
115,2021-10-19 06:24:21,6430.0,700.0,206000.0
116,2021-10-19 06:23:14,6430.0,3900.0,205300.0
117,2021-10-19 06:23:14,6430.0,1100.0,201400.0
118,2021-10-19 06:21:27,6430.0,1000.0,200300.0
119,2021-10-19 06:20:38,6430.0,100.0,199300.0
120,2021-10-19 06:16:42,6440.0,2000.0,199200.0
121,2021-10-19 06:13:49,6440.0,500.0,197200.0
122,2021-10-19 06:06:56,6440.0,1000.0,196700.0
123,2021-10-19 06:03:56,6430.0,5800.0,195700.0
124,2021-10-19 06:00:02,6420.0,500.0,189900.0
125,2021-10-19 06:00:00,6410.0,100.0,189400.0
126,2021-10-19 04:28:37,6420.0,1000.0,189300.0
127,2021-10-19 04:28:16,6420.0,100.0,188300.0
128,2021-10-19 04:24:19,6410.0,1000.0,188200.0
129,2021-10-19 04:22:05,6410.0,2300.0,187200.0
130,2021-10-19 04:20:52,6430.0,8200.0,184900.0
131,2021-10-19 04:20:52,6430.0,800.0,176700.0
132,2021-10-19 04:20:21,6410.0,1000.0,175900.0
133,2021-10-19 04:18:19,6400.0,100.0,174900.0
134,2021-10-19 04:18:19,6400.0,400.0,174800.0
135,2021-10-19 04:14:16,6410.0,1000.0,174400.0
136,2021-10-19 04:13:52,6410.0,100.0,173400.0
137,2021-10-19 04:13:30,6410.0,1000.0,173300.0
138,2021-10-19 04:12:46,6410.0,100.0,172300.0
139,2021-10-19 04:12:37,6410.0,1000.0,172200.0
140,2021-10-19 04:12:37,6410.0,100.0,171200.0
141,2021-10-19 04:12:07,6410.0,500.0,171100.0
142,2021-10-19 04:11:57,6410.0,1500.0,170600.0
143,2021-10-19 04:09:15,6410.0,1000.0,169100.0
144,2021-10-19 04:09:15,6410.0,100.0,168100.0
145,2021-10-19 04:09:00,6410.0,100.0,168000.0
146,2021-10-19 04:09:00,6410.0,300.0,167900.0
147,2021-10-19 04:07:38,6410.0,600.0,167600.0
148,2021-10-19 04:07:05,6420.0,300.0,167000.0
149,2021-10-19 04:06:50,6430.0,1000.0,166700.0
150,2021-10-19 04:06:08,6410.0,3600.0,165700.0
151,2021-10-19 04:04:19,6430.0,3200.0,162100.0
152,2021-10-19 04:04:19,6430.0,6500.0,158900.0
153,2021-10-19 04:04:19,6430.0,200.0,152400.0
154,2021-10-19 04:04:19,6430.0,100.0,152200.0
155,2021-10-19 04:04:12,6410.0,500.0,152100.0
156,2021-10-19 03:59:00,6400.0,1000.0,151600.0
157,2021-10-19 03:58:47,6400.0,600.0,150600.0
158,2021-10-19 03:58:47,6400.0,400.0,150000.0
159,2021-10-19 03:57:40,6400.0,2900.0,149600.0
160,2021-10-19 03:57:40,6400.0,100.0,146700.0
161,2021-10-19 03:57:40,6400.0,1400.0,146600.0
162,2021-10-19 03:57:40,6400.0,100.0,145200.0
163,2021-10-19 03:57:40,6400.0,200.0,145100.0
164,2021-10-19 03:57:40,6400.0,10000.0,144900.0
165,2021-10-19 03:57:40,6400.0,1000.0,134900.0
166,2021-10-19 03:57:40,6400.0,1000.0,133900.0
167,2021-10-19 03:57:40,6400.0,400.0,132900.0
168,2021-10-19 03:57:40,6400.0,900.0,132500.0
169,2021-10-19 03:57:15,6400.0,100.0,131600.0
170,2021-10-19 03:57:15,6400.0,100.0,131500.0
171,2021-10-19 03:57:15,6400.0,200.0,131400.0
172,2021-10-19 03:57:15,6400.0,600.0,131200.0
173,2021-10-19 03:55:40,6400.0,900.0,130600.0
174,2021-10-19 03:55:40,6400.0,1000.0,129700.0
175,2021-10-19 03:55:40,6400.0,100.0,128700.0
176,2021-10-19 03:53:17,6400.0,1000.0,128600.0
177,2021-10-19 03:52:07,6400.0,4000.0,127600.0
178,2021-10-19 03:52:07,6400.0,100.0,123600.0
179,2021-10-19 03:52:07,6400.0,900.0,123500.0
180,2021-10-19 03:51:32,6430.0,100.0,122600.0
181,2021-10-19 03:50:23,6400.0,300.0,122500.0
182,2021-10-19 03:50:23,6400.0,200.0,122200.0
183,2021-10-19 03:49:13,6400.0,800.0,122000.0
184,2021-10-19 03:49:13,6400.0,300.0,121200.0
185,2021-10-19 03:49:13,6400.0,3900.0,120900.0
186,2021-10-19 03:49:11,6410.0,3500.0,117000.0
187,2021-10-19 03:49:11,6410.0,1000.0,113500.0
188,2021-10-19 03:47:16,6410.0,5000.0,112500.0
189,2021-10-19 03:45:07,6400.0,2000.0,107500.0
190,2021-10-19 03:41:46,6450.0,100.0,105500.0
191,2021-10-19 03:41:23,6400.0,1100.0,105400.0
192,2021-10-19 03:41:23,6400.0,400.0,104300.0
193,2021-10-19 03:41:23,6400.0,200.0,103900.0
194,2021-10-19 03:41:23,6400.0,400.0,103700.0
195,2021-10-19 03:41:23,6400.0,200.0,103300.0
196,2021-10-19 03:41:23,6400.0,200.0,103100.0
197,2021-10-19 03:41:23,6400.0,1100.0,102900.0
198,2021-10-19 03:41:23,6400.0,300.0,101800.0
199,2021-10-19 03:41:23,6410.0,100.0,101500.0
200,2021-10-19 03:41:23,6410.0,300.0,101400.0
201,2021-10-19 03:41:23,6410.0,500.0,101100.0
202,2021-10-19 03:41:23,6410.0,200.0,100600.0
203,2021-10-19 03:36:28,6450.0,300.0,100400.0
204,2021-10-19 03:36:28,6440.0,100.0,100100.0
205,2021-10-19 03:35:43,6450.0,400.0,100000.0
206,2021-10-19 03:35:43,6440.0,100.0,99600.0
207,2021-10-19 03:35:39,6430.0,300.0,99500.0
208,2021-10-19 03:35:20,6450.0,500.0,99200.0
209,2021-10-19 03:33:24,6450.0,600.0,98700.0
210,2021-10-19 03:33:06,6450.0,200.0,98100.0
211,2021-10-19 03:33:06,6450.0,900.0,97900.0
212,2021-10-19 03:33:06,6440.0,300.0,97000.0
213,2021-10-19 03:33:04,6440.0,300.0,96700.0
214,2021-10-19 03:33:02,6450.0,100.0,96400.0
215,2021-10-19 03:31:10,6440.0,100.0,96300.0
216,2021-10-19 03:29:59,6440.0,100.0,96200.0
217,2021-10-19 03:29:53,6440.0,100.0,96100.0
218,2021-10-19 03:29:42,6440.0,700.0,96000.0
219,2021-10-19 03:29:42,6440.0,1700.0,95300.0
220,2021-10-19 03:29:06,6440.0,300.0,93600.0
221,2021-10-19 03:29:06,6440.0,300.0,93300.0
222,2021-10-19 03:28:58,6420.0,300.0,93000.0
223,2021-10-19 03:28:58,6420.0,100.0,92700.0
224,2021-10-19 03:28:58,6420.0,100.0,92600.0
225,2021-10-19 03:28:58,6420.0,1500.0,92500.0
226,2021-10-19 03:28:58,6420.0,500.0,91000.0
227,2021-10-19 03:28:58,6420.0,600.0,90500.0
228,2021-10-19 03:28:58,6420.0,200.0,89900.0
229,2021-10-19 03:28:58,6420.0,300.0,89700.0
230,2021-10-19 03:28:58,6430.0,500.0,89400.0
231,2021-10-19 03:28:58,6430.0,1300.0,88900.0
232,2021-10-19 03:28:58,6430.0,500.0,87600.0
233,2021-10-19 03:28:58,6430.0,800.0,87100.0
234,2021-10-19 03:27:47,6430.0,100.0,86300.0
235,2021-10-19 03:26:56,6430.0,1100.0,86200.0
236,2021-10-19 03:26:49,6430.0,900.0,85100.0
237,2021-10-19 03:26:49,6430.0,1100.0,84200.0
238,2021-10-19 03:26:35,6430.0,400.0,83100.0
239,2021-10-19 03:25:46,6430.0,100.0,82700.0
240,2021-10-19 03:24:39,6430.0,1400.0,82600.0
241,2021-10-19 03:24:24,6430.0,300.0,81200.0
242,2021-10-19 03:24:16,6430.0,800.0,80900.0
243,2021-10-19 03:23:49,6430.0,200.0,80100.0
244,2021-10-19 03:23:31,6430.0,100.0,79900.0
245,2021-10-19 03:23:31,6430.0,600.0,79800.0
246,2021-10-19 03:19:11,6430.0,400.0,79200.0
247,2021-10-19 03:19:11,6430.0,100.0,78800.0
248,2021-10-19 03:19:11,6430.0,100.0,78700.0
249,2021-10-19 03:19:11,6430.0,100.0,78600.0
250,2021-10-19 03:17:34,6440.0,200.0,78500.0
251,2021-10-19 03:14:25,6440.0,100.0,78300.0
252,2021-10-19 03:14:01,6450.0,600.0,78200.0
253,2021-10-19 03:12:45,6450.0,300.0,77600.0
254,2021-10-19 03:10:21,6420.0,1200.0,77300.0
255,2021-10-19 03:10:21,6420.0,300.0,76100.0
256,2021-10-19 03:09:45,6430.0,600.0,75800.0
257,2021-10-19 03:09:15,6430.0,100.0,75200.0
258,2021-10-19 03:08:57,6430.0,1100.0,75100.0
259,2021-10-19 03:08:57,6430.0,500.0,74000.0
260,2021-10-19 03:08:57,6430.0,500.0,73500.0
261,2021-10-19 03:08:57,6440.0,500.0,73000.0
262,2021-10-19 03:08:57,6450.0,1500.0,72500.0
263,2021-10-19 03:08:57,6450.0,100.0,71000.0
264,2021-10-19 03:08:57,6450.0,500.0,70900.0
265,2021-10-19 03:08:57,6450.0,300.0,70400.0
266,2021-10-19 03:08:30,6470.0,100.0,70100.0
267,2021-10-19 03:07:41,6470.0,400.0,70000.0
268,2021-10-19 03:07:16,6470.0,100.0,69600.0
269,2021-10-19 03:00:37,6450.0,900.0,69500.0
270,2021-10-19 03:00:22,6450.0,400.0,68600.0
271,2021-10-19 03:00:22,6450.0,400.0,68200.0
272,2021-10-19 02:59:10,6480.0,1000.0,67800.0
273,2021-10-19 02:58:15,6500.0,1500.0,66800.0
274,2021-10-19 02:57:40,6500.0,1000.0,65300.0
275,2021-10-19 02:57:40,6500.0,100.0,64300.0
276,2021-10-19 02:56:19,6500.0,200.0,64200.0
277,2021-10-19 02:55:46,6500.0,2300.0,64000.0
278,2021-10-19 02:55:46,6500.0,1000.0,61700.0
279,2021-10-19 02:55:46,6490.0,5000.0,60700.0
280,2021-10-19 02:55:46,6480.0,1000.0,55700.0
281,2021-10-19 02:55:32,6450.0,500.0,54700.0
282,2021-10-19 02:54:55,6450.0,200.0,54200.0
283,2021-10-19 02:51:58,6430.0,300.0,54000.0
284,2021-10-19 02:51:10,6430.0,100.0,53700.0
285,2021-10-19 02:50:41,6430.0,500.0,53600.0
286,2021-10-19 02:48:19,6430.0,100.0,53100.0
287,2021-10-19 02:47:11,6420.0,100.0,53000.0
288,2021-10-19 02:43:52,6410.0,100.0,52900.0
289,2021-10-19 02:43:38,6410.0,100.0,52800.0
290,2021-10-19 02:43:15,6410.0,1400.0,52700.0
291,2021-10-19 02:43:15,6410.0,100.0,51300.0
292,2021-10-19 02:39:29,6410.0,100.0,51200.0
293,2021-10-19 02:39:07,6410.0,1000.0,51100.0
294,2021-10-19 02:39:02,6410.0,1000.0,50100.0
295,2021-10-19 02:38:24,6410.0,500.0,49100.0
296,2021-10-19 02:37:33,6410.0,1000.0,48600.0
297,2021-10-19 02:36:39,6400.0,100.0,47600.0
298,2021-10-19 02:36:39,6400.0,200.0,47500.0
299,2021-10-19 02:36:12,6400.0,9800.0,47300.0
300,2021-10-19 02:36:12,6400.0,200.0,37500.0
301,2021-10-19 02:36:12,6400.0,600.0,37300.0
302,2021-10-19 02:33:15,6400.0,100.0,36700.0
303,2021-10-19 02:33:08,6400.0,300.0,36600.0
304,2021-10-19 02:33:08,6400.0,200.0,36300.0
305,2021-10-19 02:33:06,6400.0,500.0,36100.0
306,2021-10-19 02:32:58,6400.0,100.0,35600.0
307,2021-10-19 02:32:51,6390.0,100.0,35500.0
308,2021-10-19 02:32:51,6390.0,100.0,35400.0
309,2021-10-19 02:32:51,6390.0,700.0,35300.0
310,2021-10-19 02:32:34,6400.0,500.0,34600.0
311,2021-10-19 02:32:23,6400.0,500.0,34100.0
312,2021-10-19 02:31:55,6400.0,300.0,33600.0
313,2021-10-19 02:31:32,6400.0,200.0,33300.0
314,2021-10-19 02:31:32,6400.0,1000.0,33100.0
315,2021-10-19 02:30:28,6400.0,100.0,32100.0
316,2021-10-19 02:30:25,6400.0,100.0,32000.0
317,2021-10-19 02:30:25,6400.0,500.0,31900.0
318,2021-10-19 02:30:25,6400.0,1000.0,31400.0
319,2021-10-19 02:30:25,6400.0,100.0,30400.0
320,2021-10-19 02:30:25,6400.0,100.0,30300.0
321,2021-10-19 02:30:25,6400.0,500.0,30200.0
322,2021-10-19 02:28:50,6400.0,100.0,29700.0
323,2021-10-19 02:28:37,6400.0,100.0,29600.0
324,2021-10-19 02:27:24,6400.0,200.0,29500.0
325,2021-10-19 02:27:24,6400.0,2100.0,29300.0
326,2021-10-19 02:25:58,6400.0,2500.0,27200.0
327,2021-10-19 02:25:58,6400.0,400.0,24700.0
328,2021-10-19 02:24:41,6400.0,100.0,24300.0
329,2021-10-19 02:24:41,6400.0,500.0,24200.0
330,2021-10-19 02:24:41,6400.0,800.0,23700.0
331,2021-10-19 02:23:43,6390.0,100.0,22900.0
332,2021-10-19 02:23:27,6390.0,200.0,22800.0
333,2021-10-19 02:22:44,6400.0,500.0,22600.0
334,2021-10-19 02:22:44,6400.0,300.0,22100.0
335,2021-10-19 02:22:44,6400.0,2000.0,21800.0
336,2021-10-19 02:22:44,6400.0,300.0,19800.0
337,2021-10-19 02:22:44,6400.0,100.0,19500.0
338,2021-10-19 02:22:44,6400.0,200.0,19400.0
339,2021-10-19 02:22:44,6400.0,700.0,19200.0
340,2021-10-19 02:22:44,6420.0,100.0,18500.0
341,2021-10-19 02:22:39,6400.0,300.0,18400.0
342,2021-10-19 02:22:28,6400.0,2000.0,18100.0
343,2021-10-19 02:22:28,6400.0,200.0,16100.0
344,2021-10-19 02:22:28,6400.0,100.0,15900.0
345,2021-10-19 02:22:28,6400.0,300.0,15800.0
346,2021-10-19 02:22:28,6410.0,200.0,15500.0
347,2021-10-19 02:22:28,6410.0,500.0,15300.0
348,2021-10-19 02:22:28,6410.0,100.0,14800.0
349,2021-10-19 02:22:28,6410.0,100.0,14700.0
350,2021-10-19 02:21:54,6410.0,100.0,14600.0
351,2021-10-19 02:20:36,6430.0,200.0,14500.0
352,2021-10-19 02:20:10,6430.0,200.0,14300.0
353,2021-10-19 02:19:55,6430.0,400.0,14100.0
354,2021-10-19 02:19:04,6430.0,600.0,13700.0
355,2021-10-19 02:18:49,6430.0,200.0,13100.0
356,2021-10-19 02:18:19,6430.0,400.0,12900.0
357,2021-10-19 02:18:13,6430.0,100.0,12500.0
358,2021-10-19 02:17:19,6430.0,100.0,12400.0
359,2021-10-19 02:17:19,6430.0,400.0,12300.0
360,2021-10-19 02:16:36,6430.0,100.0,11900.0
361,2021-10-19 02:15:00,6410.0,5100.0,11800.0
362,2021-10-19 02:15:00,6410.0,3700.0,6700.0
363,2021-10-19 02:15:00,6410.0,200.0,3000.0
364,2021-10-19 02:15:00,6410.0,1100.0,2800.0
365,2021-10-19 02:15:00,6410.0,200.0,1700.0
366,2021-10-19 02:15:00,6410.0,500.0,1500.0
367,2021-10-19 02:15:00,6410.0,100.0,1000.0
368,2021-10-19 02:15:00,6410.0,100.0,900.0
369,2021-10-19 02:15:00,6410.0,100.0,800.0
370,2021-10-19 02:15:00,6410.0,100.0,700.0
371,2021-10-19 02:15:00,6410.0,100.0,600.0
372,2021-10-19 02:15:00,6410.0,200.0,500.0
373,2021-10-19 02:15:00,6410.0,100.0,300.0
374,2021-10-19 02:15:00,6410.0,100.0,200.0
375,2021-10-19 02:15:00,6410.0,100.0,100.0
