,Time,Price,Volume_per_trade,Volume
0,2021-10-07 07:45:01,6500.0,2000.0,1000100.0
1,2021-10-07 07:45:01,6500.0,100.0,998100.0
2,2021-10-07 07:45:01,6500.0,1000.0,998000.0
3,2021-10-07 07:45:01,6500.0,3400.0,997000.0
4,2021-10-07 07:45:01,6500.0,4000.0,993600.0
5,2021-10-07 07:45:01,6500.0,3000.0,989600.0
6,2021-10-07 07:45:01,6500.0,2000.0,986600.0
7,2021-10-07 07:45:01,6500.0,500.0,984600.0
8,2021-10-07 07:45:01,6500.0,500.0,984100.0
9,2021-10-07 07:45:01,6500.0,500.0,983600.0
10,2021-10-07 07:45:01,6500.0,200.0,983100.0
11,2021-10-07 07:45:01,6500.0,6000.0,982900.0
12,2021-10-07 07:45:01,6500.0,1000.0,976900.0
13,2021-10-07 07:45:01,6500.0,200.0,975900.0
14,2021-10-07 07:45:01,6500.0,50000.0,975700.0
15,2021-10-07 07:45:01,6500.0,100.0,925700.0
16,2021-10-07 07:45:01,6500.0,100.0,925600.0
17,2021-10-07 07:45:01,6500.0,5000.0,925500.0
18,2021-10-07 07:45:01,6500.0,500.0,920500.0
19,2021-10-07 07:45:01,6500.0,300.0,920000.0
20,2021-10-07 07:45:01,6500.0,12300.0,919700.0
21,2021-10-07 07:45:01,6500.0,3000.0,907400.0
22,2021-10-07 07:45:01,6500.0,2600.0,904400.0
23,2021-10-07 07:45:01,6500.0,200.0,901800.0
24,2021-10-07 07:45:01,6500.0,100.0,901600.0
25,2021-10-07 07:45:01,6500.0,5000.0,901500.0
26,2021-10-07 07:45:01,6500.0,2000.0,896500.0
27,2021-10-07 07:45:01,6500.0,800.0,894500.0
28,2021-10-07 07:45:01,6500.0,200.0,893700.0
29,2021-10-07 07:45:01,6500.0,200.0,893500.0
30,2021-10-07 07:45:01,6500.0,1000.0,893300.0
31,2021-10-07 07:45:01,6500.0,2400.0,892300.0
32,2021-10-07 07:45:01,6500.0,600.0,889900.0
33,2021-10-07 07:45:01,6500.0,6100.0,889300.0
34,2021-10-07 07:45:01,6500.0,3000.0,883200.0
35,2021-10-07 07:29:55,6500.0,200.0,880200.0
36,2021-10-07 07:29:44,6500.0,30000.0,880000.0
37,2021-10-07 07:29:40,6500.0,1000.0,850000.0
38,2021-10-07 07:29:23,6500.0,2800.0,849000.0
39,2021-10-07 07:29:23,6500.0,5000.0,846200.0
40,2021-10-07 07:29:23,6500.0,5000.0,841200.0
41,2021-10-07 07:29:23,6500.0,500.0,836200.0
42,2021-10-07 07:29:23,6500.0,1000.0,835700.0
43,2021-10-07 07:29:23,6500.0,500.0,834700.0
44,2021-10-07 07:29:23,6500.0,100.0,834200.0
45,2021-10-07 07:29:23,6500.0,7500.0,834100.0
46,2021-10-07 07:29:23,6500.0,400.0,826600.0
47,2021-10-07 07:29:23,6500.0,2000.0,826200.0
48,2021-10-07 07:29:23,6500.0,500.0,824200.0
49,2021-10-07 07:29:23,6500.0,400.0,823700.0
50,2021-10-07 07:29:23,6500.0,1000.0,823300.0
51,2021-10-07 07:29:23,6500.0,2800.0,822300.0
52,2021-10-07 07:29:23,6500.0,500.0,819500.0
53,2021-10-07 07:28:29,6500.0,4500.0,819000.0
54,2021-10-07 07:28:29,6500.0,900.0,814500.0
55,2021-10-07 07:28:06,6490.0,6700.0,813600.0
56,2021-10-07 07:28:04,6480.0,200.0,806900.0
57,2021-10-07 07:27:51,6480.0,200.0,806700.0
58,2021-10-07 07:27:47,6490.0,1700.0,806500.0
59,2021-10-07 07:27:47,6490.0,500.0,804800.0
60,2021-10-07 07:27:47,6490.0,300.0,804300.0
61,2021-10-07 07:27:47,6490.0,2500.0,804000.0
62,2021-10-07 07:26:34,6480.0,5100.0,801500.0
63,2021-10-07 07:25:25,6490.0,2500.0,796400.0
64,2021-10-07 07:25:25,6500.0,100.0,793900.0
65,2021-10-07 07:24:58,6490.0,1000.0,793800.0
66,2021-10-07 07:24:51,6490.0,100.0,792800.0
67,2021-10-07 07:22:47,6490.0,100.0,792700.0
68,2021-10-07 07:22:47,6490.0,1000.0,792600.0
69,2021-10-07 07:22:47,6490.0,300.0,791600.0
70,2021-10-07 07:22:45,6490.0,300.0,791300.0
71,2021-10-07 07:22:40,6480.0,500.0,791000.0
72,2021-10-07 07:22:35,6490.0,200.0,790500.0
73,2021-10-07 07:21:59,6480.0,1000.0,790300.0
74,2021-10-07 07:21:59,6480.0,1400.0,789300.0
75,2021-10-07 07:21:27,6480.0,300.0,787900.0
76,2021-10-07 07:21:27,6480.0,100.0,787600.0
77,2021-10-07 07:21:03,6480.0,200.0,787500.0
78,2021-10-07 07:20:50,6480.0,100.0,787300.0
79,2021-10-07 07:20:35,6480.0,100.0,787200.0
80,2021-10-07 07:20:31,6480.0,500.0,787100.0
81,2021-10-07 07:20:23,6480.0,100.0,786600.0
82,2021-10-07 07:19:19,6480.0,400.0,786500.0
83,2021-10-07 07:16:16,6450.0,1000.0,786100.0
84,2021-10-07 07:16:16,6450.0,100.0,785100.0
85,2021-10-07 07:16:16,6450.0,500.0,785000.0
86,2021-10-07 07:16:16,6450.0,200.0,784500.0
87,2021-10-07 07:16:16,6450.0,100.0,784300.0
88,2021-10-07 07:16:16,6450.0,1000.0,784200.0
89,2021-10-07 07:16:16,6450.0,100.0,783200.0
90,2021-10-07 07:16:16,6450.0,200.0,783100.0
91,2021-10-07 07:16:16,6450.0,5100.0,782900.0
92,2021-10-07 07:15:52,6450.0,6000.0,777800.0
93,2021-10-07 07:15:35,6440.0,100.0,771800.0
94,2021-10-07 07:14:06,6450.0,500.0,771700.0
95,2021-10-07 07:12:24,6450.0,2000.0,771200.0
96,2021-10-07 07:08:41,6450.0,100.0,769200.0
97,2021-10-07 07:08:39,6440.0,700.0,769100.0
98,2021-10-07 07:08:39,6440.0,4300.0,768400.0
99,2021-10-07 07:08:06,6450.0,100.0,764100.0
100,2021-10-07 07:07:27,6450.0,1000.0,764000.0
101,2021-10-07 07:03:17,6450.0,100.0,763000.0
102,2021-10-07 07:03:07,6450.0,500.0,762900.0
103,2021-10-07 07:03:07,6450.0,2000.0,762400.0
104,2021-10-07 07:03:07,6450.0,15000.0,760400.0
105,2021-10-07 07:03:07,6460.0,500.0,745400.0
106,2021-10-07 07:03:07,6460.0,15000.0,744900.0
107,2021-10-07 07:03:07,6460.0,100.0,729900.0
108,2021-10-07 07:03:07,6460.0,100.0,729800.0
109,2021-10-07 07:03:07,6460.0,100.0,729700.0
110,2021-10-07 07:03:07,6460.0,100.0,729600.0
111,2021-10-07 07:03:07,6460.0,100.0,729500.0
112,2021-10-07 07:03:07,6460.0,1600.0,729400.0
113,2021-10-07 07:00:25,6460.0,3400.0,727800.0
114,2021-10-07 07:00:25,6460.0,100.0,724400.0
115,2021-10-07 07:00:25,6460.0,1600.0,724300.0
116,2021-10-07 07:00:25,6470.0,4900.0,722700.0
117,2021-10-07 06:58:52,6460.0,2600.0,717800.0
118,2021-10-07 06:58:44,6480.0,16800.0,715200.0
119,2021-10-07 06:58:44,6480.0,500.0,698400.0
120,2021-10-07 06:58:44,6470.0,200.0,697900.0
121,2021-10-07 06:58:44,6470.0,2500.0,697700.0
122,2021-10-07 06:58:00,6460.0,4400.0,695200.0
123,2021-10-07 06:58:00,6460.0,200.0,690800.0
124,2021-10-07 06:58:00,6460.0,1200.0,690600.0
125,2021-10-07 06:57:43,6460.0,300.0,689400.0
126,2021-10-07 06:57:41,6460.0,500.0,689100.0
127,2021-10-07 06:57:36,6460.0,1000.0,688600.0
128,2021-10-07 06:56:54,6460.0,3000.0,687600.0
129,2021-10-07 06:55:51,6450.0,1000.0,684600.0
130,2021-10-07 06:55:51,6450.0,1000.0,683600.0
131,2021-10-07 06:55:51,6450.0,2600.0,682600.0
132,2021-10-07 06:55:27,6450.0,2000.0,680000.0
133,2021-10-07 06:55:18,6450.0,100.0,678000.0
134,2021-10-07 06:55:18,6450.0,3900.0,677900.0
135,2021-10-07 06:54:41,6450.0,100.0,674000.0
136,2021-10-07 06:54:09,6440.0,400.0,673900.0
137,2021-10-07 06:53:45,6440.0,1000.0,673500.0
138,2021-10-07 06:52:28,6440.0,600.0,672500.0
139,2021-10-07 06:51:11,6440.0,100.0,671900.0
140,2021-10-07 06:51:11,6440.0,3100.0,671800.0
141,2021-10-07 06:51:11,6440.0,1000.0,668700.0
142,2021-10-07 06:51:11,6440.0,300.0,667700.0
143,2021-10-07 06:51:11,6440.0,300.0,667400.0
144,2021-10-07 06:51:11,6440.0,100.0,667100.0
145,2021-10-07 06:51:11,6440.0,300.0,667000.0
146,2021-10-07 06:51:11,6440.0,100.0,666700.0
147,2021-10-07 06:51:11,6440.0,1000.0,666600.0
148,2021-10-07 06:51:11,6440.0,100.0,665600.0
149,2021-10-07 06:51:11,6440.0,1400.0,665500.0
150,2021-10-07 06:50:29,6450.0,300.0,664100.0
151,2021-10-07 06:49:40,6450.0,200.0,663800.0
152,2021-10-07 06:49:13,6450.0,700.0,663600.0
153,2021-10-07 06:47:32,6450.0,1000.0,662900.0
154,2021-10-07 06:46:10,6450.0,100.0,661900.0
155,2021-10-07 06:46:09,6450.0,200.0,661800.0
156,2021-10-07 06:46:06,6450.0,200.0,661600.0
157,2021-10-07 06:45:15,6450.0,100.0,661400.0
158,2021-10-07 06:45:15,6450.0,2900.0,661300.0
159,2021-10-07 06:44:52,6450.0,200.0,658400.0
160,2021-10-07 06:44:40,6450.0,100.0,658200.0
161,2021-10-07 06:44:39,6450.0,2000.0,658100.0
162,2021-10-07 06:44:39,6450.0,4800.0,656100.0
163,2021-10-07 06:44:04,6450.0,1000.0,651300.0
164,2021-10-07 06:44:04,6450.0,600.0,650300.0
165,2021-10-07 06:44:03,6450.0,10000.0,649700.0
166,2021-10-07 06:43:58,6450.0,2000.0,639700.0
167,2021-10-07 06:43:53,6450.0,3100.0,637700.0
168,2021-10-07 06:43:13,6450.0,1200.0,634600.0
169,2021-10-07 06:42:43,6450.0,2000.0,633400.0
170,2021-10-07 06:42:29,6450.0,2800.0,631400.0
171,2021-10-07 06:42:28,6450.0,1000.0,628600.0
172,2021-10-07 06:41:45,6450.0,5000.0,627600.0
173,2021-10-07 06:41:43,6450.0,1000.0,622600.0
174,2021-10-07 06:41:43,6450.0,10000.0,621600.0
175,2021-10-07 06:41:43,6450.0,2100.0,611600.0
176,2021-10-07 06:41:43,6450.0,400.0,609500.0
177,2021-10-07 06:41:43,6450.0,1900.0,609100.0
178,2021-10-07 06:41:07,6450.0,200.0,607200.0
179,2021-10-07 06:40:44,6450.0,900.0,607000.0
180,2021-10-07 06:40:32,6450.0,600.0,606100.0
181,2021-10-07 06:40:02,6450.0,400.0,605500.0
182,2021-10-07 06:40:02,6450.0,1000.0,605100.0
183,2021-10-07 06:40:02,6450.0,500.0,604100.0
184,2021-10-07 06:40:02,6450.0,100.0,603600.0
185,2021-10-07 06:39:43,6440.0,400.0,603500.0
186,2021-10-07 06:39:27,6440.0,500.0,603100.0
187,2021-10-07 06:39:27,6440.0,1000.0,602600.0
188,2021-10-07 06:39:27,6440.0,700.0,601600.0
189,2021-10-07 06:39:02,6440.0,200.0,600900.0
190,2021-10-07 06:38:33,6440.0,200.0,600700.0
191,2021-10-07 06:37:26,6440.0,100.0,600500.0
192,2021-10-07 06:36:41,6440.0,500.0,600400.0
193,2021-10-07 06:35:00,6440.0,1000.0,599900.0
194,2021-10-07 06:35:00,6440.0,800.0,598900.0
195,2021-10-07 06:33:49,6400.0,8000.0,598100.0
196,2021-10-07 06:32:10,6400.0,500.0,590100.0
197,2021-10-07 06:31:58,6400.0,200.0,589600.0
198,2021-10-07 06:31:58,6400.0,1000.0,589400.0
199,2021-10-07 06:31:58,6400.0,3200.0,588400.0
200,2021-10-07 06:31:51,6400.0,900.0,585200.0
201,2021-10-07 06:31:17,6400.0,5900.0,584300.0
202,2021-10-07 06:30:59,6400.0,500.0,578400.0
203,2021-10-07 06:30:42,6400.0,1900.0,577900.0
204,2021-10-07 06:30:42,6400.0,100.0,576000.0
205,2021-10-07 06:30:40,6400.0,500.0,575900.0
206,2021-10-07 06:30:16,6400.0,800.0,575400.0
207,2021-10-07 06:30:04,6400.0,1000.0,574600.0
208,2021-10-07 06:29:44,6400.0,200.0,573600.0
209,2021-10-07 06:28:55,6400.0,400.0,573400.0
210,2021-10-07 06:28:47,6400.0,200.0,573000.0
211,2021-10-07 06:28:07,6400.0,100.0,572800.0
212,2021-10-07 06:27:43,6420.0,700.0,572700.0
213,2021-10-07 06:27:43,6410.0,500.0,572000.0
214,2021-10-07 06:27:43,6400.0,200.0,571500.0
215,2021-10-07 06:27:29,6400.0,800.0,571300.0
216,2021-10-07 06:27:29,6400.0,2000.0,570500.0
217,2021-10-07 06:27:29,6400.0,8600.0,568500.0
218,2021-10-07 06:27:29,6400.0,3000.0,559900.0
219,2021-10-07 06:27:29,6400.0,2000.0,556900.0
220,2021-10-07 06:27:29,6400.0,2300.0,554900.0
221,2021-10-07 06:27:29,6400.0,100.0,552600.0
222,2021-10-07 06:27:29,6400.0,100.0,552500.0
223,2021-10-07 06:27:29,6400.0,500.0,552400.0
224,2021-10-07 06:27:29,6400.0,200.0,551900.0
225,2021-10-07 06:27:29,6400.0,200.0,551700.0
226,2021-10-07 06:27:05,6410.0,500.0,551500.0
227,2021-10-07 06:27:05,6410.0,2100.0,551000.0
228,2021-10-07 06:27:05,6410.0,1000.0,548900.0
229,2021-10-07 06:27:05,6410.0,900.0,547900.0
230,2021-10-07 06:26:40,6420.0,2000.0,547000.0
231,2021-10-07 06:26:30,6420.0,200.0,545000.0
232,2021-10-07 06:26:08,6420.0,100.0,544800.0
233,2021-10-07 06:25:57,6420.0,2700.0,544700.0
234,2021-10-07 06:24:10,6440.0,100.0,542000.0
235,2021-10-07 06:23:19,6440.0,100.0,541900.0
236,2021-10-07 06:21:34,6450.0,2000.0,541800.0
237,2021-10-07 06:21:34,6450.0,600.0,539800.0
238,2021-10-07 06:21:34,6450.0,300.0,539200.0
239,2021-10-07 06:21:34,6450.0,1900.0,538900.0
240,2021-10-07 06:21:30,6450.0,100.0,537000.0
241,2021-10-07 06:20:58,6460.0,3000.0,536900.0
242,2021-10-07 06:20:58,6460.0,500.0,533900.0
243,2021-10-07 06:20:58,6460.0,100.0,533400.0
244,2021-10-07 06:20:58,6460.0,3600.0,533300.0
245,2021-10-07 06:20:48,6460.0,1400.0,529700.0
246,2021-10-07 06:20:48,6460.0,600.0,528300.0
247,2021-10-07 06:20:48,6460.0,1000.0,527700.0
248,2021-10-07 06:20:48,6460.0,500.0,526700.0
249,2021-10-07 06:20:48,6460.0,2000.0,526200.0
250,2021-10-07 06:20:48,6460.0,500.0,524200.0
251,2021-10-07 06:19:54,6480.0,500.0,523700.0
252,2021-10-07 06:19:50,6480.0,300.0,523200.0
253,2021-10-07 06:19:32,6480.0,300.0,522900.0
254,2021-10-07 06:19:30,6480.0,1400.0,522600.0
255,2021-10-07 06:19:12,6480.0,300.0,521200.0
256,2021-10-07 06:19:12,6470.0,1000.0,520900.0
257,2021-10-07 06:18:59,6470.0,2000.0,519900.0
258,2021-10-07 06:18:59,6470.0,5000.0,517900.0
259,2021-10-07 06:18:44,6480.0,300.0,512900.0
260,2021-10-07 06:18:44,6480.0,1900.0,512600.0
261,2021-10-07 06:18:44,6480.0,500.0,510700.0
262,2021-10-07 06:18:44,6480.0,1300.0,510200.0
263,2021-10-07 06:18:10,6480.0,3700.0,508900.0
264,2021-10-07 06:18:10,6480.0,1300.0,505200.0
265,2021-10-07 06:18:00,6480.0,200.0,503900.0
266,2021-10-07 06:17:56,6480.0,500.0,503700.0
267,2021-10-07 06:17:49,6480.0,500.0,503200.0
268,2021-10-07 06:17:25,6480.0,200.0,502700.0
269,2021-10-07 06:17:13,6490.0,300.0,502500.0
270,2021-10-07 06:17:13,6490.0,200.0,502200.0
271,2021-10-07 06:14:57,6490.0,100.0,502000.0
272,2021-10-07 06:12:35,6480.0,300.0,501900.0
273,2021-10-07 06:11:04,6490.0,900.0,501600.0
274,2021-10-07 06:10:00,6490.0,10000.0,500700.0
275,2021-10-07 06:10:00,6490.0,5000.0,490700.0
276,2021-10-07 06:10:00,6490.0,3300.0,485700.0
277,2021-10-07 06:10:00,6500.0,500.0,482400.0
278,2021-10-07 06:09:58,6500.0,700.0,481900.0
279,2021-10-07 06:09:58,6500.0,100.0,481200.0
280,2021-10-07 06:09:48,6500.0,3100.0,481100.0
281,2021-10-07 06:09:48,6500.0,1900.0,478000.0
282,2021-10-07 06:09:41,6510.0,200.0,476100.0
283,2021-10-07 06:09:27,6500.0,400.0,475900.0
284,2021-10-07 06:09:27,6500.0,600.0,475500.0
285,2021-10-07 06:08:52,6520.0,2000.0,474900.0
286,2021-10-07 06:08:18,6520.0,10000.0,472900.0
287,2021-10-07 06:08:16,6500.0,300.0,462900.0
288,2021-10-07 06:07:00,6500.0,4100.0,462600.0
289,2021-10-07 06:07:00,6500.0,500.0,458500.0
290,2021-10-07 06:07:00,6500.0,4800.0,458000.0
291,2021-10-07 06:07:00,6520.0,600.0,453200.0
292,2021-10-07 06:06:51,6520.0,400.0,452600.0
293,2021-10-07 06:06:07,6520.0,1600.0,452200.0
294,2021-10-07 06:06:07,6520.0,1400.0,450600.0
295,2021-10-07 06:05:06,6520.0,100.0,449200.0
296,2021-10-07 06:04:15,6500.0,200.0,449100.0
297,2021-10-07 06:04:01,6500.0,300.0,448900.0
298,2021-10-07 06:04:01,6500.0,200.0,448600.0
299,2021-10-07 06:04:01,6500.0,100.0,448400.0
300,2021-10-07 06:04:01,6500.0,3000.0,448300.0
301,2021-10-07 06:04:01,6500.0,300.0,445300.0
302,2021-10-07 06:04:01,6500.0,2100.0,445000.0
303,2021-10-07 06:04:01,6500.0,1000.0,442900.0
304,2021-10-07 06:04:01,6500.0,3000.0,441900.0
305,2021-10-07 06:03:59,6500.0,2000.0,438900.0
306,2021-10-07 06:03:59,6500.0,500.0,436900.0
307,2021-10-07 06:03:58,6500.0,2000.0,436400.0
308,2021-10-07 06:03:45,6500.0,2000.0,434400.0
309,2021-10-07 06:03:33,6500.0,8000.0,432400.0
310,2021-10-07 06:03:30,6500.0,1200.0,424400.0
311,2021-10-07 06:03:24,6500.0,10000.0,423200.0
312,2021-10-07 06:03:20,6500.0,600.0,413200.0
313,2021-10-07 06:03:16,6500.0,2000.0,412600.0
314,2021-10-07 06:03:12,6500.0,2700.0,410600.0
315,2021-10-07 06:03:10,6500.0,3000.0,407900.0
316,2021-10-07 06:03:01,6500.0,15000.0,404900.0
317,2021-10-07 06:02:46,6490.0,200.0,389900.0
318,2021-10-07 06:02:20,6500.0,1000.0,389700.0
319,2021-10-07 06:02:12,6500.0,100.0,388700.0
320,2021-10-07 06:02:02,6500.0,800.0,388600.0
321,2021-10-07 06:01:58,6500.0,1600.0,387800.0
322,2021-10-07 06:01:58,6500.0,400.0,386200.0
323,2021-10-07 06:01:43,6500.0,500.0,385800.0
324,2021-10-07 06:01:35,6500.0,900.0,385300.0
325,2021-10-07 06:01:33,6500.0,900.0,384400.0
326,2021-10-07 06:00:46,6500.0,2300.0,383500.0
327,2021-10-07 06:00:46,6500.0,200.0,381200.0
328,2021-10-07 06:00:15,6490.0,300.0,381000.0
329,2021-10-07 06:00:10,6490.0,1200.0,380700.0
330,2021-10-07 06:00:07,6490.0,200.0,379500.0
331,2021-10-07 06:00:05,6490.0,2000.0,379300.0
332,2021-10-07 06:00:05,6490.0,2000.0,377300.0
333,2021-10-07 06:00:03,6490.0,1000.0,375300.0
334,2021-10-07 06:00:02,6490.0,1600.0,374300.0
335,2021-10-07 06:00:02,6490.0,3100.0,372700.0
336,2021-10-07 06:00:02,6490.0,300.0,369600.0
337,2021-10-07 06:00:01,6490.0,1700.0,369300.0
338,2021-10-07 06:00:01,6490.0,1300.0,367600.0
339,2021-10-07 06:00:01,6490.0,700.0,366300.0
340,2021-10-07 06:00:01,6490.0,400.0,365600.0
341,2021-10-07 06:00:01,6490.0,1400.0,365200.0
342,2021-10-07 06:00:01,6480.0,1500.0,363800.0
343,2021-10-07 06:00:01,6480.0,500.0,362300.0
344,2021-10-07 06:00:01,6460.0,300.0,361800.0
345,2021-10-07 06:00:01,6470.0,200.0,361500.0
346,2021-10-07 06:00:01,6490.0,100.0,361300.0
347,2021-10-07 06:00:01,6490.0,100.0,361200.0
348,2021-10-07 04:29:35,6490.0,300.0,361100.0
349,2021-10-07 04:29:25,6490.0,100.0,360800.0
350,2021-10-07 04:29:23,6480.0,100.0,360700.0
351,2021-10-07 04:29:21,6480.0,100.0,360600.0
352,2021-10-07 04:29:09,6460.0,100.0,360500.0
353,2021-10-07 04:28:16,6460.0,100.0,360400.0
354,2021-10-07 04:28:16,6460.0,600.0,360300.0
355,2021-10-07 04:28:16,6460.0,800.0,359700.0
356,2021-10-07 04:28:03,6460.0,100.0,358900.0
357,2021-10-07 04:27:47,6460.0,100.0,358800.0
358,2021-10-07 04:27:11,6450.0,100.0,358700.0
359,2021-10-07 04:27:09,6450.0,1000.0,358600.0
360,2021-10-07 04:27:09,6450.0,2000.0,357600.0
361,2021-10-07 04:27:06,6450.0,2000.0,355600.0
362,2021-10-07 04:27:03,6440.0,100.0,353600.0
363,2021-10-07 04:27:02,6450.0,5000.0,353500.0
364,2021-10-07 04:27:00,6450.0,600.0,348500.0
365,2021-10-07 04:27:00,6450.0,1000.0,347900.0
366,2021-10-07 04:26:44,6440.0,100.0,346900.0
367,2021-10-07 04:26:30,6440.0,100.0,346800.0
368,2021-10-07 04:26:24,6440.0,100.0,346700.0
369,2021-10-07 04:26:23,6440.0,100.0,346600.0
370,2021-10-07 04:26:23,6440.0,1500.0,346500.0
371,2021-10-07 04:26:23,6440.0,300.0,345000.0
372,2021-10-07 04:26:19,6430.0,300.0,344700.0
373,2021-10-07 04:25:45,6420.0,300.0,344400.0
374,2021-10-07 04:25:36,6410.0,100.0,344100.0
375,2021-10-07 04:25:26,6420.0,700.0,344000.0
376,2021-10-07 04:25:26,6420.0,2300.0,343300.0
377,2021-10-07 04:25:08,6420.0,700.0,341000.0
378,2021-10-07 04:25:08,6420.0,300.0,340300.0
379,2021-10-07 04:25:07,6420.0,700.0,340000.0
380,2021-10-07 04:25:01,6420.0,1000.0,339300.0
381,2021-10-07 04:24:59,6420.0,3000.0,338300.0
382,2021-10-07 04:24:37,6410.0,100.0,335300.0
383,2021-10-07 04:24:01,6400.0,200.0,335200.0
384,2021-10-07 04:23:48,6400.0,500.0,335000.0
385,2021-10-07 04:23:48,6400.0,1000.0,334500.0
386,2021-10-07 04:23:46,6390.0,100.0,333500.0
387,2021-10-07 04:23:42,6400.0,9000.0,333400.0
388,2021-10-07 04:23:42,6400.0,500.0,324400.0
389,2021-10-07 04:23:42,6400.0,1000.0,323900.0
390,2021-10-07 04:23:42,6400.0,4500.0,322900.0
391,2021-10-07 04:23:24,6400.0,100.0,318400.0
392,2021-10-07 04:23:22,6400.0,100.0,318300.0
393,2021-10-07 04:23:20,6400.0,100.0,318200.0
394,2021-10-07 04:23:11,6390.0,100.0,318100.0
395,2021-10-07 04:22:44,6400.0,10000.0,318000.0
396,2021-10-07 04:22:41,6390.0,100.0,308000.0
397,2021-10-07 04:22:31,6400.0,1900.0,307900.0
398,2021-10-07 04:22:31,6400.0,100.0,306000.0
399,2021-10-07 04:22:16,6400.0,900.0,305900.0
400,2021-10-07 04:22:16,6400.0,500.0,305000.0
401,2021-10-07 04:22:16,6400.0,3600.0,304500.0
402,2021-10-07 04:22:06,6400.0,1400.0,300900.0
403,2021-10-07 04:22:06,6400.0,3000.0,299500.0
404,2021-10-07 04:22:06,6400.0,2000.0,296500.0
405,2021-10-07 04:22:06,6390.0,3600.0,294500.0
406,2021-10-07 04:22:02,6390.0,5100.0,290900.0
407,2021-10-07 04:22:02,6380.0,4900.0,285800.0
408,2021-10-07 04:22:01,6380.0,100.0,280900.0
409,2021-10-07 04:22:01,6380.0,100.0,280800.0
410,2021-10-07 04:20:26,6390.0,1300.0,280700.0
411,2021-10-07 04:20:26,6390.0,1000.0,279400.0
412,2021-10-07 04:20:26,6390.0,1500.0,278400.0
413,2021-10-07 04:20:26,6390.0,200.0,276900.0
414,2021-10-07 04:19:58,6390.0,100.0,276700.0
415,2021-10-07 04:19:57,6380.0,1000.0,276600.0
416,2021-10-07 04:19:51,6380.0,600.0,275600.0
417,2021-10-07 04:19:43,6370.0,100.0,275000.0
418,2021-10-07 04:19:38,6380.0,400.0,274900.0
419,2021-10-07 04:19:12,6370.0,1000.0,274500.0
420,2021-10-07 04:18:54,6360.0,100.0,273500.0
421,2021-10-07 04:18:54,6360.0,300.0,273400.0
422,2021-10-07 04:18:48,6360.0,800.0,273100.0
423,2021-10-07 04:18:48,6360.0,200.0,272300.0
424,2021-10-07 04:18:40,6360.0,800.0,272100.0
425,2021-10-07 04:18:40,6360.0,200.0,271300.0
426,2021-10-07 04:18:32,6360.0,200.0,271100.0
427,2021-10-07 04:18:32,6360.0,1800.0,270900.0
428,2021-10-07 04:14:50,6360.0,3000.0,269100.0
429,2021-10-07 04:13:05,6360.0,200.0,266100.0
430,2021-10-07 04:13:05,6360.0,200.0,265900.0
431,2021-10-07 04:13:05,6350.0,100.0,265700.0
432,2021-10-07 04:12:54,6350.0,200.0,265600.0
433,2021-10-07 04:12:46,6350.0,700.0,265400.0
434,2021-10-07 04:12:46,6350.0,100.0,264700.0
435,2021-10-07 04:12:46,6350.0,900.0,264600.0
436,2021-10-07 04:12:39,6350.0,1500.0,263700.0
437,2021-10-07 04:12:33,6350.0,1500.0,262200.0
438,2021-10-07 04:12:32,6350.0,400.0,260700.0
439,2021-10-07 04:12:24,6350.0,500.0,260300.0
440,2021-10-07 04:12:16,6350.0,100.0,259800.0
441,2021-10-07 04:12:10,6350.0,100.0,259700.0
442,2021-10-07 04:12:01,6350.0,1300.0,259600.0
443,2021-10-07 04:11:53,6350.0,9000.0,258300.0
444,2021-10-07 04:11:53,6350.0,1000.0,249300.0
445,2021-10-07 04:11:46,6350.0,700.0,248300.0
446,2021-10-07 04:11:36,6350.0,200.0,247600.0
447,2021-10-07 04:11:23,6350.0,100.0,247400.0
448,2021-10-07 04:11:09,6350.0,8000.0,247300.0
449,2021-10-07 04:11:09,6350.0,17000.0,239300.0
450,2021-10-07 04:11:07,6350.0,3000.0,222300.0
451,2021-10-07 04:10:15,6340.0,1700.0,219300.0
452,2021-10-07 04:10:15,6340.0,600.0,217600.0
453,2021-10-07 04:09:50,6340.0,1000.0,217000.0
454,2021-10-07 04:07:59,6340.0,1000.0,216000.0
455,2021-10-07 04:07:32,6340.0,4100.0,215000.0
456,2021-10-07 04:07:17,6340.0,300.0,210900.0
457,2021-10-07 04:06:58,6340.0,200.0,210600.0
458,2021-10-07 04:05:51,6340.0,500.0,210400.0
459,2021-10-07 04:05:51,6340.0,800.0,209900.0
460,2021-10-07 04:05:47,6330.0,200.0,209100.0
461,2021-10-07 04:05:47,6330.0,100.0,208900.0
462,2021-10-07 04:05:47,6320.0,3600.0,208800.0
463,2021-10-07 04:04:09,6320.0,16400.0,205200.0
464,2021-10-07 04:04:09,6320.0,100.0,188800.0
465,2021-10-07 04:04:09,6320.0,5800.0,188700.0
466,2021-10-07 04:04:09,6310.0,2700.0,182900.0
467,2021-10-07 04:02:20,6310.0,1000.0,180200.0
468,2021-10-07 04:01:28,6310.0,100.0,179200.0
469,2021-10-07 04:01:28,6310.0,200.0,179100.0
470,2021-10-07 04:00:11,6310.0,1200.0,178900.0
471,2021-10-07 03:58:55,6310.0,500.0,177700.0
472,2021-10-07 03:55:55,6310.0,1000.0,177200.0
473,2021-10-07 03:55:55,6310.0,100.0,176200.0
474,2021-10-07 03:54:43,6310.0,100.0,176100.0
475,2021-10-07 03:54:43,6310.0,2900.0,176000.0
476,2021-10-07 03:54:07,6310.0,100.0,173100.0
477,2021-10-07 03:50:53,6300.0,2000.0,173000.0
478,2021-10-07 03:50:53,6300.0,3000.0,171000.0
479,2021-10-07 03:50:49,6300.0,300.0,168000.0
480,2021-10-07 03:50:49,6300.0,1000.0,167700.0
481,2021-10-07 03:50:49,6300.0,200.0,166700.0
482,2021-10-07 03:50:05,6300.0,500.0,166500.0
483,2021-10-07 03:50:04,6290.0,900.0,166000.0
484,2021-10-07 03:50:04,6290.0,100.0,165100.0
485,2021-10-07 03:47:35,6300.0,100.0,165000.0
486,2021-10-07 03:47:23,6300.0,100.0,164900.0
487,2021-10-07 03:47:13,6290.0,900.0,164800.0
488,2021-10-07 03:47:13,6290.0,2000.0,163900.0
489,2021-10-07 03:47:13,6290.0,1000.0,161900.0
490,2021-10-07 03:47:13,6290.0,100.0,160900.0
491,2021-10-07 03:47:13,6290.0,600.0,160800.0
492,2021-10-07 03:47:13,6290.0,100.0,160200.0
493,2021-10-07 03:47:13,6290.0,100.0,160100.0
494,2021-10-07 03:47:13,6290.0,200.0,160000.0
495,2021-10-07 03:47:00,6300.0,100.0,159800.0
496,2021-10-07 03:46:32,6300.0,300.0,159700.0
497,2021-10-07 03:43:27,6290.0,100.0,159400.0
498,2021-10-07 03:43:24,6300.0,100.0,159300.0
499,2021-10-07 03:43:15,6300.0,200.0,159200.0
500,2021-10-07 03:42:59,6300.0,900.0,159000.0
501,2021-10-07 03:42:54,6300.0,1000.0,158100.0
502,2021-10-07 03:42:43,6300.0,1000.0,157100.0
503,2021-10-07 03:42:43,6300.0,500.0,156100.0
504,2021-10-07 03:42:35,6300.0,1200.0,155600.0
505,2021-10-07 03:42:23,6300.0,900.0,154400.0
506,2021-10-07 03:42:16,6300.0,300.0,153500.0
507,2021-10-07 03:38:58,6290.0,700.0,153200.0
508,2021-10-07 03:38:58,6290.0,500.0,152500.0
509,2021-10-07 03:38:58,6290.0,1000.0,152000.0
510,2021-10-07 03:38:58,6290.0,2000.0,151000.0
511,2021-10-07 03:38:58,6290.0,800.0,149000.0
512,2021-10-07 03:34:22,6300.0,500.0,148200.0
513,2021-10-07 03:30:18,6300.0,1500.0,147700.0
514,2021-10-07 03:29:42,6300.0,1000.0,146200.0
515,2021-10-07 03:27:54,6300.0,1000.0,145200.0
516,2021-10-07 03:26:22,6300.0,1000.0,144200.0
517,2021-10-07 03:26:22,6300.0,1000.0,143200.0
518,2021-10-07 03:23:33,6300.0,3000.0,142200.0
519,2021-10-07 03:22:29,6300.0,1000.0,139200.0
520,2021-10-07 03:22:29,6300.0,100.0,138200.0
521,2021-10-07 03:22:29,6300.0,2000.0,138100.0
522,2021-10-07 03:22:29,6300.0,1000.0,136100.0
523,2021-10-07 03:22:29,6300.0,200.0,135100.0
524,2021-10-07 03:22:29,6300.0,700.0,134900.0
525,2021-10-07 03:22:18,6300.0,300.0,134200.0
526,2021-10-07 03:22:18,6300.0,100.0,133900.0
527,2021-10-07 03:22:18,6300.0,1400.0,133800.0
528,2021-10-07 03:22:18,6310.0,100.0,132400.0
529,2021-10-07 03:22:18,6310.0,100.0,132300.0
530,2021-10-07 03:21:06,6310.0,500.0,132200.0
531,2021-10-07 03:21:06,6310.0,900.0,131700.0
532,2021-10-07 03:21:06,6310.0,500.0,130800.0
533,2021-10-07 03:21:06,6310.0,100.0,130300.0
534,2021-10-07 03:20:34,6310.0,100.0,130200.0
535,2021-10-07 03:20:25,6310.0,200.0,130100.0
536,2021-10-07 03:20:22,6310.0,1000.0,129900.0
537,2021-10-07 03:18:00,6310.0,100.0,128900.0
538,2021-10-07 03:14:04,6300.0,600.0,128800.0
539,2021-10-07 03:12:48,6300.0,100.0,128200.0
540,2021-10-07 03:12:48,6300.0,300.0,128100.0
541,2021-10-07 03:11:45,6300.0,500.0,127800.0
542,2021-10-07 03:11:45,6300.0,2500.0,127300.0
543,2021-10-07 03:11:45,6310.0,2000.0,124800.0
544,2021-10-07 03:09:35,6300.0,500.0,122800.0
545,2021-10-07 03:08:02,6300.0,200.0,122300.0
546,2021-10-07 03:06:47,6300.0,2000.0,122100.0
547,2021-10-07 03:06:25,6300.0,800.0,120100.0
548,2021-10-07 03:05:10,6300.0,1000.0,119300.0
549,2021-10-07 03:05:10,6300.0,200.0,118300.0
550,2021-10-07 03:03:50,6300.0,400.0,118100.0
551,2021-10-07 03:03:36,6300.0,400.0,117700.0
552,2021-10-07 03:03:36,6300.0,1600.0,117300.0
553,2021-10-07 03:03:35,6300.0,200.0,115700.0
554,2021-10-07 03:02:44,6300.0,1300.0,115500.0
555,2021-10-07 03:02:44,6300.0,1000.0,114200.0
556,2021-10-07 03:02:44,6300.0,900.0,113200.0
557,2021-10-07 03:02:07,6300.0,100.0,112300.0
558,2021-10-07 03:01:53,6300.0,1000.0,112200.0
559,2021-10-07 03:01:53,6300.0,1000.0,111200.0
560,2021-10-07 03:01:53,6300.0,300.0,110200.0
561,2021-10-07 03:01:53,6300.0,500.0,109900.0
562,2021-10-07 03:01:53,6300.0,2200.0,109400.0
563,2021-10-07 03:00:49,6320.0,200.0,107200.0
564,2021-10-07 02:58:03,6300.0,1800.0,107000.0
565,2021-10-07 02:58:03,6300.0,1000.0,105200.0
566,2021-10-07 02:58:03,6300.0,600.0,104200.0
567,2021-10-07 02:58:03,6300.0,900.0,103600.0
568,2021-10-07 02:58:03,6300.0,500.0,102700.0
569,2021-10-07 02:58:03,6300.0,600.0,102200.0
570,2021-10-07 02:58:03,6300.0,300.0,101600.0
571,2021-10-07 02:58:03,6300.0,500.0,101300.0
572,2021-10-07 02:58:03,6300.0,1800.0,100800.0
573,2021-10-07 02:57:19,6320.0,24000.0,99000.0
574,2021-10-07 02:57:19,6320.0,1000.0,75000.0
575,2021-10-07 02:56:58,6300.0,200.0,74000.0
576,2021-10-07 02:56:58,6300.0,100.0,73800.0
577,2021-10-07 02:56:58,6300.0,200.0,73700.0
578,2021-10-07 02:56:48,6320.0,1000.0,73500.0
579,2021-10-07 02:50:13,6320.0,600.0,72500.0
580,2021-10-07 02:50:13,6310.0,100.0,71900.0
581,2021-10-07 02:49:27,6320.0,2300.0,71800.0
582,2021-10-07 02:49:12,6320.0,900.0,69500.0
583,2021-10-07 02:48:33,6310.0,1000.0,68600.0
584,2021-10-07 02:44:27,6300.0,100.0,67600.0
585,2021-10-07 02:43:07,6300.0,100.0,67500.0
586,2021-10-07 02:41:43,6300.0,1800.0,67400.0
587,2021-10-07 02:40:52,6300.0,2800.0,65600.0
588,2021-10-07 02:40:52,6320.0,200.0,62800.0
589,2021-10-07 02:40:44,6320.0,100.0,62600.0
590,2021-10-07 02:40:40,6300.0,500.0,62500.0
591,2021-10-07 02:40:40,6300.0,1500.0,62000.0
592,2021-10-07 02:40:08,6300.0,100.0,60500.0
593,2021-10-07 02:39:05,6300.0,500.0,60400.0
594,2021-10-07 02:39:05,6300.0,900.0,59900.0
595,2021-10-07 02:38:55,6300.0,1000.0,59000.0
596,2021-10-07 02:38:37,6300.0,100.0,58000.0
597,2021-10-07 02:37:59,6300.0,1000.0,57900.0
598,2021-10-07 02:37:59,6300.0,5000.0,56900.0
599,2021-10-07 02:36:12,6290.0,100.0,51900.0
600,2021-10-07 02:34:45,6250.0,2400.0,51800.0
601,2021-10-07 02:34:45,6250.0,700.0,49400.0
602,2021-10-07 02:34:45,6250.0,1000.0,48700.0
603,2021-10-07 02:34:45,6250.0,900.0,47700.0
604,2021-10-07 02:32:21,6250.0,1100.0,46800.0
605,2021-10-07 02:32:21,6250.0,900.0,45700.0
606,2021-10-07 02:31:54,6250.0,100.0,44800.0
607,2021-10-07 02:30:07,6240.0,900.0,44700.0
608,2021-10-07 02:30:03,6250.0,200.0,43800.0
609,2021-10-07 02:29:57,6250.0,1000.0,43600.0
610,2021-10-07 02:29:57,6250.0,400.0,42600.0
611,2021-10-07 02:28:02,6240.0,1000.0,42200.0
612,2021-10-07 02:28:02,6240.0,900.0,41200.0
613,2021-10-07 02:25:58,6240.0,100.0,40300.0
614,2021-10-07 02:24:45,6210.0,100.0,40200.0
615,2021-10-07 02:24:45,6210.0,200.0,40100.0
616,2021-10-07 02:24:45,6250.0,500.0,39900.0
617,2021-10-07 02:24:45,6290.0,200.0,39400.0
618,2021-10-07 02:24:13,6300.0,3000.0,39200.0
619,2021-10-07 02:24:13,6300.0,600.0,36200.0
620,2021-10-07 02:24:13,6300.0,100.0,35600.0
621,2021-10-07 02:24:13,6300.0,200.0,35500.0
622,2021-10-07 02:24:13,6300.0,100.0,35300.0
623,2021-10-07 02:24:13,6300.0,5000.0,35200.0
624,2021-10-07 02:24:13,6300.0,3500.0,30200.0
625,2021-10-07 02:24:13,6300.0,6900.0,26700.0
626,2021-10-07 02:24:02,6320.0,100.0,19800.0
627,2021-10-07 02:23:38,6330.0,1000.0,19700.0
628,2021-10-07 02:23:09,6340.0,200.0,18700.0
629,2021-10-07 02:22:37,6340.0,500.0,18500.0
630,2021-10-07 02:22:35,6340.0,300.0,18000.0
631,2021-10-07 02:22:19,6340.0,4100.0,17700.0
632,2021-10-07 02:22:19,6340.0,100.0,13600.0
633,2021-10-07 02:22:19,6340.0,400.0,13500.0
634,2021-10-07 02:21:50,6340.0,600.0,13100.0
635,2021-10-07 02:21:50,6340.0,100.0,12500.0
636,2021-10-07 02:21:50,6340.0,100.0,12400.0
637,2021-10-07 02:21:38,6350.0,100.0,12300.0
638,2021-10-07 02:20:24,6350.0,1000.0,12200.0
639,2021-10-07 02:20:07,6350.0,100.0,11200.0
640,2021-10-07 02:20:05,6350.0,800.0,11100.0
641,2021-10-07 02:19:05,6360.0,1300.0,10300.0
642,2021-10-07 02:18:56,6360.0,200.0,9000.0
643,2021-10-07 02:18:56,6360.0,300.0,8800.0
644,2021-10-07 02:17:46,6360.0,300.0,8500.0
645,2021-10-07 02:15:47,6350.0,2000.0,8200.0
646,2021-10-07 02:15:26,6350.0,100.0,6200.0
647,2021-10-07 02:15:00,6350.0,500.0,6100.0
648,2021-10-07 02:15:00,6350.0,4600.0,5600.0
649,2021-10-07 02:15:00,6350.0,400.0,1000.0
650,2021-10-07 02:15:00,6350.0,600.0,600.0
